2978 4644
520 307 522 311 ,
559 261 697 319 (liuerenis
715 263 864 320 Orationes.
1147 265 1208 330 225

184 460 286 544 pesilo
319 462 368 538 (ut
401 463 443 528 sit
482 463 542 527 uel
575 461 839 541 tenuissimus)
872 463 1036 547 superaddi
1067 484 1165 549 neque
1196 466 1251 536 iun

186 567 264 634 leen'
275 567 346 652 peni
366 569 497 650 peteret.

278 674 355 740 illd.
386 673 484 739 intra:
518 674 586 740 sed
618 675 660 738 ut
683 674 773 740 huie
803 677 928 755 lurioe,
964 677 998 742 si
1028 677 1181 744 diutius
1212 677 1250 743 in

186 779 255 844 lrae
290 780 384 846 urbe
495 799 604 864 quam
640 781 776 846 delere
809 785 984 864 superet,
1021 802 1090 848 vox
1124 784 1250 850 inte-r-

180 885 394 952 dieeretnr.
448 885 500 952 Sis
521 885 547 952 Ρ
569 905 588 950 a
607 885 708 970 prima
729 905 833 965 menn,
855 905 951 954 vesun
973 890 1043 970 post
1063 890 1156 955 urbe
1177 909 1250 976 epe-

183 991 247 1070 ti0;
269 992 404 1058 secunda
425 1011 533 1058 manus
555 994 626 1076 pest
656 995 814 1076 cuperet
831 989 956 1058 addidit
977 996 1167 1075 maneret,
1188 1015 1249 1062 nen

186 1100 272 1164 reeta
300 1099 468 1176 sententia;
505 1117 577 1164 nam
609 1098 748 1164 manenti
774 1100 896 1166 tentum
927 1099 1042 1176 (taeitae
1065 1103 1098 1166 et
1123 1102 1249 1184 quieta)

185 1218 243 1270 tex
263 1203 474 1270 interdieenda
495 1223 554 1270 nen
576 1205 651 1270 erut.
701 1203 831 1270 Videtur
864 1204 967 1270 Cicero
996 1206 1172 1289 seripsisse:
1207 1212 1251 1274 ut

187 1309 285 1376 huie
306 1311 433 1386 furiae,
457 1310 489 1378 si
508 1310 665 1376 dlutius
685 1311 725 1374 in
751 1310 820 1376 hae
840 1311 935 1376 urbe
958 1311 1161 1396 quiequam
1182 1311 1250 1378 de·

188 1415 268 1482 lere
290 1419 464 1498 cuperet,
497 1436 566 1483 vox
596 1416 906 1483 interdiceretur
939 1415 1014 1494 (nisi
1041 1419 1147 1482 tamen
1178 1439 1249 1486 eum

183 1521 339 1590 ‚Lembino
368 1523 695 1586 intercluderetur
729 1521 926 1588 scribendum
959 1525 1029 1602 est).
1072 1523 1167 1605 512,
1198 1527 1251 1592 nti

181 1629 306 1694 editum:
349 1631 462 1696 unius
500 1632 537 1696 P.
570 1629 735 1696 Servilii
773 1645 815 1694 ee
850 1627 894 1693 M.
937 1629 1113 1709 Luculli,
1158 1632 1250 1697 seribi

183 1733 282 1800 debet
302 1743 370 1796 aue
389 1735 432 1799 M.
455 1735 543 1800 Luc.

190 1881 193 1887 ι
288 1840 355 1906 Ibd.
391 1841 428 1902 ll
461 1839 604 1924 queniam
630 1839 664 1905 ir
693 1837 848 1904 eedieibus
884 1841 934 1907 est
964 1841 1118 1906 inimiei
1156 1861 1250 1909 een·

183 1945 399 2012 tumeliam
431 1946 497 2011 sine
527 1945 740 2028 praepesitiene
768 1963 826 2010 nee
855 1945 966 2014 Latine
990 1946 1103 2012 dieitur
1122 1969 1247 2034 respon-

183 2051 258 2114 dere
278 2052 311 2112 in
333 2050 543 2114 contumetirm
565 2049 695 2114 alieuius
716 2069 770 2134 pro
792 2069 838 2130 ee,
875 2053 956 2136 qued
979 2055 1027 2118 est
1052 2055 1249 2137 contumelia,

186 2156 354 2222 uidendum
377 2159 434 2233 est,
456 2175 495 2223 ne
519 2157 677 2240 scripserit
698 2157 817 2224 Cicero:
840 2157 990 2224 inimici
1012 2161 1251 2225 contumeliis

186 2266 275 2330 sine
295 2282 362 2330 sus
381 2263 495 2331 leude
517 2263 772 2352 respondere,
794 2263 848 2330 sed
870 2263 966 2330 altero
987 2248 1250 2348 s'omissomon‘-

186 2369 341 2436 tumelii
367 2371 465 2455 sine)
493 2371 575 2436 male
598 2369 747 2454 suppletae
768 2370 882 2436 littere
903 2371 975 2435 sint.

288 2475 356 2541 Ibd.
386 2475 441 2538 25:
488 2475 590 2555 Quid
621 2477 744 2562 magis
773 2475 1015 2558 inquinatum
1172 2479 1251 2545 diei

171 2585 319 2666 petest
333 2600 441 2667 quam
460 2601 571 2648 omne
591 2579 1072 2648 servitium-...literatum
1091 2583 1130 2646 in
1148 2584 1252 2652 alte-

184 2707 266 2752 ram
289 2705 456 2752 seaenam
480 2687 713 2766 immissum,
745 2687 865 2754 alteri
887 2686 1159 2770 prepositum,
1208 2692 1252 2756 ut

183 2793 293 2858 alter
324 2812 530 2860 consessus
552 2792 747 2877 potestati
775 2811 976 2858 serrorum
996 2791 1251 2874 obtineretur,

184 2897 294 2964 alter
315 2917 511 2966 serrorum
532 2901 644 2966 totus
666 2900 790 2964 esset.
834 2896 934 2964 Nemo
957 2898 1076 2974 dixerit,
1098 2914 1165 2982 quae
1186 2899 1252 2966 hae

186 3005 232 3070 ait
254 3005 406 3068 liberatio,
424 3004 558 3082 servitiu
594 3024 630 3072 ae
664 3003 811 3070 mendum
843 3004 904 3086 ipsi
924 3004 1100 3070 monastrant
1121 3006 1252 3082 sedites,

185 3111 220 3174 in
242 3110 351 3194 quibus
373 3113 421 3178 est
441 3111 645 3180 libe-ratus.
681 3108 1112 3176 Poterettettrmvoeabulum
1125 3113 1252 3192 absses3
1312 3105 1320 3134 ⁴

185 3215 246 3282 sed
267 3218 351 3283 nulla
371 3217 469 3284 additi
491 3236 584 3282 eausa
596 3217 762 3300 excogitari
781 3217 892 3300 potest.
935 3215 1048 3298 Itaque
1063 3218 1211 3300 suspicer,
1234 3240 1254 3287 a

157 3328 161 3337 '
186 3321 333 3388 Cicerone
343 3325 493 3409 seriptum
507 3323 602 3390 luisse
617 3321 746 3386 libera
765 3323 815 3401 vi,
839 3341 875 3388 er
890 3341 934 3399 se,
948 3339 1022 3386 eum
1034 3339 1089 3404 pro
1101 3343 1163 3391 una
1181 3345 1253 3394 roes

184 3429 378 3508 (liberavi)
391 3432 551 3514 acceptum
565 3430 843 3514 essetenrrigsnlo
852 3430 960 3494 natum
970 3445 1037 3493 esse
1047 3428 1253 3500 literatus.

291 3537 358 3602 lbd.
381 3536 440 3600 362
487 3535 613 3616 Quare
648 3540 777 3604 autem
815 3535 858 3600 de
886 3533 934 3599 iis
966 3534 1042 3598 diei
1064 3537 1253 3619 suspicer,

186 3641 267 3706 lraee
288 3661 402 3710 eausa
423 3646 496 3720 est,
518 3642 613 3725 qued
634 3641 688 3708 sie
710 3642 852 3717 statue,
876 3641 913 3706 et
933 3639 1031 3704 illud
1052 3641 1090 3706 in
1111 3643 1179 3709 hee
1200 3647 1255 3711 ni-

187 3747 312 3814 vitate
333 3767 416 3814 esse
438 3749 598 3814 maxime
630 3748 788 3814 illustre
819 3747 933 3830 atque
952 3746 1105 3830 insigne
1126 3751 1254 3832 periu-

188 3853 285 3918 rium
321 3857 357 3920 et
388 3854 572 3938 teipsum
594 3856 730 3919 temen·
754 3853 792 3918 in
825 3852 1045 3936 periurium
1064 3851 1116 3936 [et
1135 3855 1174 3919 te
1195 3856 1254 3938 ip·

187 3976 269 4023 sum
300 3961 352 4045 in]
373 3961 493 4045 prime
525 3959 569 4024 ab
590 3959 654 4036 iis,
678 3958 901 4043 quibuscum
923 3955 1152 4037 tenimenti,
1183 3979 1255 4028 nun

187 4066 330 4131 vocari.
379 4065 524 4143 Sublatis,
559 4085 625 4150 quae
650 4065 849 4130 manifestum
872 4065 920 4128 est
942 4079 1041 4128 errore
1063 4062 1110 4128 bis
1136 4066 1253 4151 seripta

259 4171 306 4205 ADV
467 4183 501 4204 ιιι.
523 4171 540 4205 ll
1024 4175 1053 4220 15
