2956 4648
635 295 792 351 Columella.
1144 295 1203 358 521

184 495 416 577 Quamquam
438 493 532 567 ista,
555 511 752 576 quaenuno
774 494 932 573 rettuli,
962 513 1034 559 non
1059 498 1138 560 tam
1160 513 1248 562 vera

184 601 344 684 possunt
365 598 504 676 videri,
536 599 715 682 quamsi
748 599 801 663 sit
833 599 981 682 pullula
1014 601 1137 679 terra,
1171 620 1247 684 quae

183 707 321 771 melius
344 706 534 787 proventu
558 704 706 789 frugum
729 705 981 787 approbatur,
1008 706 1040 771 iu
1063 707 1172 789 quibus
1194 707 1249 772 illa

157 818 295 895 ·'quam
330 811 436 877 sisit
476 809 626 892 pullula
661 810 783 875 omnino
817 826 908 874 sensu
946 814 1060 876 carent.
1115 810 1176 876 Sed
1215 811 1247 876 in

185 917 276 1000 Sang.
311 918 359 981 cst
393 917 514 980 tantum
548 933 660 997 quam
683 914 806 998 pulila
840 914 965 996 (omisso
996 915 1030 981 si
1053 917 1131 995 sit),
1167 917 1248 984 unde

183 1021 574 1088 acssecfficiturverum:
619 1019 857 1101 Quamquam
888 1019 968 1083 ista
1081 1025 1248 1087 nontam
1299 1065 1302 1072 -

184 1129 450 1210 verapossunt
471 1125 595 1190 uideri
617 1143 728 1207 quum
745 1123 908 1186 subtilia
931 1117 1250 1212 (sapt.)‚terrsqae

184 1235 324 1298 melius
374 1233 563 1315 proventu
610 1230 760 1315 frugum
810 1230 1056 1312 approbatur.
1130 1233 1249 1299 llodem

184 1341 284 1424 eapite
306 1343 326 1420 ξ
348 1338 389 1401 26
410 1339 476 1401 haec
497 1335 659 1419 leguntur:
706 1330 911 1416 Nunquam
940 1335 1102 1412 stimulo
1125 1339 1248 1404 laces-

184 1447 244 1512 sat
268 1447 495 1516 iuvencum,
529 1441 627 1524 quod
663 1440 946 1504 retrectantem
975 1443 1249 1509 calcitrosum-

184 1571 255 1635 que
299 1569 378 1614 oum
424 1547 562 1612 reddit
622 1545 689 1610 Non
729 1545 837 1631 aptum
879 1546 1111 1629 participium·
1150 1549 1250 1614 Codex

185 1657 277 1741 Sang.
299 1657 505 1720 iuvencum
524 1669 601 1735 quae
623 1669 738 1716 rescae
760 1651 911 1722 tratum,
937 1649 1095 1718 aaaron.
1112 1653 1249 1720 iuven-

185 1779 343 1842 cumque
365 1760 470 1824 roste
492 1759 674 1822 tractum.
714 1754 841 1820 Subest:
863 1755 904 1820 N.
928 1758 972 1822 st.
995 1757 1015 1836 l.
1038 1757 1249 1840 iuvencum,

186 1887 265 1950 qaoe
285 1885 346 1926 res
363 1865 616 1949 prospectum
650 1861 981 1945 calcitrosumque
1008 1881 1088 1929 eum
1110 1865 1248 1932 reddit.

184 1972 231 2034 De
252 1987 328 2034 voce
350 1969 410 2035 vid.
434 1968 490 2036 lex.

285 2106 1249 2191 lbd.4‚10‚ubiSohneiderusGoesiumsecutustranspositione

183 2215 409 2281 intolerabilem
420 2214 500 2278 huno
512 2215 671 2278 verborum
683 2211 821 2277 ordinem
838 2211 954 2278 effecit:
977 2214 1047 2278 Sed
1069 2215 1142 2279 tali
1158 2234 1246 2299 agro

182 2324 220 2387 in
243 2319 398 2398 arando,
421 2319 562 2383 addenda
575 2319 640 2384 crat
652 2318 753 2400 potius
768 2319 951 2400 praepositio‚
968 2339 1034 2402 quae
1056 2321 1247 2401 praecedento

183 2429 288 2494 littera
323 2449 354 2487 m
390 2425 562 2506 intercepta
589 2426 651 2488 est:
698 2425 748 2488 Ao
781 2423 947 2487 totidem
980 2426 1123 2507 operis,
1157 2429 1248 2509 quot

183 2532 368 2618 uliginosi
390 2531 530 2613 campi,
568 2529 756 2595 exeolitur
777 2529 954 2612 iugerum
977 2530 1016 2590 in
1037 2531 1113 2595 tali
1146 2551 1244 2615 agro.

184 2637 258 2704 Sed
289 2637 326 2701 in
349 2636 492 2702 arando
514 2636 571 2700 oet.

285 2777 350 2845 lbd.
374 2778 403 2854 9,
434 2775 472 2840 18
495 2776 609 2840 editur:
653 2776 704 2841 lla
741 2795 822 2840 oum
856 2776 987 2857 spicas
1019 2775 1246 2855 ediderunt,

268 2901 377 2948 manu
405 2884 616 2964 carpuntur
645 2882 698 2958 et,
829 2899 908 2944 cum
942 2882 1144 2951 adsiccata
1166 2882 1248 2946 lue-

183 2990 275 3066 rint,
302 2988 577 3067 reconduntur,
611 2986 758 3052 mendum
778 2987 866 3063 illud,
900 2987 982 3069 quod
1018 3005 1099 3070 saepe
1127 2987 1247 3063 sustuli,

184 3093 387 3178 redarguente
409 3092 533 3166 eadem,
566 3111 658 3174 quam
693 3092 853 3175 aliquoties
888 3094 1001 3170 notavi,
1023 3093 1240 3170 inconstantia

185 3199 250 3282 (cfr.
284 3199 323 3262 ad
345 3197 452 3266 Seneo.
483 3198 605 3280 quaesit.
636 3202 699 3264 nat.
723 3199 783 3276 lv,
818 3198 847 3276 2,
879 3197 941 3276 22).
989 3198 1117 3264 (lodices
1141 3200 1245 3284 (Sang.

185 3306 215 3368 et
238 3303 396 3382 Politiani)
419 3306 500 3368 recte
522 3304 811 3381 adstreperent,
834 3322 893 3386 quo
925 3303 1016 3368 verbo
1045 3305 1139 3370 etiam
1174 3305 1249 3371 alibi

185 3408 356 3476 Columella
366 3425 439 3474 usus
452 3410 508 3474 est.
533 3407 605 3490 dap.
618 3407 667 3482 20,
684 3409 759 3486 tlsi
780 3426 868 3474 uero
883 3408 1076 3489 procellae.
1090 3457 1097 3474 .
1111 3411 1248 3476 ,inoes-

64 3601 67 3606 =
185 3514 322 3591 serint)
345 3533 451 3580 verum
480 3513 621 3580 ecodicc
647 3511 792 3576 Polli-iani
815 3515 979 3578 annotatur
999 3533 1093 3595 prauo
1114 3516 1189 3590 looo,
1218 3519 1250 3581 et

185 3619 328 3686 scribitur
349 3620 446 3685 tribus
477 3620 613 3684 versibus
635 3619 719 3700 post:
752 3635 833 3682 oum
926 3619 1093 3684 colorem
1121 3624 1248 3685 traxe-

185 3727 283 3791 runt.
327 3726 382 3800 111,
413 3723 452 3803 3,
485 3724 505 3786 4
536 3725 611 3790 item
634 3725 743 3788 siletur
765 3722 797 3786 iu
819 3724 883 3790 his:
918 3724 983 3788 sed
1017 3727 1054 3788 et
1084 3726 1117 3789 si
1144 3727 1249 3790 lorte

185 3829 442 3907 adoleverint,
465 3827 720 3912 negligenter
741 3828 888 3904 colunt,
922 3828 977 3894 sed
999 3828 1067 3903 Vll,
1090 3829 1128 3904 4,’
1143 3829 1174 3910 4,
1197 3831 1250 3895 ubi

186 3935 300 4002 editur:
346 3953 427 4000 oum
470 3935 658 4000 bimatum
702 3933 965 4014 expleverint,
1020 3939 1244 4015 enecantur,
1318 3952 1319 3955 ’
