2918 4652
71 517 72 520 ¹
160 495 218 546 Non
237 495 265 546 11
283 512 326 544 coo
345 492 496 562 permutata
516 493 575 546 643·

161 587 231 640 Noto
247 589 363 652 persequi,
383 597 464 638 notare
482 586 541 639 300.

159 678 270 732 Numeri
288 679 418 734 transitus
436 693 452 731 a
467 675 536 745 plur.
554 675 589 730 ad
607 675 660 729 sin·

229 770 284 840 gul.
304 773 364 826 362.
378 837 381 844 Ι

160 861 272 916 Numeri
282 863 332 930 ‚les
350 861 418 915 falso
437 861 522 932 poetis
540 860 660 929 antiquis

228 954 317 1008 afficte
337 956 396 1010 110.

154 1248 266 1311 'Oblivio
285 1257 371 1310 amnis
390 1257 451 1311 357.

164 1350 263 1400 Obseroi
279 1364 327 1416 pru
346 1351 456 1400 obseravi
471 1351 497 1404 8.

165 1441 303 1506 obstrepere
321 1456 399 1509 prave
423 1441 527 1509 passive
546 1438 661 1508 positum

230 1535 289 1588 333.

165 1627 288 1678 Occoboas
307 1625 414 1678 fortuna
432 1628 491 1682 323.

165 1719 292 1784 Offeadere
310 1723 452 1786 imperitiam
474 1734 540 1772 nove
559 1717 662 1771 dictum

230 1813 288 1866 609.
311 1847 312 1851 1

161 1901 265 1956 Omissa
287 1903 366 1967 verba
377 1905 486 1971 propter
498 1901 602 1957 easdem
616 1905 664 1956 aut

232 1994 333 2048 similes
357 1994 463 2048 litteras
486 1995 528 2050 bis
561 1995 663 2064 positas

229 2089 288 2142 416.

164 2181 275 2247 Operam,
296 2199 361 2247 opem
379 2182 438 2236 508.

160 2269 230 2324 Ordo
256 2271 395 2326 verborum
420 2273 448 2326 iu
475 2273 608 2328 adverbiis
635 2275 663 2326 et

230 2363 277 2427 iis,
314 2380 373 2430 quae
401 2363 540 2418 adiectivis
566 2364 662 2418 adiun-

231 2456 339 2521 guntur,
359 2456 419 2510 529.
523 2470 524 2473 ’

163 2544 254 2600 Ovidii
284 2545 386 2600 codices
417 2549 445 2598 et
474 2547 588 2600 editores
616 2550 663 2611 66;

228 2639 350 2717 'epistolas
369 2637 472 2706 aliquot
496 2639 562 2692 falso
581 2638 664 2693 addu-

233 2731 420 2788 1111111781.
454 2731 563 2787 Codices
582 2734 667 2786 mete-

233 2825 335 2892 morph.
354 2827 395 2880 81.

165 3173 315 3242 Palestinae
334 3173 387 3228 deae
407 3156 487 3227 nullee
507 3176 565 3230 107.

164 3264 305 3335 Pallantis,
335 3281 388 3320 non
408 3265 536 3330 Atlantis,
563 3265 667 3318 Aurora

235 3359 292 3412 136.

115 3450 117 3454 ’
165 3453 256 3502 Parere
275 3466 355 3519 prave
374 3465 420 3518 pro
437 3468 553 3516 apparere
573 3450 631 3504 576.

165 3543 260 3592 Partim
278 3557 357 3609 prave
376 3542 543 3611 geminatum
561 3543 620 3595 197.

165 3615 326 3685 Passum-te
345 3635 419 3700 ficus,
456 3650 510 3687 non
539 3636 666 3700 passorem,

236 3729 295 3781 636.

166 3822 289 3872 Patientia
308 3817 341 3871 de
359 3817 526 3886 perpessione
544 3819 595 3872 459
613 3834 639 3870 n.

167 3913 280 3962 Pedester
298 3910 366 3964 male
376 3928 423 3979 pro
435 3911 523 3980 pedite
536 3913 595 3976 562,
610 3913 668 3965 622.

167 4005 283 4068 Pensore,
302 4022 451 4069 compensare
470 4004 530 4058 307.

1115 287 1176 348 679

714 489 810 538 Perdor
828 484 970 540 barbarum
989 486 1032 547 61,
1054 486 1129 539 361.ι

715 579 866 634 Perfectum
891 593 970 646 prave
994 577 1087 632 aoristi
1112 577 1218 632 nomine

784 673 936 726 excusatum
955 674 1014 736 358,
1034 674 1094 726 366.
1147 668 1218 724 Pers.

694 831 697 838 Δ
785 768 812 818 11
830 765 914 818 futur.
931 765 1000 818 male
1020 765 1104 818 mixtu
1122 766 1171 819 381
1192 764 1220 816 et

785 874 813 911 n.
833 859 861 920 2;
896 855 961 924 perf.
989 855 1130 910 indicativi
1149 854 1220 924 apud

785 954 813 1014 si,
842 953 894 1013 nisi,
924 969 974 1000 coro
1002 951 1061 1013 427,
1092 951 1143 1005 448
1171 965 1219 1017 sq„

786 1045 850 1106 5213
885 1041 953 1113 perf.
973 1044 1001 1096 et
1019 1058 1135 1111 presens
1154 1057 1219 1110 quo·

749 1204 751 1208 ,
786 1135 897 1188 rundsm
930 1133 1070 1188 verborum
1106 1137 1219 1202 permut.

785 1226 837 1281 vid.
856 1226 983 1280 Praesens.

715 1323 849 1372 Persuasus
867 1322 919 1376 325
936 1338 964 1376 11.

716 1417 830 1466 Pertusus
847 1415 908 1468 450.

716 1507 878 1572 Philosophiae
896 1506 965 1574 plur.
985 1509 1043 1561 527.
1070 1567 1073 1572 ,

715 1598 862 1654 Plebiscita
905 1599 982 1654 nulla
1030 1599 1220 1666 imperatorum

787 1695 905 1761 tempore
925 1696 986 1748 550.

716 1783 931 1855 Plusquamperf.
950 1786 978 1836 11
996 1782 1105 1852 perfect.
1115 1784 1143 1836 in
1156 1799 1220 1852 quo-

787 1878 847 1932 dam
894 1892 990 1947 genere
1028 1875 1221 1930 sententiarum

786 1972 846 2025 299.

717 2065 810 2115 Ponere
828 2062 942 2127 arbores,
961 2079 1014 2116 non
1034 2064 1149 2128 deponere
1161 2064 1221 2117 493.

718 2158 799 2220 Posse,
819 2175 864 2206 aon
874 2176 953 2222 posse,
972 2156 999 2209 11.
1018 2171 1049 2220 1.,
1069 2171 1143 2223 oequo
1162 2153 1219 2207 ani·
1257 2171 1259 2176 '

787 2264 829 2301 mo
847 2264 900 2302 non
919 2265 1003 2316 posse,
1024 2251 1084 2303 641.

717 2341 798 2394 Ponti
817 2341 916 2393 Euxini
937 2339 1095 2409 magnitudo
1115 2343 1174 2396 145.

718 2436 852 2498 Precipere
871 2437 914 2484 iter
932 2434 992 2488 272.

719 2510 834 2575 Prcedom
848 2525 949 2576 alicuius
964 2529 1020 2585 esse,
1037 2525 1130 2590 proedoe
1148 2526 1223 2576 alicui
1271 2510 1272 2514 Ἰ

790 2619 840 2670 617
859 2633 885 2669 n.

719 2708 877 2776 Praepositio
897 2725 912 2762 a
931 2725 991 2761 cusu
1007 2725 1054 2762 suo
1068 2709 1223 2765 interventu

789 2799 857 2853 alius
876 2816 953 2852 casus
971 2804 1092 2867 separata
1110 2805 1169 2858 514.

718 2893 837 2946 Prusens
862 2894 889 2945 et
915 2891 980 2960 peri.
1008 2892 1037 2946 in
1060 2893 1223 2961 quibusdam

790 2983 876 3039 verbis
904 2988 998 3052 (efficit,
1032 2990 1123 3053 effecit)
1153 3003 1222 3040 oom-

789 3079 893 3131 mutata
911 3080 970 3142 313,
989 3080 1048 3144 332,
1068 3080 1128 3134 499.

720 3171 841 3221 Ρνιεειαν1
869 3169 1033 3224 frumentum
1070 3171 1113 3238 (de
1138 3171 1224 3226 dando

790 3261 834 3334 fr.)
854 3279 907 3316 non
926 3264 1066 3333 antiquum
1086 3268 1145 3323 248.

722 3355 772 3406 Pro
790 3359 897 3420 portione
916 3358 975 3412 259.

721 3437 826 3498 Prodire
844 3464 896 3501 1101]
918 3463 965 3516 pro
982 3451 1110 3514 procedere
1128 3451 1189 3504 457.

717 3541 843 3591 Proiicere
873 3540 1039 3594 munimenta
1068 3557 1122 3594 non
1149 3541 1223 3594 Lati·

791 3649 856 3685 num
874 3623 932 3688 255.

722 3723 869 3778 Pronomen
881 3741 928 3794 pro
941 3725 1071 3781 adiectivo
1081 3729 1128 3779 aut
1139 3726 1225 3780 subst.

794 3820 849 3882 [hoc
867 3824 929 3881 sum)
952 3819 1011 3873 114.

723 3911 879 3975 Propolloerc
899 3910 1008 3963 verbum
1026 3910 1108 3964 nihili
1128 3914 1187 3966 544.

723 4003 837 4053 Protinus
856 4005 970 4070 corrupi.
989 4006 1047 4067 457,
1066 4006 1125 4060 607.
