2918 4636
619 217 737 277 Μαι.
1108 217 1168 284 129

140 415 397 504 proferreturqnc
411 415 540 482 tortasm
562 434 580 481 c
600 413 750 500 pluribus,
770 415 830 484 nisi
851 413 1042 484 contuentes
1055 417 1210 484 simillimi

142 523 285 590 vocabuli
307 522 509 607 praecedentis
530 521 664 608 speciem
687 519 725 586 ad
746 521 805 588 boc
825 521 1067 590 transtulissent.

242 627 390 694 Itiusdem
422 628 525 694 satira
559 646 588 694 r.
611 625 653 692 88
676 629 708 692 et
728 626 769 689 89
791 625 837 694 sic
857 627 1097 712 interpungendi
1118 632 1209 698 eunt:

185 733 270 800 Men'
303 734 447 801 moveat?
490 732 609 817 Quippe
631 733 681 811 et,
713 732 817 798 cantet
837 728 865 796 si
893 733 1074 818 cambagos,
1107 752 1211 803 assem

187 841 382 926 protulerim.
654 901 657 912 .

245 943 423 1030 Interrogat
456 945 557 1030 poeta,
589 942 752 1015 moranno,
784 959 817 1007 se
849 940 895 1008 las
924 943 956 1008 et
982 945 1140 1028 probabile
1169 947 1211 1014 sit

135 1049 272 1129 ‚talibus
301 1050 405 1134 qualia
433 1049 611 1134 descripsit,
648 1050 802 1115 oratorum
840 1048 983 1130 plausum
1020 1053 1210 1136 captantium

140 1156 297 1233 artificiis;
321 1155 430 1226 deinde
451 1174 521 1222 cum
532 1153 630 1222 ironia
642 1154 780 1223 affirmat
793 1153 950 1238 additque,
969 1161 1211 1230 cousentaneum

143 1263 213 1328 tum
229 1279 307 1341 ease,
332 1262 368 1328 ut
391 1261 486 1328 eliam
507 1261 654 1344 carrago
675 1278 735 1326 non
756 1258 842 1326 flenti
863 1261 897 1326 et
917 1279 989 1328 rere
1021 1262 1134 1332 misero
1157 1263 1213 1334 red

142 1368 222 1434 ilera
258 1367 424 1434 artificiose
474 1385 547 1432 noce
586 1363 727 1430 cantanti
762 1383 865 1430 assem
907 1365 1053 1452 porrigat.
1107 1369 1212 1454 (Apud

143 1472 359 1541 Heinricbimn
402 1473 497 1540 rerba
545 1472 627 1540 recte
670 1469 944 1555 interpuuguutur,
995 1471 1077 1545 male
1122 1491 1211 1541 enar·

143 1581 275 1660 rantur.)
764 1628 766 1634 .

248 1717 370 1786 leucari
391 1717 591 1784 anrsaliam·
606 1715 669 1801 legi
690 1715 840 1796 celeriter,
869 1716 902 1784 in
925 1717 1077 1803 corruptis
1098 1723 1131 1788 et
1152 1717 1212 1786 dc-

146 1827 206 1894 biis
227 1845 288 1892 non
310 1825 402 1891 valde
420 1823 579 1891 insistens.
621 1821 683 1889 Sed
704 1823 810 1888 umen
832 1823 947 1891 sensim
968 1823 1083 1892 lentius
1104 1825 1211 1912 legens

144 1935 178 2000 et
200 1931 341 1999 codicum
362 1930 529 2014 scripturas
562 1927 692 1995 subinde
723 1929 959 1998 examinatoris
990 1933 1211 2014 posterioribus

144 2037 233 2105 libris
255 2055 351 2102 unum
384 2035 574 2104 stulterum
608 2034 750 2100 wectari
782 2035 895 2113 locum,
931 2035 981 2103 cni
1006 2049 1096 2120 opem
1130 2040 1208 2108 terre

145 2159 236 2229 posse
247 2143 410 2219 viderer.¹)

248 2283 316 2350 Lib.
339 2283 364 2362 Ι,
388 2279 450 2346 100
470 2275 546 2366 squ,
568 2281 620 2347 ubi
642 2281 770 2348 Crassus
793 2281 873 2348 inter
894 2279 1048 2349 (tessaram
1072 2284 1104 2348 et
1118 2283 1212 2350 Pom·

90 2444 92 2448 .
145 2388 250 2474 peium
282 2389 392 2454 tertius
430 2384 628 2470 interpositus
666 2406 736 2454 oum
772 2387 888 2454 isthmo
919 2390 1018 2454 maria
1050 2391 1211 2473 separante

147 2495 354 2580 comparatur,
375 2495 419 2560 sic
441 2493 599 2560 scribitur:

665 2587 668 2594 ’
794 2597 932 2678 Quebter
953 2596 1052 2665 undas

189 2706 243 2790 qui
268 2706 354 2771 secat
375 2705 407 2770 at
427 2703 583 2790 geminum
608 2705 730 2792 gracilis
752 2723 837 2769 mare
860 2704 982 2788 separat
1004 2703 1137 2771 isthmos

189 2829 247 2877 nec
269 2809 386 2895 patitur
407 2810 542 2874 conferre
563 2809 691 2888 fretum3
714 2812 741 2877 si
762 2811 845 2876 terra
865 2803 999 2888 recedat,

190 2915 312 2983 Ionium
333 2915 437 3000 AEgeeo
458 2915 581 3000 frangat
602 2897 701 2992 mare;
724 2913 839 2982 sicubi
862 2934 951 2991 saeva,
976 2915 1035 2983 cet.

250 3023 327 3088 Haec
349 3021 375 3088 si
397 3039 468 3088 vera
491 3022 574 3100 sunt,
609 3022 692 3087 terra
715 3022 770 3087 aut
803 3021 933 3088 isthmos
971 3017 1095 3088 Ionium
1128 3043 1215 3093 mare

148 3129 254 3214 AEgaeo
282 3127 435 3194 fractmus
471 3145 538 3192 esse
555 3111 693 3202 dicitnr,
727 3128 806 3211 qnod
838 3127 890 3212 qni
928 3129 1012 3193 terra
1046 3129 1214 3208 (recedens)

149 3233 270 3301 edicere
306 3231 368 3298 dici
399 3233 514 3316 possit,
550 3252 611 3298 non
643 3232 793 3319 intelligo.
848 3233 989 3299 Alterum
1011 3254 1096 3301 mare
1117 3235 1213 3304 altero

149 3341 285 3406 iuuante
329 3342 361 3404 et
400 3339 570 3423 potentiore
605 3337 706 3424 tangi
741 3341 870 3422 poterat.
926 3337 1035 3423 ltaque
1077 3344 1215 3425 suspicor

149 3445 358 3513 scribendum:

151 3675 351 3684 am—

171 3823 193 3891 ¹)
221 3821 410 3880 Weberiannm
428 3823 530 3880 Luceni
547 3821 696 3892 exemplum
724 3824 783 3880 toto
802 3823 914 3880 consilio
940 3839 1021 3894 prave
1044 3823 1213 3890 institutum,

222 3915 252 3970 in
270 3915 377 3972 delectu
395 3917 533 3988 scriptura
552 3916 581 3969 et
597 3915 814 3986 interpunctione
831 3915 1036 3974 vitiosissimum
1058 3918 1108 3970 est.

999 4039 1014 4084 9
