2978 4644
531 303 668 360 Ciceronis
686 301 837 384 Orationes
910 271 913 278 γ
1114 303 1176 369 205

153 522 234 570 nuno
255 501 372 570 editur:
415 497 459 566 Μ.
482 499 633 579 Tullio,
656 497 716 566 On.
739 499 922 568 Cornelio
943 519 1049 580 coss,
1069 503 1217 586 postea,

154 610 260 696 opinor
270 608 365 674 fuisse
372 613 504 690 postve
520 625 561 668 ea
571 604 702 686 (eir.38:
714 603 886 686 LSulla,
898 605 1126 694 Q.Pompeio
1138 626 1216 674 coss.

152 717 220 780 sut
240 711 403 796 postea),
424 711 598 794 utVorr.I,
622 710 682 774 106
697 711 858 778 scribitur:
880 712 925 778 ab
946 714 985 781 Δ.
1007 713 1218 794 Postumio,

153 817 190 900 Q.
211 817 351 884 Fulvio
389 817 617 886 censoribus
652 818 792 900 postue
828 835 879 897 ea,
915 821 948 886 et
982 820 1064 903 apud
1095 817 1219 886 Livium

152 919 237 1005 XLI,
259 923 291 1002 9,
312 923 332 985 9
354 923 419 1002 (ubi
439 924 531 990 codex
552 923 719 1006 postque
741 922 840 1008 ee).¹)

251 1027 320 1094 lod.
355 1028 413 1094 41:
456 1032 547 1106 tum,
590 1027 737 1111 quando
772 1028 900 1095 Alexa
929 1032 1079 1098 mortuo
1115 1033 1218 1117 lega-
1336 1037 1338 1042 '

152 1133 209 1200 tos
231 1133 372 1220 Tyrum
398 1133 584 1203 misimus.
641 1133 677 1200 Si
710 1135 854 1204 meliores
879 1135 1063 1202 haberemus
1085 1135 1217 1217 codices,
1343 1142 1346 1150 “

152 1238 314 1326 legeretur,
335 1240 372 1304 ut
391 1237 467 1305 alibi
487 1257 621 1322 semper:
645 1239 740 1319 tum,
764 1261 883 1324 quum.
915 1240 1218 1327 [Semimedus]

251 1344 320 1412 Ibd.
343 1344 398 1410 58:
421 1344 568 1433 'Quint
590 1344 813 1412 cuiusmodi
846 1344 913 1410 est
940 1345 1064 1414 illud?
1099 1347 1216 1414 tolli-

152 1450 214 1518 tur
246 1453 418 1518 vestrum
445 1439 656 1530 ¹iudicium
691 1450 816 1516 fredus
854 1450 977 1516 totum
1005 1451 1217 1536 accipitur,

153 1557 431 1640 comprobetur.
488 1555 565 1622 Haee
600 1555 813 1640 interrogandi
844 1555 943 1642 forma
976 1556 1008 1622 in
1034 1558 1216 1642 pronomine

151 1663 254 1745 illud
276 1663 442 1731 transitum
468 1661 563 1728 habet
588 1662 629 1727 ad
651 1681 764 1728 novam
785 1680 869 1740 rem;
906 1661 958 1728 hic
987 1663 1020 1728 in
1053 1661 1161 1730 eadem
1180 1683 1217 1730 ro

152 1767 332 1850 explicanda
365 1767 502 1852 pergitur
537 1769 569 1834 et
610 1785 733 1834 summa
776 1768 977 1834 concluditur.
1036 1769 1217 1836 Decendum

151 1875 299 1958 praeterea
321 1874 402 1940 eretz
421 1872 579 1940 oniusm.
603 1873 668 1938 est
687 1871 811 1949 illud,
834 1874 938 1958 quod
958 1875 1215 1942 tollitur...?

152 1978 306 2064 Scriptum
343 1978 461 2044 fuerat:
611 1980 805 2046 stratum.
868 1976 1113 2044 Cuicuimodi
1151 1979 1217 2064 est

151 2084 266 2166 illud,
287 2084 453 2152 tollitur
473 2085 646 2152 vestrum
667 2083 878 2160 iudicium,
902 2085 959 2152 cet.

248 2192 316 2258 lbd.
340 2191 379 2253 91
406 2209 442 2256 er
464 2207 510 2269 eo,
542 2188 624 2274 qnod
644 2187 678 2254 in
700 2189 857 2256 codicibus
879 2191 941 2256 est:
975 2189 1110 2258 nervis
1136 2208 1215 2256 om·

151 2297 262 2364 nibus
289 2341 339 2364 0..
366 2281 525 2373 eiectis,
546 2293 615 2360 fieri
638 2293 750 2362 debere
772 2295 917 2375 edoctis,
947 2314 1006 2364 non
1035 2294 1215 2374 carectis,

151 2403 235 2480 subs,
256 2404 293 2469 ut
313 2403 427 2486 opinor,
460 2401 670 2468 demonstrari
705 2401 872 2468 emendati.
894 2399 981 2470 Lirv.
1007 2421 1038 2486 p.
1062 2401 1121 2464 155
1148 2402 1214 2467 not.

150 2507 351 2595 persuasique
371 2507 496 2575 Baitero
529 2510 560 2574 in
581 2507 706 2574 naon
727 2507 786 2582 III,
818 2506 859 2570 83
886 2508 917 2572 et
938 2505 994 2587 84,
1025 2507 1063 2572 dc
1085 2506 1213 2574 didnat.

149 2615 190 2691 11,
215 2614 286 2680 149.
349 2612 412 2679 Sed
432 2612 513 2698 quod
534 2615 615 2682 iuter
645 2611 824 2679 omnibns
855 2614 887 2680 et
913 2610 1056 2680 eiectis
1084 2611 1117 2677 in
1139 2631 1215 2696 upo-

149 2719 275 2808 graphio
287 2719 468 2808 ‘Poggianis
485 2717 692 2804 interponitur
712 2717 837 2793 urbis,
867 2718 901 2784 id
919 2717 1076 2802 ,quoniam
1101 2717 1135 2784 in
1156 2717 1214 2790 nr-

149 2825 282 2892 fnrtensi
302 2825 395 2891 urbo
417 2825 568 2906 scribitur,
589 2825 717 2908 apparet
737 2824 778 2889 ud
799 2822 945 2890 eiectis
977 2821 1117 2890 additum
1145 2840 1214 2890 esse

150 2931 255 3010 (urbe
279 2929 446 3011 eiectis),
480 2929 661 3013 sublatoque
693 2927 841 2996 vocabulo
862 2926 994 2994 molesto
1015 2927 1212 2996 scribendum

150 3055 233 3128 cese:
265 3037 395 3103 nervis
425 3035 601 3104 omuibus
636 3034 781 3100 electis
813 3035 948 3102 urbem
975 3034 1099 3116 ipsum

149 3142 403 3226 reliquerunt.
463 3142 570 3220 (Paulo
599 3142 671 3224 post
696 3139 714 3226 5
743 3140 791 3224 94*
811 3139 988 3210 removendi
1021 3139 1093 3205 unci
1124 3144 1212 3217 sunt;

149 3245 322 3336 rectissime
344 3247 426 3316 enim
449 3247 561 3314 dicitnr
583 3245 671 3312 hinc
692 3247 822 3328 Roma,
844 3249 880 3312 nt
900 3244 1076 3312 indidem
1096 3244 1214 3310 Ame-

149 3353 207 3420 ria
227 3371 282 3436 pro
302 3353 393 3421 Rosc.
414 3355 487 3420 Am.
509 3351 561 3434 74,
583 3353 615 3421 et
635 3353 675 3420 od
697 3353 882 3420 senteutiam
904 3352 959 3436 apt
977 3353 1002 3434 .)

150 3591 348 3605 ῃ

178 3748 202 3815 ¹)
218 3727 237 3816 ¹b
267 3752 303 3808 40
329 3750 498 3810 scribendum
525 3751 778 3830 θεεο;’1111(1,,ᾰο
805 3774 863 3824 quo
889 3751 1065 3822 disputari
1089 3751 1212 3806 contra

219 3843 318 3898 nullo
345 3846 446 3916 pacto
472 3844 605 3914 potest,
632 3844 688 3900 ism
708 3847 772 3900 ante
800 3843 874 3912 dixi·r
900 3843 1022 3916 alioquin
1052 3842 1213 3898 scriberetur

220 3935 328 3990 saitem:
363 3935 456 4007 quod
480 3938 602 3992 contra
631 3937 821 4008 disputari.
856 3934 932 3992 Idem
955 3951 1027 3991 error
1051 3930 1212 4004 (qnid'pro

219 4026 300 4096 qnid
318 4028 371 4094 de)
389 4042 474 4097 nuper
493 4027 598 4084 Senocco
616 4030 732 4086 orationi
749 4029 843 4084 illatus
861 4030 904 4083 est
916 4043 963 4098 ep.
985 4028 1044 4092 114,
1063 4028 1097 4082 16
1112 4013 1211 4095 (quid

220 4117 258 4174 de
275 4120 339 4178 ills
355 4120 477 4190 loquer
495 4161 503 4179 .
522 4161 529 4178 .
550 4123 580 4179 .?
598 4120 683 4192 qnid
701 4123 738 4174 de
759 4120 825 4176 illa
842 4121 877 4176 irr
896 4113 990 4176 exitu
1008 4117 1134 4186 tenui)
