3018 4634
294 313 357 380 m
654 313 922 388 mmmm

351 515 386 580 C.
409 515 468 580 25:
498 533 582 579 eum
615 513 742 580 loenm
770 515 1065 600 efflagitarent,
1086 520 1128 585 nt
1148 527 1328 592 eonsueti

250 622 403 706 insequi
433 607 664 687 exisriuars
690 637 826 702 posses
860 621 1139 704 paratissimos
1164 643 1249 692 esse
1277 627 1328 696 au

252 727 523 794 dimicandum.
579 725 709 792 Subest:
734 727 799 808 ut,
839 729 1130 792 consuetudinis
1159 733 1330 815 inanius,

252 833 482 901 existimare
514 850 652 916 posses
678 831 720 902 tsi
750 831 1004 899 consuetudinem
1038 852 1143 900 eornm
1168 837 1329 906 clamandi

251 943 284 1006 et
304 958 339 1005 se
359 937 495 1005 iaetanffi
516 955 576 1004 non
600 947 734 1018 nosses).

352 1044 386 1111 C.
409 1043 449 1107 27
471 1043 608 1110 tollenda
628 1050 702 1110 sunt
721 1044 789 1110 haee
810 1045 921 1111 rerba:
944 1047 1080 1112 eontra
1099 1045 1326 1131 Pompeium

251 1152 385 1218 eastra
404 1150 547 1234 posuit,
568 1152 724 1233 praeeeptu
755 1170 775 1216 a
795 1149 920 1216 librario
953 1168 990 1215 ex
1011 1168 1103 1216 versu
1123 1151 1187 1219 tere
1209 1155 1326 1238 quarto

250 1257 392 1324 inferiore
415 1256 569 1336 (eastra
590 1256 728 1322 eontra
748 1255 979 1339 Pompeium
1000 1255 1236 1341 constitnit).
1320 1325 1330 1340 ‚

352 1359 1324 1446 O.28,nbiineodieibussuribitnrtqninrsaonensiunr

252 1468 416 1536 eivitati
436 1467 607 1533 inissent
627 1465 824 1548 fautores,
861 1470 982 1534 antea
1013 1467 1180 1534 litteras
1201 1469 1326 1536 miae·

251 1575 328 1651 rat,
357 1589 528 1658 pronomen
549 1571 724 1651 relativum,
746 1573 828 1658 qnod
850 1571 982 1640 editores
1004 1572 1182 1658 requirunt,
1199 1573 1232 1640 iu
1253 1575 1326 1660 ipso

251 1681 344 1747 verbo
363 1680 463 1752 inest:
503 1679 674 1754 civitati,
709 1684 774 1764 que·
797 1688 917 1742 esseut
936 1678 1129 1758 fautores,
1162 1679 1319 1748 anteat

251 1807 295 1853 ru.
329 1787 475 1852 Extremo
497 1786 597 1867 eapite
618 1785 755 1868 proxime
776 1784 816 1851 ad
830 1803 939 1878 verum
954 1783 1160 1873 Nipperdeins
1171 1785 1325 1864 amessitp

252 1893 298 1959 sio
329 1891 411 1958 eninr
443 1889 730 1962 seribendumest:
765 1890 849 1956 loeo
883 1875 1125 1956 exueil'entia
1155 1891 1325 1960 tumulis-

252 1995 461 2069 contineri,
484 1993 692 2058 reservans
713 1996 882 2080 planitie
902 1995 1034 2063 osvius.
1298 1979 1305 1988 '

353 2103 388 2170 C.
439 2101 493 2165 29:
558 2099 638 2166 Huc
690 2102 917 2180 accedebat,
979 2103 1021 2168 ut
1078 2101 1186 2168 loeus
1244 2101 1321 2168 illa

253 2210 425 2296 planitie
468 2191 688 2292 equitatum
734 2211 889 2273 ornaret
937 2211 977 2275 et
1023 2207 1104 2273 diei
1146 2207 1325 2294 solisque

254 2317 480 2385 serenitate.
538 2314 598 2378 Pro
631 2314 850 2396 equitaturo
883 2313 950 2379 unu.
986 2311 1072 2399 Laii.
1107 2315 1152 2388 (et
1185 2309 1321 2399 Nipper-

254 2427 352 2502 deius)
374 2424 458 2488 reete
481 2420 710 2504 equitatem,
733 2420 763 2485 ir.
786 2437 825 2504 e.,
847 2437 936 2504 aeqn.
969 2405 1171 2486 asomum
1194 2419 1257 2486 eat:
1278 2421 1319 2485 ut

253 2535 360 2602 loeus
382 2527 491 2592 ittam
504 2523 702 2610 planities·
729 2525 951 2609 aequitatem
982 2525 1141 2592 ornaret
1160 2523 1247 2590 diei
1269 2525 1321 2604 (et,

253 2641 338 2708 reete
359 2635 453 2719 Nipp.
475 2629 601 2706 delerit)
622 2628 797 2716 solisque
820 2630 1047 2698 serenitate.

335 2740 388 2809 ,0.
415 2740 475 2803 34:
508 2735 628 2801 Erant
654 2734 715 2800 hio
745 2735 925 2820 legiones
952 2753 1031 2820 quea
1065 2755 1108 2803 ex
1139 2735 1321 2822 perfugia

253 2847 490 2932 conscripta.
538 2841 625 2906 Fuit:
677 2839 803 2914 lirant
839 2837 902 2906 hie
939 2839 1124 2927 legiones·
1158 2839 1238 2905 ἀνω
1275 2857 1319 2906 ex

252 2955 346 3043 perf.
382 2968 501 3018 oense.
546 2945 705 3032 Sequitur:
748 2943 866 3029 Legio
900 2931 999 3012 nm
1039 2947 1219 3036 oppidum
1253 2945 1320 3012 ie·

251 3061 414 3129 tendere
437 3055 565 3139 ooepit3
587 3071 671 3120 nam
692 3049 793 3134 (Laid.
818 3051 851 3129 1;
874 3051 944 3118 Par.
967 3051 1035 3119 eur
1056 3051 1111 3119 aiii
1131 3056 1317 3134 nentrum

251 3170 325 3236 iam
349 3161 636 3247 depugnarent,
662 3159 788 3224 turres
813 3175 857 3223 en
888 3158 1062 3241 portast
1081 3175 1231 3224 murum
1252 3173 1319 3222 oe·

252 3269 455 3359 euparnnt.
499 3265 536 3331 In
558 3283 641 3330 narn
663 3263 805 3346 superest
819 3264 1038 3347 uuemapars
1058 3260 1207 3338 vocabuli,
1230 3263 1319 3330 onius

251 3381 365 3466 priores
386 3374 513 3461 syllabae
544 3369 663 3438 haustu
685 3369 758 3436 sunt
789 3369 914 3454 propter
935 3367 1173 3436 simiiitndinem
1192 3367 1317 3436 littera·

223 3471 224 3476 '
251 3506 321 3554 rum
348 3481 471 3566 eupit.
527 3477 577 3544 su
599 3476 682 3542 enim
704 3475 855 3560 seriptum
877 3473 953 3540 oum
975 3476 1056 3540 oar:
1080 3473 1317 3558 aegro-xm

249 3589 428 3677 oppidum
466 3583 675 3651 defendere
713 3579 840 3665 ooepit3
887 3577 1089 3665 oppidani,
1125 3597 1207 3645 enm
1242 3578 1316 3644 iarn

251 3693 527 3783 depugnarent,
559 3692 688 3756 turrea
714 3706 756 3754 er
787 3687 897 3770 parts
930 3686 968 3750 et
989 3702 1131 3792 rourum
1154 3700 1317 3767 oeonpa·

251 3805 350 3872 runt.
1233 3813 1237 3820 ·

352 3907 386 3974 O.
407 3905 463 3969 38:
499 3903 686 3969 munitum
719 3899 841 3978 laum
878 3900 1017 3964 natura
1053 3893 1211 3980 ceperat
1239 3890 1316 3957 sibi

251 4012 457 4099 Pompeius
492 4007 664 4094 quamuis
696 3987 833 4091 'inagna
866 4001 1121 4070 multitudine
1153 3995 1317 4064 dedneti

250 4110 873 4204 homines.,.iefenderepossent
893 4109 1063 4196 subeunt
1081 4106 1120 4171 in
1145 4103 1316 4170 aduentu
