2956 4648
610 281 767 340 Columella.
1018 343 1020 346 ,
1120 283 1180 348 523

159 481 256 546 sima
283 483 408 546 antem
439 498 527 552 non,
557 482 598 544 ut
629 499 658 544 v.
682 498 709 544 a.
746 480 1014 556 tradiderunt,
1051 487 1222 549 extrema

159 604 247 668 pars
270 588 346 664 est,
369 584 465 669 quod
488 586 582 668 cet.¹)
613 641 617 653 .
1043 655 1046 660 Δ

259 691 382 758 Addam
405 691 437 755 in
459 691 525 772 ipso
546 690 649 754 ultimi
670 690 741 755 libri
763 691 850 774 (XII)
875 693 967 768 exitu,
990 711 1055 776 cap.
1069 693 1111 767 59
1134 694 1222 776 extr,

159 795 289 862 duorum
322 797 457 862 locorum
491 796 721 862 correctionem.
780 797 862 862 Nam
892 798 1027 880 primum
1050 799 1094 864 sio
1115 799 1222 864 scribi·

159 901 225 966 tur:
280 900 500 966 Clausulam
536 901 692 984 (precedit
734 921 789 968 vor
829 925 861 966 m
894 903 1001 968 littera
1042 905 1221 980 terminato)

159 1006 309 1088 peracti
332 1008 461 1088 operis
484 1007 573 1083 mei,
596 1007 630 1070 P.
654 1007 817 1081 Silvine,
849 1026 920 1072 non
942 1009 1109 1090 alienum
1131 1017 1222 1091 puto
1334 1057 1343 1066 ,

95 1121 97 1124 ·
159 1109 325 1175 iudicem
356 1111 537 1185 lecturis,
571 1113 603 1176 si
636 1111 744 1176 modo
775 1111 936 1188 fuerint,
966 1113 1030 1194 qui
1059 1113 1222 1196 dignen-

160 1216 219 1280 tur
241 1215 320 1283 ista
341 1234 584 1298 cognoscere,
606 1216 706 1281 nihil
726 1217 928 1284 dubitasse
950 1237 1006 1282 mo
1029 1221 1087 1282 oct.
1117 1217 1222 1300 Scrip-

159 1323 243 1386 serat
271 1319 478 1389 Columellar-
509 1322 552 1384 Ic
588 1321 771 1384 clausula
803 1323 950 1406 peracti
984 1324 1113 1406 operis
1145 1324 1222 1388 moi

251 1445 323 1492 non
353 1425 518 1492 alionum
559 1429 664 1510 puto,
701 1430 734 1490 rc'
774 1429 940 1494 indicem
968 1429 1140 1496 lecturis
1162 1432 1220 1494 oet.

125 1515 133 1530 ⁸
158 1532 278 1598 Deinde
303 1531 368 1598 siue
392 1550 485 1598 sensu
508 1533 622 1598 editur:
672 1533 748 1599 Nee
784 1537 911 1624 temen
944 1537 1053 1600 canis
1086 1538 1223 1598 natura

159 1638 268 1704 dedit
289 1637 511 1702 cunctarum
545 1656 671 1702 rerum
693 1639 960 1720 prudentiarum
981 1661 1063 1706 nam
1087 1625 1242 1714 etium(

126 1787 127 1790 =
160 1744 377 1828 quicunque
399 1735 488 1808 sunt
509 1743 635 1809 babiti
657 1744 880 1810 mortalium
913 1744 1218 1827 sapientissimi,

159 1849 279 1914 mults
309 1848 432 1914 scisse
464 1850 661 1936 dicuntur,
697 1869 769 1916 non
803 1850 937 1918 omniu.
988 1850 1065 1914 Edd.
1089 1851 1163 1914 vett.
1190 1852 1220 1914 et

160 1954 253 2036 Song.
285 1973 345 2023 om.
375 1955 488 2020 dedit
518 1956 598 2034 (edd.
622 1958 697 2022 vett.
731 1959 933 2032 naturam).
991 1956 1121 2020 Rectum
1156 1959 1220 2020 est:

159 2058 236 2124 Noc
257 2062 385 2125 tumen
422 2065 528 2144 cupit
561 2064 698 2127 notura
729 2065 952 2128 cunctarum
984 2080 1109 2126 rerum
1133 2080 1221 2142 pru·

160 2163 328 2230 dentiam
354 2171 593 2252 (propeqcepar
615 2169 679 2234 eius
702 2168 773 2251 est).
823 2165 904 2250 [lum
927 2165 1154 2249 seducimus]

259 2375 356 2440 Plinii
392 2376 520 2443 maioris
557 2380 691 2462 legeram
735 2379 822 2444 initio
865 2382 974 2460 practer
1009 2377 1221 2458 praefetio'nem

160 2481 270 2546 librum
292 2481 471 2560 secundum,
493 2483 630 2560 tertium,
654 2485 807 2566 quartum,
831 2485 1010 2566 septimum,
1031 2483 1222 2547 tricesimum

159 2587 285 2652 tertium
308 2589 347 2676 et¹
361 2591 515 2668 quartum,
547 2607 582 2653 er
605 2589 715 2654 ceteris
737 2587 818 2653 looo's
844 2607 914 2652 cum
936 2587 1071 2653 historice
1093 2587 1186 2652 instit
1207 2621 1221 2634 ·

159 2695 320 2775 torumque
344 2694 375 2757 et
397 2712 515 2758 morum
549 2694 722 2777 cognitione
747 2694 936 2766 coniunctos,
962 2711 980 2756 a
1002 2691 1128 2774 reliquis
1150 2709 1221 2772 por-

159 2798 242 2864 tibus
263 2817 365 2864 rerum
387 2817 498 2882 genero
520 2818 538 2863 a
559 2817 629 2864 mea
650 2799 824 2883 cognitione
845 2797 1109 2882 intelligentiaque
1122 2813 1221 2860 remo-

160 2907 260 2970 tarum
294 2903 473 2980 deterritum
510 2904 564 2969 sed
599 2904 734 2989 legeram
767 2905 907 2970 celeriter
939 2907 971 2970 et
1010 2921 1115 2969 carens
1153 2905 1220 2966 tum

160 3010 252 3074 certis
274 3009 420 3074 subsidiis
441 3008 480 3074 ad
503 3010 664 3093 quicquum
696 3010 728 3073 in
763 3011 913 3091 corruptis
944 3010 997 3074 eut
1014 3009 1134 3082 dubiis,
1155 3027 1221 3090 quse

158 3115 291 3198 plurima
313 3116 527 3192 occurrebant,
561 3115 759 3190 tentandum
798 3135 928 3181 namne
963 3115 1075 3199 Silligii
1097 3113 1219 3198 quidem

158 3222 256 3286 maior
288 3221 471 3286 editicium
505 3223 665 3304 prodierat.
724 3222 842 3288 Deinde
874 3241 902 3288 a.
937 3220 1035 3297 1856,
1072 3221 1220 3285 excitatus

159 3448 357 3458 -——·-.--.-.-..

187 3622 209 3688 ¹)
227 3620 279 3684 ΙΙΙ,
299 3622 341 3684 10,
359 3621 376 3674 4
395 3617 497 3686 legitur
521 3616 549 3669 in
576 3615 636 3672 edd.
661 3631 741 3684 prave
759 3615 823 3682 (vid.
849 3632 903 3670 exc.
932 3616 975 3670 111
993 3617 1027 3672 ud
1046 3617 1101 3673 Cio.
1120 3619 1167 3672 fin.
1195 3636 1221 3688 p.

229 3713 281 3767 808
300 3711 369 3779 sqq.)
389 3725 448 3764 nec
468 3709 662 3779 importuna
680 3708 817 3776 quidem
836 3709 934 3776 porte
953 3707 1095 3774 deficit,
1117 3710 1219 3766 cGoes.

230 3806 257 3857 et
275 3803 355 3871 Sang.
379 3803 525 3857 annotatur
555 3816 592 3855 ne
619 3802 694 3870 imp.
722 3800 863 3869 quidem.
907 3799 961 3854 XII
985 3801 1058 3869 praef.
1083 3801 1224 3859 8editur:

229 3897 352 3964 ltaque
369 3909 434 3949 nee
461 3892 580 3948 villici
607 3893 757 3963 quidem,
784 3893 832 3948 sed
857 3908 871 3946 e
898 3891 954 3946 cod.
979 3892 1059 3962 Sang.
1081 3893 1223 3961 profertur

228 4003 267 4042 ne
296 3986 372 4045 vill.
399 4001 451 4054 qu.
481 3987 520 4052 (et
552 4001 583 4040 ex
607 3985 649 4040 ed.
676 3985 809 4054 Brnsch.).
850 3984 920 4038 Sunt
947 3983 996 4038 alii
1023 3985 1051 4038 in
1079 3985 1221 4039 interiecto

229 4079 316 4150 spatio
334 4077 453 4134 eiusdem
471 4077 577 4146 generis
597 4093 704 4142 errores,
723 4077 831 4132 acutula
849 4075 1001 4130 defensione
1022 4075 1106 4146 digni.
