3000 4638
334 287 395 349 308
687 290 747 345 Lib.
757 290 836 348 vm.
854 289 922 360 Cap.
937 291 960 344 L

290 507 370 551 nora
415 491 447 553 et
482 485 603 552 civilem
641 489 768 554 modum
790 487 969 556 excedentia
994 489 1098 556 subire
1128 493 1244 556 mann.
1285 489 1359 556 vin
1486 409 1488 552 l

292 593 375 656 enim
409 593 440 658 ei
471 611 490 656 a
530 593 641 676 populo
672 594 843 660 adhibitam
869 594 1012 660 adulator
1037 595 1173 661 Velleius
1197 595 1298 679 flugil,
1326 597 1360 665 si

291 699 358 780 ipse
405 701 563 784 Augustus
611 699 658 764 ita
699 699 797 766 vileri
839 700 974 766 velabat
1030 700 1162 783 Scripsit
1205 699 1361 769 Vanam:

292 803 529 869 Consulatus
572 805 837 871 tantummodo
870 824 988 889 nsque
1025 806 1072 872 ad
1112 804 1357 870 undecimum

292 911 382 993 quin
414 909 662 975 continuaret
699 910 836 986 Cesar,
857 929 938 977 cnm
968 927 1066 992 sape
1090 911 1271 976 obnitens
1293 927 1363 976 re·

291 1018 517 1099 pugnasset,
551 1014 765 1098 impetrare
794 1037 869 1080 non
889 1017 1062 1099 potuita)

389 1121 536 1198 leues,
571 1119 1362 1203 4(3)adbanclcrmamner‘nstumfuissesus·

292 1225 391 1308 piccr:
413 1227 455 1290 nt
475 1243 619 1302 omnes,
653 1227 717 1309 qni
741 1223 1054 1308 proconsulibus
1086 1224 1286 1309 legatique
1311 1226 1356 1292 iu

287 1332 587 1397 transmarinas
621 1331 792 1414 proiecti
819 1331 1049 1416 provincias
1078 1330 1239 1396 risendi
1269 1332 1361 1399 eins

289 1437 421 1521 gratia
445 1435 492 1500 ad
535 1437 632 1520 [eam
666 1438 945 1522 venissent-(cl
977 1435 1078 1521 qais]
1111 1457 1187 1498 non
1217 1434 1360 1515 ueniti)

289 1561 445 1625 semper
479 1542 632 1625 privato
761 1543 890 1608 fasces
930 1561 1021 1609 snos
1065 1541 1357 1608 summiserint.

295 1645 498 1710 Conveniendi
532 1649 624 1712 verbo
659 1648 744 1712 luens
778 1666 840 1712 nnn
872 1651 930 1713 est.
987 1648 1103 1714 Omnes
1128 1647 1169 1711 ud
1194 1647 1357 1713 liberium

288 1755 410 1818 venisse
432 1753 597 1817 Suetonius
618 1753 752 1817 testatur
773 1754 840 1818 Tib.
866 1755 913 1817 12.

390 1857 448 1934 (De
474 1877 500 1921 c.
526 1856 595 1930 103,
618 1858 638 1918 3
659 1857 777 1922 dictum
799 1861 848 1923 est
867 1858 927 1922 vel.
945 1859 967 1922 ,Ι
988 1880 1015 1942 p.
1038 1859 1104 1936 21.)

388 1961 456 2028 lbd.
496 1963 565 2040 106,
599 1963 637 2026 3:
671 1963 828 2040 classis,
862 1983 941 2046 qua
964 1963 1108 2030 Oceani
1138 1965 1360 2029 circumna-

290 2067 496 2151 vigaverat
516 2067 642 2144 sinus,
746 2067 910 2134 flumine
932 2069 1023 2134 Albi
1044 2069 1245 2147 subvecta,
1267 2069 1356 2151 plu·

292 2174 476 2238 rimarum
497 2174 672 2257 gentium
700 2173 867 2239 victoria
899 2193 983 2238 enm
1014 2173 1357 2241 abundantissima

288 2297 419 2343 rernm
454 2279 624 2343 omnium
668 2279 778 2361 eopia
814 2279 1011 2344 exercitui
1049 2279 1280 2364 Caesarique
1316 2295 1355 2342 se

287 2384 422 2449 tunna
476 2383 602 2449 smne
644 2363 815 2450 victorii
852 2384 1035 2460 cernuntur,
1065 2385 1182 2450 ames
1211 2383 1355 2448 victori

287 2490 442 2564 scribitur,
463 2489 601 2555 inaudite
624 2491 787 2556 verborum
808 2489 926 2555 urdine.
974 2489 1196 2556 enitendum:
1227 2489 1354 2572 pluri·
1486 2487 1487 2542 ἱ

286 2615 430 2660 marum
453 2595 631 2680 gentium
653 2596 802 2658 vieto-ia.

386 2701 615 2780 lbd.107‚a:
657 2701 806 2766 Nostra
842 2701 997 2784 quidem
1027 2701 1133 2766 furit
1152 2700 1354 2777 iuventus,

288 2825 388 2888 quae,
409 2825 490 2870 cum
512 2809 686 2871 vestrum
708 2823 846 2872 numen
868 2805 1093 2872 absentium
1115 2806 1235 2882 colat,
1256 2823 1354 2886 prae·
1380 2889 1385 2896 .

285 2912 460 2976 sentium
503 2912 636 3008 petius
678 2929 787 2977 arma
830 2911 972 2976 metuit
1018 2929 1128 2994 quam
1170 2909 1354 2993 sequitur

283 3015 420 3083 fidem.
466 3017 527 3096 Qui
557 3019 665 3100 potest
695 3019 752 3082 bec
776 3017 948 3083 Germanus
978 3015 1118 3082 emedio
1139 3015 1246 3082 boculi
1268 3033 1354 3080 exer·
1484 3105 1485 3122 ἒ

287 3121 350 3185 citu
371 3122 527 3204 profectus
549 3123 660 3200 dicere,
682 3141 770 3188 snam
793 3123 986 3188 iuventutem
1008 3121 1218 3188 Romanorum
1241 3121 1353 3188 abecu-
1484 3129 1485 3158 ¹

286 3227 365 3291 tium
402 3246 517 3294 numen
557 3227 680 3292 colere?
736 3226 814 3294 Vera
849 3229 1003 3294 sententie
1038 3228 1109 3307 (boe
1146 3229 1211 3305 est,
1249 3226 1352 3310 qualis

282 3465 482 3474 m

312 3623 334 3689 ¹)
352 3623 392 3676 De
410 3627 510 3694 capitis
528 3631 564 3684 90
580 3629 660 3684 initio
677 3630 727 3684 bnc
745 3632 852 3684 tantum
867 3645 915 3700 pro
932 3627 1101 3684 eertcdieere
1118 3643 1226 3698 mesum
1244 3631 1281 3682 et
1295 3643 1351 3685 co·

352 3733 421 3770 ram
439 3719 553 3774 aliero
571 3737 624 3776 non
642 3725 730 3776 ortum
749 3737 806 3776 esse
822 3738 854 3778 ex
877 3722 935 3778 his:
953 3723 992 3776 ut
1009 3721 1192 3776 concordis
1209 3721 1350 3776 inula·
1482 3741 1483 3746 ¹

351 3825 414 3873 ere,
434 3827 492 3880 qun
510 3812 570 3882 ipsa
587 3814 698 3868 minime
715 3819 779 3886 apte
797 3815 870 3869 inter
887 3815 1105 3870 coalescendi
1123 3816 1152 3868 et
1170 3813 1350 3869 lacerandi

352 3901 484 3972 imagines
493 3906 713 3976 interponuntur.
732 3907 820 3970 Latet,
834 3906 938 3977 opinor,
959 3906 1096 3962 ablativus
1105 3907 1134 3960 in
1146 3922 1203 3961 cro
1216 3905 1349 3969 desinens,

350 3998 510 4053 coniunctus
546 4015 606 4053 curn
642 3999 816 4055 membris.
856 3998 1225 4068 (Coalescentibnsqne
1265 3997 1348 4067 reip.

348 4089 690 4158 membrisetsornroe
707 4093 902 4160 involucrc?)
