2918 4636
583 251 706 310 ovidius.
730 255 734 262 '
1100 261 1140 327 81

116 447 334 516 Scribendurn:

316 555 376 622 Hic
398 557 479 622 mule
503 557 609 624 dolete
632 577 749 643 pauper
770 579 842 626 cnm
864 562 991 648 coniuge
1013 565 1109 646 vivit;

359 681 483 729 uxorem
497 663 599 748 facito
622 663 728 731 credet
750 665 859 732 edesse
883 689 980 732 nram.

116 768 227 832 Facito
251 769 295 844 tu,
317 772 417 851 postu
439 768 652 852 proecipiendo.

68 895 79 904 ·
214 874 281 939 lbd.
305 873 366 936 719
389 872 438 952 (de
453 874 576 956 scriptis
591 875 745 954 delendis)
768 875 888 943 codices
910 895 970 944 non
985 875 1180 966 interpolati:

222 979 335 1046 Omnis
356 999 434 1064 pone
456 979 536 1044 ferus
558 999 653 1062 pones
674 982 790 1048 invitus
815 981 855 1062 (R
876 983 1014 1064 invictos)
1038 987 1071 1051 in
1092 988 1180 1076 ignes

282 1089 314 1154 et
336 1086 400 1152 dic:
431 1085 548 1151 ardoris
570 1086 612 1151 sit
632 1105 725 1170 rogus
747 1088 900 1166 iste'mei,

114 1209 210 1276 equo
233 1191 286 1257 lit:
452 1193 458 1204 '
611 1255 616 1266 ,

265 1297 378 1372 Omnia
399 1317 476 1382 ponc
491 1299 564 1384 fero
586 1305 693 1381 (poem
706 1298 847 1382 invitus)
869 1301 901 1363 in
923 1300 1001 1384 igne

115 1403 314 1470 Perenthesis
337 1422 461 1488 prorsus
483 1403 634 1472 Ovidisno
656 1423 742 1470 more
762 1404 945 1488 interpositu
969 1409 1026 1470 est.
1058 1409 1061 1416 '

215 1509 312 1575 Venio
339 1509 380 1574 sd
408 1509 615 1578 clarissimum
640 1507 746 1578 Ovidii
775 1529 870 1592 opus,
899 1511 950 1575 cui
971 1511 1037 1594 ipse
1059 1531 1180 1598 quoque

114 1616 205 1702 poulo
239 1616 307 1699 plus
341 1629 434 1700 quem
464 1617 575 1682 ceteris
607 1617 647 1693 (si
679 1617 827 1699 epistolas
862 1616 1021 1683 heroidum
1053 1620 1180 1702 excipio)

114 1721 209 1789 studii
230 1721 344 1801 tribui,
375 1715 674 1809 metamorphoseon
701 1721 807 1788 libros.
851 1723 887 1787 ln
909 1723 947 1789 iis
969 1723 1075 1807 quales
1105 1727 1180 1792 snb-

115 1847 182 1896 esse
204 1827 323 1912 possint
344 1829 376 1893 in
400 1827 560 1905 omnibus,
588 1827 682 1893 etiem
703 1829 839 1910 optimis,
865 1829 1021 1914 podicibus
1043 1830 1180 1915 interpo-

113 1933 253 2013 lationes‚
274 1934 410 2004 ostendit
430 1935 624 2017 protractum
646 1933 723 1998 illud
750 1935 855 2000 nostre
878 1935 1004 2001 domurn
1026 1937 1119 2002 estete
1141 1925 1180 2003 cb

113 2040 249 2123 Hauptio
271 2059 288 2105 e
309 2039 504 2124 grammatici
526 2040 642 2122 scripto
662 2040 695 2104 in
715 2040 903 2127 librolllh
926 2041 986 2106 237
1010 2043 1175 2109 limoso...

114 2147 152 2210 ab
174 2147 260 2224 elice,
292 2164 346 2229 pro
367 2163 426 2228 quo
461 2145 666 2234 substitutum
691 2147 762 2212 eret
791 2146 831 2211 ed
863 2165 930 2212 rem
957 2147 1179 2215 absurdissime

113 2273 236 2316 ramosa
257 2251 296 2313 ab
318 2249 414 2314 ilice„
450 2250 551 2330 Quem
585 2253 712 2336 entique
733 2253 776 2317 sit
798 2252 893 2318 etiem
915 2253 1012 2319 libere
1034 2257 1066 2320 et
1086 2254 1179 2340 longe

113 2376 273 2444 progressu
293 2356 500 2440 interpolatio,
531 2357 666 2423 ostendit
693 2358 804 2423 codicis
827 2357 1027 2424 Laurentieni
1047 2377 1111 2426 seo.
1132 2359 1179 2425 XI

113 2463 150 2544 (L
165 2463 248 2548 spud
259 2461 459 2538 Merkelium)
472 2481 542 2526 cnm
558 2463 662 2530 codice
675 2463 831 2528 Marciano
845 2463 905 2543 (M)
920 2465 1089 2541 contentio;
1104 2484 1178 2532 nem

112 2569 1179 2654 hunoceterislongepraestereintegritatepostHeinsiumMerkelius
1231 2583 1237 2594 ·

111 2673 271 2742 intellexit.
320 2673 440 2741 Codicis
462 2675 488 2738 L
513 2693 582 2740 sem
610 2678 744 2758 purtem,
767 2692 859 2758 quem
880 2673 1001 2738 Keilius
1023 2692 1084 2738 non
1107 2692 1179 2740 con-

111 2783 224 2849 tulerat
245 2792 276 2856 (s
295 2780 374 2846 libro
388 2777 434 2844 IX
447 2779 486 2846 ed
500 2777 569 2855 ΧΠ,
592 2780 646 2845 ubi
668 2779 805 2862 desinit),
828 2780 894 2861 ipse
906 2796 934 2843 e.
952 2775 1034 2840 1869
1049 2778 1178 2846 contuli.

210 2889 247 2953 In
279 2886 378 2972 primo
415 2885 496 2952 libro
534 2886 610 2950 nihil
651 2885 824 2950 coniectura
861 2882 1038 2959 emendavi3
1069 2883 1178 2968 itaque

111 2997 232 3061 tantum
254 2993 416 3070 ennotubo¹
430 3011 469 3066 s.
483 2991 544 3055 663
566 3011 583 3056 c
598 2990 774 3056 melioribus
798 2988 956 3056 codicibus
970 2989 1177 3055 revocandum

111 3119 175 3169 esso
196 3099 351 3172 museum
373 3115 466 3182 prese
490 3097 582 3172 onim,
605 3116 676 3162 cum
696 3097 769 3163 inde
793 3115 812 3162 a
834 3117 862 3162 v.
886 3093 947 3160 653
972 3095 1081 3162 Inachi
1103 3115 1177 3180 que·

109 3208 180 3275 relae
215 3207 347 3281 fuerint,
391 3187 624 3283 subiicitur'de
650 3197 691 3269 'Io
725 3201 801 3265 tolio
832 3209 1014 3266 ormontem.
1082 3201 1178 3280 (Num
1236 3227 1238 3230 ·

109 3313 259 3379 Inachum
280 3311 383 3392 Argus
405 3308 587 3375 submovere
616 3327 676 3376 non
703 3309 830 3393 potuit.)
876 3307 979 3372 Verbu
1000 3309 1105 3373 enum
1132 3309 1177 3374 sic

111 3417 278 3484 coherent:
314 3414 403 3481 Talis
442 3415 585 3479 moerenti
618 3414 700 3497 putri
736 3414 839 3498 Argus
873 3414 1033 3478 submovet
1069 3411 1176 3479 netum

111 3525 307 3607 ereptamque
330 3521 450 3586 diverse
473 3520 506 3584 in
527 3535 641 3602 pascue
663 3519 824 3585 abstrahit.
871 3517 976 3582 Etiam
1176 3601 1180 3608 ι

207 3631 250 3708 11,
267 3628 327 3692 153
342 3643 359 3690 e
374 3626 529 3690 codicibus
544 3625 738 3691 scribendum
754 3625 810 3700 ost,
825 3623 957 3688 rectiore
969 3624 1172 3708 copulatione:
1216 3607 1220 3614 ¹

242 3737 366 3801 Interea
386 3731 523 3796 volucres
547 3731 654 3817 Pyrois
677 3734 709 3797 et
729 3731 811 3797 Eous
834 3731 866 3794 ot
890 3727 1015 3795 AEthon.

205 3845 208 3852 '
257 3905 259 3910 ,
284 3843 321 3907 ln
346 3838 530 3906 editionibus
551 3839 636 3921 prius
659 3847 685 3900 et
707 3835 871 3903 omittitur.

206 3948 248 4027 ΙΙ,
271 3947 333 4010 774
355 3945 456 4010 editur
478 3944 679 4028 pravissime:

174 4053 324 4140 ingemuit
345 4050 492 4134 (Invidia)
515 4049 694 4132 vultumque
716 4048 780 4113 dces
803 4046 842 4112 ad
864 4044 995 4126 suspiria
1010 4041 1106 4106 duxit.

193 4159 248 4194 0le
306 4169 357 4194 ms.
370 4158 420 4192 cuns·
443 4155 465 4192 ll.
957 4157 971 4199 6
