2924 4660
334 315 394 378 558
690 316 747 371 Lib.
758 317 835 372 VIII.
848 317 967 387 Cap.VI.
1067 357 1070 366 .

195 571 196 574 ,
291 515 439 580 iacturam
462 516 610 598 adiungit.
666 515 828 579 Ablativus
863 515 1115 596 (coniectura)
1138 538 1192 602 pro
1213 522 1351 586 nomina·

290 621 352 684 tivo
378 625 521 704 acceptus
543 622 723 704 particulam
747 621 860 704 genuit.
872 622 897 698 ¹)

217 727 220 735 '
275 747 278 754 ·
390 727 455 791 lbd.
495 728 547 790 16:
592 729 642 792 At
684 745 782 790 nunc
825 727 1023 808 patientia
1065 731 1230 796 servilis
1264 735 1351 798 tan-

289 833 448 915 tumque
483 833 689 916 sanguinis
717 833 819 898 domi
840 833 1040 916 perditum
1062 835 1235 920 fatigant
1270 840 1351 904 aui-

289 957 387 1002 mum
411 942 450 1003 et
471 939 656 1004 maestitia
677 940 933 1023 restringunt.
989 939 1177 1016 Videndum,
1201 963 1239 1008 ne
1261 945 1350 1010 scribi

288 1045 398 1108 debeat
419 1044 675 1126 rcetiayurrnt.

386 1167 451 1231 lbd.
487 1167 526 1229 26
560 1167 603 1246 (in
641 1186 743 1232 eorum
778 1169 932 1247 oratione,
965 1170 1017 1252 qui
1047 1169 1189 1236 Thraseae
1218 1178 1348 1240 mortem

286 1274 487 1338 voluntariam
513 1274 670 1349 suadent):
713 1273 879 1336 Proinde
901 1273 1184 1352 intemeratus,
1204 1279 1349 1362 impol-

286 1381 409 1456 lutus,
444 1399 608 1462 quorum
630 1378 820 1462 vestigiis
854 1381 890 1442 et
912 1381 1058 1446 studiis
1083 1383 1204 1447 vitam
1227 1385 1348 1450 duxe-

285 1487 356 1561 rit,
390 1504 520 1550 eorum
554 1485 683 1567 gloria
716 1487 871 1566 peteret
899 1484 1025 1550 finem.
1081 1487 1164 1566 ,Quid
1186 1490 1228 1553 sit
1248 1490 1348 1573 ylora'c

285 1591 414 1652 clicerius
436 1591 527 1655 finem
549 1595 653 1674 petere
686 1593 740 1654 aut
762 1591 882 1654 omnino
905 1590 1020 1672 aliquid
1042 1591 1150 1668 iacere,
1175 1615 1233 1659 nou
1257 1598 1347 1662 intel·

283 1697 354 1780 ligo.
426 1697 579 1779 Scriptum
628 1695 744 1761 iuerat:
802 1715 931 1760 eorum
975 1695 1143 1779 clerium
1186 1707 1346 1783 peteret

281 1803 378 1884 fine,
418 1803 570 1868 translata
607 1803 736 1878 lineola,
779 1803 836 1866 hoc
876 1805 941 1880 est,
979 1794 1109 1884 glorioso
1146 1807 1207 1870 fine
1240 1809 1280 1874 iis
1315 1828 1345 1874 se

283 1912 426 1992 aequaret.
1240 1917 1242 1920 ’

381 2032 446 2095 Ibd.
486 2030 525 2093 28
560 2031 602 2107 (in
641 2029 726 2113 Eprii
769 2029 908 2094 Marcelli
948 2032 1112 2115 oratione):
1172 2035 1344 2119 Denique

281 2157 393 2222 agere
448 2137 668 2200 senatorem
723 2138 759 2200 et
806 2135 1000 2219 principis
1054 2139 1343 2205 obtrectatores

276 2241 654 2332 *protegere-solitus
688 2243 860 2316 veniret;
900 2247 1101 2330 censeret,
1139 2245 1230 2328 quid
1260 2265 1342 2312 cor·

277 2351 353 2435 rigi
404 2353 468 2414 aut
517 2349 661 2412 mutari
715 2348 850 2422 vellet;
906 2348 1065 2413 facilius
1115 2352 1340 2432 perlaturos

278 2457 436 2540 singula
495 2453 757 2536 Increpatium
820 2473 928 2536 quam
982 2473 1083 2519 nunc
1139 2458 1340 2523 silentium

278 2563 498 2646 perferrent
551 2561 680 2625 omnia
742 2543 1002 2624 damnantiss
1038 2561 1176 2626 Primum
1232 2581 1341 2648 agere

277 2674 492 2734 senatorem
526 2685 585 2731 non
629 2667 712 2732 solus
758 2665 908 2742 Thrasea,
953 2667 1073 2748 opinor,
1118 2667 1227 2732 solitus
1269 2671 1340 2740 erat,

277 2776 330 2840 sed
366 2794 488 2842 omnem
525 2774 621 2837 immo
651 2773 678 2835 is
721 2771 822 2834 minus
857 2771 1019 2836 videbatur
1062 2773 1093 2837 id
1132 2774 1248 2848 facere,
1294 2775 1341 2858 qui

277 2901 357 2964 saepe
391 2881 511 2954 aberat,
553 2881 732 2961 plerumque
773 2864 904 2940 tacebat.
964 2877 1180 2942 Scribendum:
1225 2881 1339 2944 Deui-

277 3007 346 3070 que
393 2994 525 3070 cyrrer
568 2987 792 3049 senatorem
835 2987 886 3058 er,
936 2984 1128 3068 principis
1250 2988 1338 3052 soli·

276 3095 355 3163 tus,
390 3093 552 3156 ueniret.
607 3090 778 3163 Postulant‚
814 3093 849 3153 ut
883 3090 948 3154 iure
981 3108 1034 3154 suo
1075 3093 1193 3170 utatur,
1239 3091 1338 3156 officio
1431 3111 1432 3114 ¹

305 3478 325 3545 ¹)
347 3477 409 3547 Cap.
432 3481 466 3533 12
486 3476 633 3532 necessario
652 3489 712 3531 cum
730 3477 822 3548 Llpsio
843 3477 1023 3545 scribendum
1060 3479 1103 3533 Et
1121 3497 1252 3537 menses
1272 3469 1338 3551 (cod.¹
1431 3543 1432 3570 1

227 3633 230 3641 Ι
344 3571 493 3640 mensis),
521 3570 578 3639 qui
604 3570 758 3639 Aprilem
781 3569 986 3641 eundemque
1005 3571 1194 3628 Neroneum
1225 3591 1336 3645 seque·
1431 3593 1432 3628 l

345 3664 467 3718 bantur
485 3663 534 3730 (sic
552 3664 623 3718 recta
643 3663 772 3732 Nipperd.
792 3679 839 3734 pro
858 3666 1092 3734 sequebatur),
1111 3666 1223 3728 Maius
1243 3667 1333 3724 Clau·
1431 3717 1432 3732 ,

345 3757 407 3824 dii,
433 3759 535 3810 Iulius
559 3754 753 3810 Germanici
782 3756 1172 3814 vocabulismutantur.
1208 3759 1332 3830 Alioquin

344 3849 495 3903 transmissi
521 3848 595 3900 Inuii
621 3859 701 3901 causa
730 3848 849 3904 subiecta
876 3849 996 3918 intelligi
1023 3850 1098 3904 nullo
1126 3849 1203 3904 modo
1239 3855 1333 3922 potest.
1431 3903 1432 3930 ¹

344 3941 414 3995 Nam
432 3941 546 3994 omissus
573 3957 587 3994 e
611 3939 689 3993 fastis
717 3943 790 3994 totus
820 3941 919 3996 mensis
944 3941 1057 3997 ridicule
1083 3944 1211 4014 fingitur3
1243 3943 1333 4014 etqui
1431 3935 1432 3944 ’

344 4038 402 4087 tum
422 4032 594 4087 Germanicus
613 4032 744 4112 appellari
763 4033 886 4103 poterat?
923 4033 989 4106 Iulii
1007 4033 1120 4090 Caesaris
1139 4037 1264 4091 bonorem
1283 4051 1331 4090 nou

343 4124 481 4187 curabant,
500 4123 547 4192 qui
565 4123 698 4179 Neronem
717 4125 903 4181 adulabantur.
