2924 4660
304 272 366 336 w
645 269 943 340 mmmm

260 469 396 552 primum
418 473 455 536 ut
475 489 492 534 e
513 469 601 536 bonis
622 469 801 536 libertorum
824 472 974 544 omnium,
1006 488 1067 534 non
1090 470 1168 534 certi
1189 469 1320 552 generis,

261 577 409 660 equibus
442 579 514 641 ante
536 578 630 640 semis
663 578 731 660 cogi
759 577 872 642 (laesari
896 579 1016 650 soleret,
1049 577 1177 641 dextans
1200 595 1326 660 cogere·

260 685 328 755 tur,
365 681 491 758 deinde,
534 684 570 746 ut
601 683 757 747 calumnia
789 685 920 748 nominis
952 704 1007 766 pro
1039 684 1159 748 libertis
1193 682 1323 748 Caesaris

260 789 457 861 haberentur,
495 791 548 871 qui
579 808 640 854 non
680 792 793 854 essent.
851 789 1007 870 Scriptum
1039 789 1141 854 fuerat
1172 789 1211 852 ad
1244 789 1322 852 banc

260 895 324 958 fere
356 895 504 960 formam:
538 895 704 960 dextans
736 896 772 960 ei
804 895 1023 978 cogeretur,
1057 893 1169 978 [etue
1190 893 1328 956 liberti

260 998 521 1084 taberculum]
554 1001 619 1084 qui
641 1002 725 1066 sine
747 1000 946 1084 probabili
968 1018 1084 1065 cansa
1108 1001 1325 1066 eonomine

261 1109 412 1182 essent,
446 1124 520 1189 quo
553 1106 726 1172 fuissent
757 1107 819 1186 (rel
842 1108 943 1190 potius
972 1125 1041 1170 cnm
1065 1106 1259 1170 Casaubono:
1283 1125 1325 1170 eo

261 1231 358 1278 nom.
391 1213 575 1292 inissent,
615 1232 686 1295 quo
719 1216 867 1290 essent)
889 1213 975 1278 ullae
1007 1214 1184 1288 familiae,
1229 1231 1325 1296 quas

259 1319 345 1400 ipse
366 1319 627 1403 contingeret.
674 1319 792 1401 Itaque,
815 1320 933 1404 siquis
965 1340 993 1385 r.
1014 1340 1041 1386 c.
1066 1321 1221 1386 Domitius
1244 1339 1327 1384 rnor-

260 1426 333 1488 tuus
355 1427 430 1498 erat,
452 1443 530 1498 nee,
552 1443 605 1490 cur
637 1423 669 1488 id
702 1444 812 1490 nomen
846 1427 1011 1510 gessisset,
1043 1427 1211 1509 probabilis
1232 1445 1328 1490 causa
1448 1497 1449 1506 χ

260 1529 348 1595 reddi
377 1531 515 1612 poterat,
552 1530 592 1596 ad
629 1532 781 1596 Gaesarcm
813 1532 968 1596 hereditas
1003 1535 1039 1595 ut
1070 1532 1174 1598 liberti
1201 1550 1327 1598 revoca-

260 1637 427 1808 batur’Ibd.
465 1741 523 1817 33,
563 1743 617 1807 ubi
651 1741 770 1807 codices
803 1743 913 1824 optimi
944 1743 1072 1808 babent:
1114 1763 1134 1808 a
1165 1744 1327 1827 quadam
1448 1817 1449 1820 Ἴ

260 1850 433 1914 Lucusta
462 1848 766 1914 uenenariorum
786 1849 933 1924 indice,
967 1851 1089 1914 tantum
1120 1849 1208 1929 pauci
1229 1849 1329 1914 inter·
1448 1915 1449 1931 ,

259 1955 355 2039 poluti
375 1953 543 2038 inelyte,
577 1953 658 2038 quod
686 1974 739 2037 pro
753 1957 882 2038 juncea
902 1973 963 2019 non
985 1957 1069 2018 recte
1094 1954 1223 2029 dicitur,
1255 1973 1326 2019 cum

259 2061 433 2144 pracsertim
453 2060 615 2122 pocenaria
636 2080 690 2142 pro
711 2060 841 2145 venefica
862 2060 942 2143 apud
965 2061 1061 2126 bonos
1081 2059 1244 2142 scriptores
1266 2079 1327 2124 non
1448 2031 1449 2110 i

259 2166 382 2249 legetur
418 2165 484 2243 (sed
517 2164 598 2247 apud
639 2165 838 2242 Petronium,
870 2167 1053 2248 Apuleium,
1085 2165 1326 2244 Tertullianum)

261 2291 319 2336 uec
349 2271 580 2342 uenenariorum
612 2271 719 2333 inclito
739 2290 794 2354 pro
832 2290 877 2348 eo,
910 2273 990 2355 quod
1017 2275 1067 2337 est
1093 2277 1328 2334 oeconomorum

208 2438 211 2444 .
261 2376 463 2454 inclitusimc,
493 2378 566 2442 ferri
588 2378 700 2459 possit,
722 2377 918 2444 scribendum
940 2377 1078 2443 videtur:
1100 2398 1327 2440 venenorum

260 2485 454 2547 rariorum
476 2485 610 2548 iudice.
654 2482 814 2550 Facillime
845 2484 958 2548 littere
981 2482 1122 2566 quaedam
1145 2485 1240 2548 exteri
1272 2504 1328 2568 po-

274 2593 395 2656 uerunt.

362 2695 429 2763 Ibd.
461 2695 517 2760 56:
550 2695 660 2773 (Nero)
691 2694 1079 2778 aliasuperstitione
1102 2696 1254 2776 ceptus,
1287 2696 1324 2759 in

260 2822 334 2886 qua
356 2801 442 2870 sola
463 2801 786 2885 pertinacissime
818 2800 943 2874 baesit;
976 2801 1007 2864 si
1029 2799 1187 2882 quidem
1209 2818 1325 2864 ecun-
1448 2865 1449 2894 3

258 2909 384 2974 culam
408 2908 642 2991 puellarem,
666 2926 747 2971 cum
854 2904 1050 2988 aplebeio
1072 2905 1239 2986 quodam

258 3013 407 3077 muneri
439 3014 676 3096 accepisset,
794 3011 921 3076 colere
942 3012 1227 3095 perseveravi-t.
1272 3012 1324 3077 Sic

212 3137 215 3194 j
258 3119 392 3196 codicem
423 3119 618 3184 efficiendum
641 3121 708 3184 erat
728 3137 789 3184 non
811 3118 1051 3193 icunculam,
1075 3117 1155 3202 quod
1178 3136 1197 3181 e
1218 3117 1324 3184 Graeeo

215 3225 217 3230 '
258 3225 409 3290 themate.
430 3243 523 3308 preve
550 3225 667 3313 ,Latina
700 3225 798 3289 forma
830 3223 966 3308 fingitur,
1000 3223 1069 3288 sed:
1105 3224 1138 3288 si
1170 3223 1324 3306 quidem

163 3385 166 3392 .
257 3331 557 3414 imagunculam.
611 3330 733 3396 Excidit
765 3330 815 3394 im
849 3331 922 3411 post
943 3348 1013 3406 em;
1039 3348 1112 3394 nam
1142 3352 1157 3390 c
1186 3333 1218 3394 et
1249 3330 1322 3414 pin

256 3437 383 3521 antique
405 3438 557 3519 scriptura
585 3453 667 3519 saepe
691 3435 741 3500 rix
762 3434 927 3499 discernas.
989 3435 1061 3499 Non
1097 3435 1231 3500 attendit
1264 3436 1322 3502 Ca·
1448 3517 1449 3532 χ

257 3543 422 3619 sunbonus,
456 3562 525 3611 eum
548 3543 604 3608 boc
626 3561 645 3606 a
667 3540 818 3606 Sabellico
841 3541 1000 3606 inventum
1028 3541 1147 3624 longius
1169 3561 1187 3605 a
1209 3542 1323 3608 tradita
1448 3545 1449 3618 t

255 3649 406 3730 scripturn
431 3648 587 3714 discedere
609 3647 737 3731 putavit.
1448 3629 1449 3712 J

356 3753 445 3819 Gelb.
466 3754 489 3818 6
516 3752 694 3818 exciderunt
726 3753 815 3835 paulo
840 3753 944 3836 plura,
966 3769 1057 3836 quam
1080 3753 1172 3837 vulgo
1195 3755 1322 3836 putante
1448 3771 1449 3791 ¹

255 3877 327 3923 nem
361 3859 531 3926 necessario
570 3857 719 3922 exercitus
757 3862 810 3924 eut
841 3859 1003 3942 provinciae
1037 3877 1148 3924 nomen
1179 3858 1318 3924 Suetonio

255 3963 428 4028 addendum
449 3965 516 4028 trit.
540 3965 647 4048 lteque
669 3964 784 4029 saltem¹
803 3965 843 4030 ud
863 3967 942 4030 bano
957 3966 1087 4036 formem
1110 3966 1317 4044 scribendum:
