3018 4634
290 305 352 370 244
646 303 707 361 nso.
725 302 788 359 vn.
806 301 873 374 esp.
886 303 925 359 11.
971 387 976 398 Ι

249 505 363 580 entia,
386 501 594 589 apparatus
610 503 647 564 ll
673 506 766 586 (quae
783 501 889 568 enim
911 499 1334 566 venientia'metuun-¹

248 615 326 689 tun,
358 609 492 676 eadem
529 609 719 675 alliciunt
745 607 982 693 aegritudine
1011 607 1226 683 instantia,
1258 605 1311 672 ubi

249 715 410 800 praeoeditt
444 716 589 782 motum
620 715 777 792 futuris,
799 712 1074 797 aegritndinem
1109 713 1315 798 praesenti·

249 823 347 900 bus),
370 821 427 900 111,
462 820 502 883 14
535 821 701 896 (easdem
731 818 1002 903 impendentes
1041 821 1088 885 et
1110 819 1314 885 venientes

250 928 455 1003 timemus),
493 927 588 993 Aead.
621 927 662 1005 ΙΙ,
696 925 766 999 135,
800 927 857 991 oet
908 923 1244 1008 Sequentiaortum
1268 925 1317 990 ost

252 1053 289 1100 ex
312 1051 357 1107 eo,
381 1031 461 1116 qued
483 1033 654 1116 proximum
676 1031 822 1116 praeeedit
841 1031 934 1116 longe
957 1031 1047 1096 aliter
1069 1031 1221 1114 positum:
1243 1031 1317 1096 dun

252 1139 527 1223 consequentis
549 1137 747 1204 molestiae.
1109 1149 1113 1158 ·

353 1305 421 1372 (lat.
444 1304 485 1374 ll.
511 1303 767 1370 lambendum
796 1285 950 1387 siesss's:
988 1305 1059 1372 ille
1085 1309 1212 1372 autem
1234 1303 1317 1370 Ga-

252 1411 368 1494 piene
391 1411 428 1476 et
449 1409 632 1494 Philippo
654 1410 796 1478 iterum
818 1429 916 1478 eess.
937 1413 1108 1478 mortuus
1134 1413 1210 1486 est,
1233 1427 1318 1474 enm

253 1537 322 1602 ogo
353 1519 525 1601 quinque
565 1517 602 1582 ot
635 1517 840 1602 sexaginte
872 1535 998 1584 annos
1033 1521 1152 1598 natus
1187 1516 1318 1600 legem

252 1623 461 1689 Voconiam
482 1641 620 1708 magna
640 1641 734 1690 ueee
839 1623 954 1688 suasi
995 1622 1068 1690 Sed
1090 1640 1205 1689 annos
1228 1637 1318 1702 sep·

253 1729 436 1814 tuaginta
458 1728 577 1794 natus
600 1730 658 1794 eet.
692 1733 758 1812 (pro
781 1728 1002 1795 suasissem.
1063 1731 1192 1794 Annos
1221 1728 1319 1809 sept.

254 1841 309 1911 n),
331 1833 490 1898 admonuit
510 1853 562 1900 me
583 1834 745 1918 aliquande
773 1835 818 1901 Ie.
841 1834 1125 1902 Forehhammerus.
1182 1833 1265 1900 Nam
1287 1832 1320 1898 ot

253 1959 349 2023 prava
381 1939 564 2024 significatio
598 1940 696 2006 onitur
729 1960 765 2006 ex
796 1941 855 2007 hae
887 1941 1112 2008 ooniunotione:
1145 1941 1319 2008 mortuus

256 2050 330 2124 ost,
365 2064 450 2112 eum
484 2065 553 2131 ego
581 2041 809 2123 suasissem,
842 2048 874 2112 et
895 2047 1087 2128 desideratur
1108 2047 1229 2115 sedin
1251 2064 1320 2111 ora·

254 2152 338 2218 tione
361 2152 401 2217 ad
421 2152 611 2236 propositum
646 2154 755 2236 (qued
788 2173 860 2219 non
882 2154 1058 2221 faciebat
1078 2153 1115 2220 is
1138 2155 1213 2236 oet.)
1234 2169 1321 2218 reve·

255 2256 364 2324 eanda.

355 2386 423 2454 Ibd
446 2387 485 2452 28
508 2387 630 2454 sublata
659 2387 867 2472 geminatione
894 2389 1006 2456 litterae
1039 2388 1233 2457 seribendum
1255 2387 1320 2452 est:

256 2491 323 2558 sod
361 2493 489 2558 tamen
532 2496 591 2558 est
627 2493 789 2560 deeorus
831 2495 913 2558 soni
947 2503 1015 2580 (pro
1049 2495 1162 2572 senis)
1197 2510 1320 2560 sermo
1392 2563 1394 2568 ,
1499 2475 1500 2482 ἵ

256 2583 412 2682 quietus
434 2600 472 2665 ot
494 2599 693 2666 remissus.
735 2687 738 2694 ,

354 2729 517 2795 Postremo
551 2729 616 2794 loeo
651 2729 911 2814 fragmentorum
946 2747 1066 2814 qnoque
1104 2747 1141 2795 en
1167 2725 1322 2794 Oioeronis

255 2831 351 2907 libris,
385 2834 437 2916 qui
462 2833 694 2913 interciderunt,
732 2837 934 2903 correctiones
961 2835 1109 2920 pauculas
1142 2833 1324 2901 brevissime

257 2938 436 3016 subiciam,
467 2939 599 3024 Kayseri
627 2941 659 3006 et
680 2941 798 3008 Baiteri
825 2943 963 3010 ordinem
993 2961 1134 3027 sequens.
1178 2939 1262 3007 Nam
1291 2939 1324 3004 in

256 3045 293 3111 ir.
326 3045 346 3109 8
372 3044 448 3111 orat.
470 3065 524 3128 pro
548 3046 704 3114 Fundanio
739 3053 788 3128 (ex
819 3049 877 3117 Iul.
901 3049 1074 3127 Rufiniane,
1106 3048 1201 3134 Kays.
1228 3066 1269 3132 e·
1293 3045 1324 3120 7)

256 3151 452 3218 scribendum
475 3154 538 3218 est:
561 3153 595 3218 si
615 3154 693 3220 tibi
715 3155 786 3222 hee
810 3178 830 3218 a
851 3155 1090 3218 Parmenone
1111 3154 1261 3239 eliquia
1282 3169 1326 3217 au

257 3275 327 3322 non
346 3257 429 3340 ipse
452 3258 636 3326 Parmeno
658 3261 893 3343 nuntiasset3
918 3260 1109 3338 inoratiene,
1124 3279 1194 3344 qua
1214 3257 1326 3324 inseri·

260 3363 344 3428 bitur
356 3383 410 3446 pro
422 3365 458 3429 L.
471 3365 593 3432 Othone
607 3369 651 3450 (p.
664 3365 717 3444 26)
729 3365 870 3450 ponenda
881 3385 918 3433 en
930 3367 1083 3432 Arusiano
1095 3365 1211 3430 Messio
1222 3384 1252 3447 p.
1265 3361 1327 3425 245·

260 3465 399 3534 Lindem.
423 3487 495 3536 vera
516 3469 690 3558 inscriptio:
728 3473 975 3540 eumalndis
999 3472 1214 3539 contionem
1238 3486 1328 3535 ave·
1392 3504 1400 3508 -
1499 3487 1500 3490 ’

261 3573 367 3639 eavit
391 3577 457 3653 (etr.
481 3577 564 3642 Plut.
587 3578 650 3644 Cio.
675 3577 743 3658 13l3
777 3579 809 3644 in
841 3580 879 3645 fr.
908 3581 924 3643 1
947 3578 1092 3646 erationis
1125 3577 1230 3643 eontra
1252 3593 1329 3641 eon·

125 3736 126 3742 ,
260 3680 378 3746 tionem
402 3682 437 3762 Q.
459 3684 578 3750 Metelli
600 3692 641 3770 (p.
667 3684 727 3760 26)
749 3686 816 3751 sine
839 3685 931 3753 dubio
952 3685 1146 3752 scribendum
1169 3684 1233 3748 est:
1271 3680 1328 3746 sio

261 3787 361 3854 onim
412 3812 538 3875 oyem,
585 3794 626 3856 ut
668 3791 834 3874 opinort,
867 3793 1050 3878 insequar
1091 3789 1327 3876 fugientem,

263 3895 443 3978 quoniam
465 3900 539 3975 eet,
573 3898 609 3962 fr.
645 3899 748 3964 autem
771 3898 791 3960 9
813 3903 855 3982 (p.
878 3899 931 3976 27)
953 3917 970 3964 e
992 3898 1130 3964 oodieum
1149 3892 1332 3975 Quintiliani

264 4002 402 4088 uestigiis
440 4003 634 4070 efficiendum
663 4003 799 4070 videtur:
836 4005 902 4089 qui
937 4003 1233 4081 indicabantur,
1270 4017 1331 4066 ees
