2956 4648
301 222 363 285 512
512 287 518 296 ,
660 221 933 292 montuosum.

361 423 420 504 Ep.
442 418 512 492 121,
533 419 555 480 4
577 419 638 502 (5):
682 419 765 485 Non
796 417 984 488 desistam
1020 470 1027 485 .
1056 467 1093 486 ..
1124 422 1226 488 votis
1258 422 1325 488 ob·

260 531 448 612 strepere.
509 523 673 603 Quidni?
709 543 791 590 oum
814 525 1188 592 maximamalorum
1211 529 1326 610 opta·

260 635 431 699 serimus
454 633 492 696 et
513 649 557 695 ex
578 630 860 714 gratulatione
887 633 1017 696 natum
1040 631 1109 705 sit,
1131 632 1325 718 quioquid

259 736 513 822 adloqnimnr.
574 735 626 802 Sio
660 736 781 802 oodioes
817 735 1161 820 (antelloqnimur)
1186 737 1324 804 etHae·

259 844 334 922 sius,
356 846 422 910 sine
443 861 552 920 senem
580 843 773 925 perspiouum
796 842 845 906 ost
865 842 958 918 enim,
993 843 1160 910 stultitiam
1182 846 1324 910 votorum

262 955 465 1020 humanorum
506 947 751 1022 monetandi,
774 947 955 1031 quotque
987 967 1067 1014 nuno
1099 949 1260 1034 lugeamus
1292 953 1325 1016 et

261 1060 371 1145 quibus
393 1059 516 1124 liberari
538 1055 706 1138 onpiamus,
730 1073 766 1118 en
788 1055 859 1120 voto
883 1053 972 1120 nobie
1002 1053 1173 1120 reciderint
1197 1059 1231 1130 et
1253 1075 1323 1122 oum

262 1164 468 1250 gratulatione
502 1164 627 1244 aooopte
657 1161 729 1226 sint.
787 1160 849 1224 Sed
879 1159 958 1242 quod
980 1159 1139 1226 Fiekertns
1163 1161 1323 1226 substituit

260 1269 452 1354 quioquid
480 1267 745 1351 obloquimur,
773 1265 868 1330 etiam
890 1266 1014 1348 previus
1037 1271 1100 1342 est;
1139 1266 1216 1332 nihil
1239 1267 1321 1332 eninr

259 1375 345 1442 aliud
366 1376 414 1440 est
433 1376 508 1441 nisi:
536 1371 724 1457 quioquid
746 1373 884 1436 eontra
905 1383 992 1454 (quos
1014 1374 1068 1438 aut
1089 1372 1206 1456 quedl)
1229 1371 1322 1437 dioi-

259 1500 349 1547 mns.
404 1481 547 1564 Suspicor
584 1478 696 1544 fuisse:
744 1477 934 1560 quioquid
970 1478 1188 1542 amolimur.
1240 1479 1320 1545 Nam

258 1588 509 1654 laorlmamus
538 1584 632 1675 nimis
653 1583 744 1667 longe
766 1582 840 1649 abit.
888 1583 1032 1666 Sequitur
1053 1585 1071 1667 ς
1095 1583 1187 1662 6(7):
1207 1585 1321 1652 Nemo

257 1713 357 1777 aegre
380 1692 545 1758 molitur
567 1691 683 1754 artus
705 1707 811 1771 suoe;
837 1705 946 1752 nomo
967 1687 1005 1752 in
1027 1707 1099 1752 neu
1120 1692 1179 1757 sui
1198 1692 1320 1758 haeeit.

259 1800 317 1864 Ao
338 1800 410 1864 hoo
443 1798 556 1863 editu
576 1795 755 1878 protinus
788 1793 955 1869 faoinnt3
990 1811 1070 1858 oum
1099 1795 1168 1862 heo
1192 1798 1322 1863 scion·

258 1906 313 1970 tia
345 1905 557 1988 prodeunt,
604 1901 795 1966 instituta
831 1905 1052 1971 naseuntur.
1107 1901 1320 1970 Offenditmo

257 2012 426 2094 perfeetum
450 2028 545 2074 unum
580 2007 724 2086 (haesit)
757 2006 838 2071 inter
859 2010 961 2074 uetera
982 2010 1159 2092 praesentim
1194 2007 1322 2074 offendit

258 2115 427 2191 sententia;
465 2133 561 2198 neque
587 2112 667 2178 euim
690 2113 735 2176 ad
756 2113 825 2178 hoo
853 2112 1068 2181 oditu'reote
1090 2116 1243 2192 (linuntur,
1267 2099 1321 2178 sod

258 2224 316 2288 hoo
337 2225 387 2299 (nt
408 2220 576 2288 molientur
598 2219 697 2295 artus)
727 2217 854 2283 furiunt.
902 2220 1119 2288 Soribendnm:
1154 2238 1265 2286 nemo
1284 2218 1319 2283 in

258 2347 327 2392 usn
370 2329 430 2394 eni
473 2325 644 2402 horitan
687 2324 753 2388 hoo
797 2323 905 2389 edita
942 2327 1122 2408 protinus
1156 2325 1319 2392 faciunt.

208 2467 210 2472 ·
258 2434 426 2517 Aliquanto
465 2431 545 2498 infra
587 2429 608 2517 ξ
640 2430 681 2492 24
712 2429 743 2494 in
777 2429 802 2494 B
834 2451 854 2513 p
888 2431 1016 2516 aliisque
1050 2434 1096 2498 sio
1128 2431 1320 2507 scribitnrllr

259 2540 428 2605 Primum
451 2539 520 2604 hoo
546 2537 858 2602 instrumentum
880 2536 966 2602 illis
990 2539 1046 2618 (sio
1069 2560 1103 2624 p;
1126 2541 1152 2604 B
1175 2543 1207 2606 et
1227 2537 1320 2622 pleri·

258 2665 316 2730 que
351 2646 438 2722 illa)
476 2645 615 2708 natura
656 2642 828 2706 eontulit
872 2643 915 2707 ad
951 2646 1251 2726 permanendum
1282 2646 1320 2710 in
1454 2611 1455 2678 ἕ

258 2751 575 2816 consiliationem
607 2746 880 2812 etceritutem
904 2749 971 2813 sui.
1021 2749 1099 2816 Non
1135 2752 1322 2835 poterant

257 2858 369 2923 salva
412 2873 513 2930 esse,
561 2851 641 2918 nisi
683 2851 849 2917 vellent.
899 2853 977 2919 Neo
1010 2857 1321 2938 nonhooperse
1360 2911 1368 2924 .

256 2971 336 3044 (por
368 2979 406 3026 se
438 2979 498 3025 om.
531 2970 575 3041 p.)
613 2957 858 3040 profuturum
893 2961 994 3034 erat,
1027 2961 1094 3026 sed
1132 2961 1218 3027 siue
1251 2961 1321 3025 hoo

243 3067 370 3132 'nullu
402 3085 463 3130 res
491 3063 720 3148 profuisset.
781 3062 857 3128 Sed
889 3063 927 3128 in
962 3066 1073 3131 nulla
1104 3066 1321 3149 deprendes

258 3172 457 3237 vilitatem
479 3169 545 3241 sui,
562 3185 605 3232 no
623 3167 904 3252 negligentium
921 3171 1083 3252 quidem.
1106 3173 1322 3238 Ridiculeedi·
1452 3259 1453 3270 ἶ

258 3275 554 3359 turaplon’squoiu
575 3274 856 3340 conciliatione
879 3277 1184 3366 otcaritetesni.
1218 3277 1322 3356 Quod·
1375 3263 1388 3288 “
1452 3271 1453 3282 ’

257 3399 329 3447 nem
352 3381 431 3446 enim
455 3381 513 3446 hoo
544 3379 659 3446 Soneoa
691 3379 766 3445 dioit
798 3379 1064 3448 instrumentum?
1111 3383 1152 3449 lot
1182 3403 1242 3466 quo
1273 3384 1321 3448 iu·

257 3491 427 3552 strumento
458 3504 533 3568 opus
567 3488 615 3552 eet
646 3484 686 3550 ad
717 3487 958 3569 permanendum
990 3487 1021 3553 in
1050 3489 1265 3556 consiliatione
1289 3492 1321 3554 ot

256 3693 454 3700 Ἥ

281 3835 302 3903 ι)
329 3835 362 3890 In
380 3833 470 3889 codiee
499 3833 572 3889 enirn
600 3849 617 3902 p
641 3833 728 3888 medio
754 3834 858 3888 inserta
884 3837 947 3889 sunt
976 3836 1097 3905 quadarn
1121 3837 1193 3901 folia
1222 3835 1322 3906 quibus

327 3927 502 3982 eontinentur
531 3941 570 3996 ep.
590 3928 656 3992 121,
686 3929 718 3982 11
744 3925 777 3980 ad
801 3929 851 3982 122
875 3931 941 3982 extr.
966 3928 1058 3994 simili,
1091 3931 1172 3998 atque
1202 3930 1321 4000 reliqua.
1450 3959 1451 3964 κ

223 4037 225 4044 ·
326 4033 407 4074 manu
427 4020 541 4089 scripta.
