2938 4630
268 286 310 349 32
626 286 687 343 Lib.
704 287 754 344 VL
772 286 838 358 Gap.
851 287 889 342 11.

222 489 334 569 torque
355 503 401 566 oa,
423 505 490 569 que
511 486 665 552 numum
688 505 724 551 ox
744 504 805 552 nuo
826 487 982 569 allatoqm
1003 485 1107 552 oodioo
1126 488 1167 552 ob
1186 487 1289 552 uosoio

224 611 318 676 quam
357 592 552 675 antiquitatis
584 593 716 676 speeiem
748 593 847 658 atavo
881 590 920 656 do
945 609 1039 658 eausa
1065 592 1290 660 inconsiderato

222 698 376 775 adsuut,
419 699 608 764 oonisolnras
641 698 760 781 aliquot
806 699 837 762 iu
872 697 991 763 oxum
1028 697 1134 764 intulit
1175 697 1289 775 (diuam

226 803 333 879 libero,
354 822 393 868 ne
415 803 481 868 haeo
489 803 680 872 mussitando
701 804 823 885 probaui
845 802 1017 876 videantur,
1041 807 1074 868 eo
1095 823 1135 870 no
1155 821 1290 887 operosa

227 909 372 978 doetriuae
404 909 569 991 apparatus
602 909 698 974 eliam
729 911 807 974 reoli
850 909 986 992 uertique
1020 909 1052 974 iu
1087 912 1154 976 arto
1187 907 1291 974 iudioii

226 1013 400 1098 opinionem
420 1013 547 1080 nimum
570 1013 676 1091 locut)
697 1015 743 1078 ite
762 1014 916 1080 sententia
937 1016 970 1079 et
990 1015 1092 1083 verbio
1113 1033 1233 1098 pravus,
1255 1017 1291 1080 ut

227 1122 434 1186 monstrorum
449 1119 526 1184 mihi
538 1119 653 1184 similos
667 1120 842 1195 videantur3
866 1121 953 1186 volut
974 1121 1055 1204 quod
1065 1119 1136 1186 AEu.
1148 1121 1202 1198 IV,
1217 1119 1289 1195 436,

225 1225 392 1308 quiaapud
412 1224 543 1290 oomioos
564 1226 636 1286 auri
657 1235 768 1286 monos
788 1243 843 1306 pro
858 1225 989 1292 summis
1008 1225 1124 1292 divitiis
1136 1225 1291 1303 dicuntur,

227 1329 323 1396 etiam
344 1331 465 1396 sublato
487 1331 554 1395 anri
572 1331 706 1408 nomine,
730 1331 762 1394 in
784 1348 842 1414 qno
863 1332 962 1398 omnis
973 1329 1160 1414 significatio
1171 1329 1290 1408 nititur,

227 1435 379 1520 singulari
413 1455 541 1504 numero
576 1436 609 1500 in
646 1435 756 1520 grandi
790 1437 929 1502 oratione
965 1436 1081 1502 dietum
1112 1435 1291 1520 aVergilio

227 1542 316 1606 finxit
335 1542 368 1606 in
390 1542 488 1608 Didus
510 1560 654 1624 persono:
677 1541 795 1603 veniam
817 1541 1004 1604 omnulolom
1017 1542 1291 1606 muneralium

228 1646 362 1724 (Similia
381 1649 564 1730 reperiasI,
598 1647 670 1723 396,
706 1647 746 1720 ll,
770 1647 808 1708 75
831 1647 1033 1724 51422111,
1069 1646 1292 1724 apostolo.)

225 1752 307 1817 Cum
342 1753 517 1818 huiusmodi
552 1753 733 1818 eoniooturis
767 1771 837 1817 oum
874 1773 1018 1836 comparo
1054 1754 1133 1818 alios
1165 1751 1294 1818 editoris

228 1858 390 1922 enarrandi
410 1859 640 1933 oonfidentam,
671 1859 703 1922 in
727 1858 797 1922 AEn.
830 1859 871 1936 ΙΙ,
903 1858 966 1922 359
998 1859 1189 1930 infinitivum,
1206 1857 1295 1942 aequae·

227 1983 282 2045 pro
313 1964 494 2046 imperativo
526 1963 598 2046 poni
628 1964 779 2028 undantis
810 1965 902 2048 idque
932 1964 1141 2030 ooufirmentis
1174 1963 1293 2028 duobu

226 2068 346 2133 soilioot
377 2069 474 2152 ipsius
495 2069 625 2152 Vergilii
659 2069 817 2152 exemplis,
849 2068 891 2143 ΙΙ,
926 2069 985 2132 707
1010 2072 1042 2134 ot
1063 2069 1119 2148 ΙΙΙ,
1155 2067 1228 2141 405,
1258 2068 1293 2134 iu

226 2173 339 2256 quibus
372 2174 562 2239 certissimus
596 2177 644 2240 ost
674 2194 735 2240 non
767 2175 937 2240 infinitivus
970 2175 1097 2252 activus,
1144 2173 1200 2239 sed
1231 2174 1293 2238 im·

228 2280 384 2360 perativus
432 2280 572 2362 passivus
610 2287 696 2357 (uam
731 2281 852 2366 impone
884 2284 915 2346 ot
940 2279 1016 2358 υεία,
1049 2281 1116 2363 quis
1149 2297 1211 2343 non
1246 2277 1294 2342 ri-

229 2383 310 2457 deat,
356 2384 382 2449 ei
428 2386 495 2468 quis
527 2387 570 2450 ibi
603 2385 664 2450 diei
706 2405 796 2470 posse
831 2388 956 2470 putetlp
1003 2387 1036 2450 ot
1081 2402 1141 2448 uno
1178 2379 1295 2448 Valerii

229 2489 333 2554 Illeooi
364 2487 423 2568 ΙΙΙ,
459 2489 521 2552 412
553 2491 617 2572 (qui
648 2490 771 2572 scripsit
813 2490 922 2554 adite
953 2491 1072 2568 auore),
1098 2492 1198 2571 ‚atque
1234 2487 1294 2552 hoo

229 2595 368 2677 repetitis
410 2595 593 2662 editionibus
624 2596 789 2662 leotoribus
826 2597 1034 2662 commendari
1077 2595 1174 2668 video,
1216 2611 1294 2658 eon-

230 2701 335 2766 turbor
386 2701 488 2766 auium
533 2704 564 2766 et
611 2701 765 2766 interdum
817 2706 922 2768 sotum
965 2701 1003 2767 de
1052 2700 1185 2782 simplioi
1227 2717 1293 2764 sou·

229 2806 331 2872 monis
343 2807 445 2872 latini
465 2807 767 2892 intelligentiaputo;
790 2825 849 2870 non
871 2825 929 2891 qno
952 2825 1013 2871 non
1028 2806 1099 2900 ipse
1118 2805 1293 2877 thesram

231 2911 393 2994 aliquando
414 2932 470 2977 neo
492 2932 542 2976 me
554 2912 713 2995 expediam
736 2914 768 2976 et
789 2931 887 2976 errem
908 2911 1062 2976 interdum
1074 2909 1293 2974 etdubitenter

230 3015 371 3100 quaedem
394 3017 543 3102 enepioor;
566 3017 620 3082 sed
633 3021 705 3082 sunt
716 3017 857 3099 quaedam
869 3017 1052 3100 simpliciter
1063 3014 1250 3098 explodenda
1261 3015 1294 3078 et

229 3140 335 3186 severe
357 3122 498 3187 arcenda.
509 3124 533 3201 1)
575 3122 690 3186 Verum
711 3123 751 3188 ad
772 3123 892 3188 nostres
920 3122 984 3188 siue
1008 3113 1195 3204 suspiciones
1228 3119 1293 3186 sivo

300 3357 492 3426 Peerlkampns
516 3357 544 3410 iu
568 3357 637 3412 libro
655 3359 707 3424 III,
735 3361 794 3424 128,
824 3361 884 3423 129,
903 3357 1022 3427 Scaliger
1039 3357 1069 3410 iu
1087 3353 1158 3409 libro
1176 3353 1209 3420 X,
1241 3353 1293 3409 714

303 3453 398 3515 -718,
417 3451 446 3504 iu
466 3447 603 3518 Georgicis
620 3452 649 3504 ot
666 3449 714 3504 ulii
732 3453 762 3504 et
778 3450 835 3519 ipso
853 3450 1015 3505 Ribbookiue
1038 3451 1062 3517 I,
1092 3448 1241 3510 251-258,
1261 3462 1292 3499 ox

302 3541 394 3611 aliqua
420 3544 498 3611 parte
526 3542 607 3596 etium
634 3543 686 3605 ΙΙΙ,
711 3546 763 3599 249
791 3559 848 3612 sqq.
897 3541 967 3597 Nam
990 3559 1014 3598 u.
1039 3543 1093 3598 264
1118 3543 1147 3594 ot
1164 3543 1218 3596 265
1234 3539 1292 3592 iure

299 3637 362 3689 ante
380 3651 406 3690 v.
424 3637 477 3691 258
494 3638 645 3705 ponentem
675 3635 788 3689 fortasse
811 3636 894 3689 etiam
921 3651 946 3692 v.
972 3637 1033 3699 269,
1064 3636 1116 3690 270
1133 3633 1223 3686 venui
1240 3632 1292 3686 266

302 3726 400 3781 eubiioi
426 3727 533 3792 debent,
560 3730 620 3782 tum
650 3729 701 3783 267
730 3727 885 3796 reliquaque
917 3727 1006 3796 seqni3
1036 3728 1133 3795 pretor
1150 3725 1207 3779 luae
1221 3721 1293 3778 uihil

302 3820 402 3874 moveri
420 3819 512 3884 dobot;
537 3823 608 3874 reete
626 3820 697 3874 onim
715 3820 831 3888 psimum
849 3820 971 3874 universo
989 3835 1019 3873 ex
1037 3818 1111 3874 omni
1130 3833 1228 3886 genero
1246 3833 1290 3870 ex·

301 3914 389 3981 ampla
415 3914 559 3981 ponuntur,
596 3913 678 3967 etiam
708 3925 848 3981 equorum
877 3913 936 3965 tum
969 3911 1114 3980 sopnratm
1146 3909 1181 3964 ad
1210 3923 1291 3978 equas

301 4005 415 4060 venitur.

255 4099 282 4163 ⁴¹)
301 4098 385 4153 Velut
392 4097 469 4165 VIII,
482 4100 534 4155 519
545 4113 575 4152 ox
585 4095 765 4152 iuoouetautia
773 4095 886 4166 quedam
896 4097 925 4150 ot
933 4109 1021 4150 errore
1030 4094 1115 4164 partis
1125 4092 1245 4148 eodiouun
1262 4091 1293 4145 in
