2956 4648
575 265 662 322 Taciti
679 267 805 324 Annales.
1126 265 1184 328 551

267 465 333 531 Ibd.
378 465 432 528 31:
497 464 642 530 Ferunt
684 463 860 530 Vettium
903 463 1117 531 Valentem

167 571 534 656 interrogantibus,
584 570 672 653 quid
711 570 927 652 aspiceret,
973 572 1227 654 respondisse

167 679 447 761 tempestatem
470 677 514 742 ab
536 675 653 740 Ostia
674 676 864 750 atrocem,
884 676 965 742 sive
994 681 1165 761 caperat
1186 697 1228 744 ea

167 784 337 864 species,
370 803 434 850 seu
465 781 570 846 forte
606 782 714 864 lapsa
738 799 804 846 vox
825 774 864 846 in
886 785 1119 867 prasagium
1141 803 1230 850 ver.-

167 889 227 955 tit.
275 889 419 972 Ineptum
453 887 501 953 est
532 887 703 970 ooeperat
736 889 768 950 et
799 888 881 952 initii
906 889 1007 971 notio,
1039 909 1109 956 cum
1132 891 1229 974 signi·
1313 930 1316 936 ·

166 997 273 1062 ficetur
305 1014 341 1060 ea
362 993 480 1078 species
502 981 571 1059 vere
598 993 725 1058 obiecta.
780 993 906 1060 Tacitus
928 995 1110 1078 scripserat:
1145 997 1229 1063 sive

168 1111 319 1186 ceperat
341 1121 418 1162 eom
446 1098 624 1182 speciem.
655 1097 833 1164 Omisso·m
859 1100 974 1165 factum
998 1119 1039 1166 ea
1060 1103 1228 1186 species.
1293 1155 1296 1162 .

169 1208 267 1286 [Vett.
290 1206 358 1272 edd.
381 1207 535 1288 ceperat
557 1223 600 1269 ea
622 1205 796 1288 species]

267 1313 334 1378 lbd.
368 1311 426 1375 34:
470 1311 656 1375 Instabat
692 1310 850 1393 quidem
890 1308 1105 1377 Narcissus
1141 1329 1230 1393 ape·

167 1417 246 1483 rire
278 1417 461 1500 ambages
502 1419 540 1480 et
576 1416 835 1499 vericopiam
872 1419 1020 1492 facere;
1061 1414 1128 1480 sed
1160 1425 1229 1480 non
1290 1495 1292 1500 Ι

166 1523 251 1588 ideo
272 1523 459 1604 pervicit,
481 1522 572 1604 quin
594 1541 788 1603 suspensa
809 1525 862 1598 et,
890 1542 960 1606 quo
981 1524 1230 1593 ducerentur,

166 1629 411 1694 inclinatura
442 1628 710 1710 responderet.
751 1627 886 1694 ¹Claudii
926 1648 1074 1712 suspensa
1106 1645 1235 1710 respon.

168 1733 269 1800 dentis
306 1733 451 1816 ambages
485 1731 589 1809 erant:
627 1733 691 1799 eius
722 1719 830 1798 veram¹
856 1735 1045 1800 voluntatem
1066 1734 1229 1800 Narcissus

171 1841 250 1904 scire
282 1839 417 1913 volebat:
453 1839 517 1921 ipse
548 1836 675 1903 Claudio
703 1839 766 1903 iam
800 1841 902 1904 omnia
935 1844 1075 1906 narraret
1108 1844 1139 1905 et
1165 1840 1228 1905 veri

169 1945 290 2028 copiam
325 1944 536 2026 plenissimam
568 1944 693 2012 fecerat.
739 1943 952 2012 Certissimum
986 1947 1036 2012 est
1070 1964 1093 2012 a
1124 1944 1229 2010 Tacito

169 2052 317 2134 scripturn
375 2049 484 2132 luisse:
549 2050 734 2115 Instabat
787 2051 961 2132 quidemx
998 2051 1229 2133 Narcissus,

168 2151 339 2240 operiret
360 2157 543 2240 ambages
565 2157 702 2222 otveri
725 2153 1046 2240 copia'mfaocrct,
1069 2142 1137 2222 sed
1159 2175 1229 2222 non

164 2262 250 2328 ideo
272 2262 454 2345 pervicit,
476 2265 533 2328 cet.

264 2367 331 2432 Lib.
354 2366 426 2442 XII,
461 2367 499 2430 18
532 2369 640 2433 codex:
672 2364 840 2449 propriis
874 2367 976 2432 odiis
1012 2368 1229 2444 infensum:

167 2473 283 2536 editur:
327 2491 397 2537 non
439 2474 657 2562 infensum:
700 2471 790 2552 paulo
830 2472 941 2536 melius
984 2476 1047 2538 est:
1091 2495 1143 2556 pr.
1176 2474 1227 2538 od.

166 2577 421 2661 inoffensarn.
467 2575 610 2660 [Siclac.
634 2574 861 2659 Gronovius.]¹)
1095 2647 1097 2650 ,

267 2683 334 2748 Ibd.
382 2681 439 2746 51:
485 2668 649 2746 Interim
692 2681 907 2747 Zenobiam
1073 2683 1231 2766 placida

168 2789 311 2852 illuvie
332 2787 548 2869 spirantem
572 2805 612 2852 ac
634 2787 722 2852 vitae
749 2789 999 2854 manifestam
1023 2788 1230 2854 advertere

130 2961 132 2966 ,
170 2896 364 2978 pastores.
410 2892 574 2975 Nunquam
598 2893 642 2957 sic
664 2892 723 2958 dici
744 2891 878 2956 illuviem
899 2893 937 2958 de
959 2913 1038 2979 aqua
1059 2895 1157 2979 ripam
1181 2914 1231 2960 ers
1278 2932 1283 2940 ·

168 3002 260 3066 eunte
294 3001 325 3064 et
357 3001 521 3081 stagnante
559 2997 861 3081 substituendamque
895 2998 1019 3062 eluviem
1060 3000 1231 3068 Gronovius

168 3106 328 3172 intellexit.
372 3104 431 3170 Sed
454 3105 606 3170 ablativus
633 3104 731 3168 nudus
762 3104 834 3169 ferri
856 3106 971 3195 nequit.
1032 3106 1231 3174 Scribcudnm

168 3212 264 3296 igitur
297 3210 458 3294 placida
487 3212 528 3272 ia
560 3193 698 3284 etacio,
733 3230 767 3275 or
803 3229 861 3293 quo
900 3212 1053 3278 inluvie
1085 3212 1231 3278 facillime
1322 3263 1325 3273 ,

171 3317 256 3382 nasci
278 3315 384 3398 potuit.
1020 3327 1024 3334 ’

169 3499 368 3509 m—-m-ffl--n

190 3615 211 3683 ¹)
241 3615 269 3671 O.
296 3618 332 3672 44
360 3633 472 3686 pravum
500 3633 558 3672 esse
588 3619 752 3689 potentia
779 3619 938 3688 prompta
963 3617 1018 3672 fere
1049 3635 1139 3674 omnes
1170 3622 1233 3690 post

239 3709 273 3762 Li
293 3708 361 3762 sium
391 3709 570 3776 consentiunt,
597 3711 644 3765 sed
672 3711 741 3764 corri
761 3709 828 3764 endo
856 3709 988 3775 aberrant,
1014 3714 1104 3765 sreta
1123 3709 1244 3766 Freins-‘

240 3725 470 3856 hellriiverissima
482 3803 679 3859 emendatione:
696 3727 852 3857 tulganem
865 3728 1059 3868 imperent-la
1073 3807 1233 3872 prompta

243 3897 316 3961 (post
341 3909 388 3946 em
414 3894 572 3964 syllabam),
600 3896 724 3976 honest,
754 3894 912 3962 cupiditatis
946 3897 973 3949 et
1000 3895 1173 3950 vehementia
1200 3897 1233 3950 ad

141 4008 143 4012 ·
242 3985 374 4055 agendum
408 3990 544 4056 prompta.
595 3987 649 4044 cfr.
679 3987 733 4053 IV,
772 3989 815 4042 43.
869 3987 930 4066 lpse
967 3989 1060 4056 sponte
1097 3988 1125 4040 in
1163 3988 1233 4042 idem
1323 4055 1325 4060 ,

243 4079 395 4133 incideram.
