2918 4652
196 255 200 262 ’
309 297 371 359 m
682 301 913 370 mmmm

266 503 408 564 tionum
434 505 595 583 poneret
616 500 704 564 sine
733 517 801 564 usu
822 502 954 564 esseut
977 501 1035 564 vel
1057 501 1251 565 viridaria
1272 501 1329 566 vel

266 607 458 688 porticus.
512 605 641 670 Addunt
672 623 718 669 ne
749 607 821 686 post
851 610 1020 686 poneret
1053 613 1113 682 (ue
1144 605 1229 670 sine
1261 625 1328 670 usu

266 719 421 789 essent),
454 711 540 776 nullu
571 712 739 784 sententis;
773 730 826 775 cur
847 712 941 784 enim,
973 712 1000 775 si
1021 711 1149 776 therma
1181 711 1328 776 hiemales

265 818 327 881 alio
348 817 417 881 loco
439 821 552 894 essent,
575 817 718 882 sinemo
739 817 851 881 futurae
880 818 929 882 rel
959 819 1094 900 porticus
1115 819 1165 882 vel
1186 817 1330 882 urinam
1442 835 1443 854 ¹

265 928 375 986 erant?
394 927 427 987 et
447 943 502 988 cur
522 922 699 999 vel-vel,
721 941 780 986 uon
802 927 842 986 et
863 923 1010 1005 ponitur?
1030 923 1248 988 smmdum:
1270 922 1329 987 its

265 1035 306 1092 ut
338 1029 528 1094 hiemales
562 1030 602 1092 in
638 1028 840 1110 principio
878 1029 1108 1111 porticuum
1143 1031 1329 1111 poneret,

266 1137 372 1195 incus
394 1137 525 1200 essent
546 1135 609 1198 rel
632 1133 822 1198 viridaria
844 1134 908 1198 vel
930 1134 1120 1215 porticus.

366 1241 431 1306 lhd.
453 1241 512 1304 33:
540 1239 632 1306 Num
653 1257 798 1315 omnes,
821 1239 1039 1322 quicunque
1060 1239 1174 1304 illum
1197 1240 1329 1324 gladio

264 1345 559 1428 adpetiverunt,
582 1345 646 1429 qui
668 1363 800 1409 norem
822 1345 946 1410 fuisse
968 1345 1167 1421 (licuntur,
1189 1346 1329 1426 postea

264 1453 515 1536 interemptis
538 1471 558 1517 a
578 1451 775 1535 Philippis
798 1469 868 1514 sua
901 1469 1014 1515 manu
1048 1453 1207 1534 suisque
1239 1452 1330 1534 gla-

263 1555 344 1619 diis
367 1561 405 1620 et
427 1557 568 1636 isdem,
591 1559 730 1641 quibus
748 1557 859 1620 illum
882 1560 1184 1639 percusserant,
1205 1559 1329 1622 iuter·

263 1663 404 1726 emisso
443 1663 638 1728 dicuntur.
723 1663 883 1728 ilditiones
921 1662 1036 1727 hebent
1073 1664 1327 1746 interemptis

262 1767 473 1852 Philippis,
506 1769 616 1834 deiude
642 1787 682 1834 se
714 1769 831 1833 addunt
864 1773 919 1833 aut
949 1771 1021 1850 post
1052 1769 1252 1852 Philippis
1273 1772 1328 1834 aut
1442 1821 1443 1864 q

262 1877 333 1956 poet
354 1875 616 1940 interemisse.
680 1873 741 1938 Sed
765 1873 837 1956 quid
867 1873 908 1938 ad
936 1893 1001 1938 rem
1023 1875 1157 1956 pertinet
1176 1875 1208 1938 id
1230 1876 1328 1940 inler-
1442 1871 1443 1950 ἶ

261 1981 373 2062 emptis
396 1980 545 2064 Philippis
567 1980 739 2045 accidisse?
781 1981 999 2046 Scribonium:
1036 1985 1174 2063 postea
1204 1982 1328 2043 inler-

261 2086 380 2168 emptc'
409 2097 493 2148 suut
527 2105 546 2149 u
578 2085 773 2169 Philippis
814 2087 895 2171 [aul
926 2085 980 2168 se]
1021 2105 1088 2150 suu
1120 2106 1232 2151 mauu

260 2191 508 2257 interemisse
531 2193 724 2257 dicuntur.

361 2297 487 2363 Maxim.
511 2303 544 2364 et
565 2299 686 2364 Balbin.
708 2297 747 2360 b:
790 2297 914 2375 Quare
947 2299 1069 2363 veluti
1101 2301 1263 2362 senatus
1293 2295 1325 2361 ei

260 2403 426 2483 homiui,
462 2405 564 2488 quod
587 2423 659 2468 uon
682 2403 835 2468 licebat
855 2423 962 2468 novae
984 2403 1161 2481 familiae,
1197 2405 1327 2486 impc-

261 2509 362 2574 rium
384 2515 513 2577 tamen
537 2510 697 2585 detulit,
720 2509 918 2574 confessis
942 2511 1135 2586 omnibus,
1158 2527 1200 2573 eo
1222 2513 1326 2574 tem·

257 2633 351 2698 pore
373 2617 411 2680 iu
435 2621 574 2690 senatu
597 2614 788 2696 aptiorem
810 2632 879 2678 nou
902 2633 990 2680 esse
1011 2616 1069 2678 cet.
1134 2616 1170 2679 In
1193 2616 1325 2680 veluti

258 2723 365 2804 opinor
400 2723 525 2791 subesse
566 2720 704 2784 dativum
743 2721 898 2802 participii
942 2720 1149 2803 orationisque
1191 2721 1323 2786 formam

257 2827 432 2893 huiusmodi
453 2827 563 2892 luisse:
608 2825 739 2905 Quare
766 2827 915 2888 citanti
944 2830 1106 2891 senatus
1134 2829 1169 2891 ei
1201 2849 1324 2901 omne,

162 3005 165 3012 ,
257 2933 357 3016 quod
380 2953 449 2999 non
471 2932 621 2997 licebat
643 2949 749 2996 novae
771 2931 944 3012 familis,
967 2931 1173 3015 imperium
1196 2934 1322 2996 tumen

257 3033 411 3100 detulit
443 3041 502 3102 cet.
569 3039 638 3120 lpse
672 3037 812 3102 modeste
849 3039 1009 3103 verebatur
1043 3037 1073 3100 iu
1106 3039 1324 3104 communibus

255 3141 346 3205 rebus
369 3147 400 3205 et
421 3142 584 3209 honoribus
607 3161 669 3207 suae
691 3141 817 3207 familiae
846 3144 970 3208 modum
993 3143 1152 3219 excedere3
1196 3147 1326 3210 senatus

256 3247 283 3309 ei
305 3266 363 3311 uon
384 3249 529 3315 honorem
552 3251 684 3332 aliquem
707 3248 805 3312 veteri
834 3249 959 3314 familiae
987 3250 1235 3328 conuenientem,
1269 3252 1325 3316 sed

187 3423 190 3438 s
254 3353 418 3435 imperium
442 3355 560 3421 detulit.
627 3355 661 3418 ln
683 3354 811 3436 imperio
844 3355 1008 3421 deferendo
1038 3375 1096 3421 non
1120 3357 1326 3438 querebatur,

254 3459 327 3541 quo
349 3460 495 3524 liceret
517 3463 548 3523 u
571 3457 642 3542 quo
657 3459 782 3524 familiae
799 3460 921 3537 lioeseu
943 3462 1046 3544 sesque
1068 3463 1126 3527 noe
1149 3465 1327 3530 suessano
1442 3477 1443 3552 ³

256 3566 315 3630 ulio
337 3567 479 3648 pertinet.

353 3671 419 3735 loo.
442 3671 478 3734 9:
501 3669 530 3732 N
539 3688 595 3733 sm
622 3673 660 3734 et
680 3671 718 3735 iu
741 3672 935 3754 publicum
960 3674 1164 3756 processit,
1188 3693 1324 3740 munus

252 3778 431 3861 singulis
455 3776 675 3859 quibusque
698 3778 826 3842 tenuit
848 3782 887 3844 et
910 3797 1011 3861 paeuc
1032 3779 1152 3843 ictum
1176 3779 1322 3863 lapidis

251 3903 395 3966 passus
430 3885 500 3948 est.
561 3881 671 3946 Scribz
715 3881 810 3948 Num
848 3888 887 3949 et
920 3886 958 3948 in
993 3883 1200 3966 publicum
1237 3909 1324 3948 cum

248 3989 470 4074 processit,
504 3991 561 4054 cet.
628 3986 742 4070 Opiuor
778 3992 870 4054 etiam
908 3991 1019 4056 fuisse:
1063 4009 1202 4057 manus
