2978 4644
312 271 375 333 216
671 268 733 323 ms
751 269 814 323 vrr.
843 267 967 337 osam

271 472 447 538 oonieotnrx
467 466 575 534 edidit
617 465 913 532 Neoeuitstemrei
933 463 1340 531 stom-suffiti·

271 595 342 643 sero
362 574 537 650 monstrat.)
570 572 674 653 (Μ
699 571 739 634 12
759 571 878 638 dietum
898 573 948 636 est
967 571 1026 635 rot
1048 571 1065 633 Ι
1085 589 1117 652 p.
1139 571 1203 648 18.)

371 681 438 746 lbd
450 679 507 743 22:
529 678 618 743 dein
638 679 832 761 gratnlsri
853 677 945 753 tibi,
966 675 1066 758 qnod
1086 675 1133 741 M.
1155 675 1338 741 Catonem

272 807 292 852 a
311 786 514 851 tribunatu
533 786 599 848 tuo
620 782 871 861 teneriores,
902 785 943 847 et
963 781 1062 864 qnod
1081 781 1182 846 idem
1212 783 1250 846 is
1271 799 1337 865 po-

272 894 420 957 sterum
437 890 482 955 de
495 888 819 956 extraordinariis
831 887 1098 971 potestatibus
1112 887 1338 952 libertatem

273 998 494 1064 ademisses.
537 995 589 1061 Sio
610 994 748 1071 eodioes;
780 1013 836 1078 pro
862 995 965 1058 idem
985 992 1180 1058 substituunt
1199 992 1338 1068 eidem,

274 1104 354 1188 qnod
374 1103 506 1168 debebat
527 1119 597 1166 esso
615 1100 667 1177 ei;
703 1119 799 1184 grase
826 1100 939 1164 sitium
965 1099 1158 1182 relinquunt3
1192 1099 1272 1164 nihil
1291 1100 1342 1164 ost

274 1209 357 1274 euim
378 1207 515 1273 (tatoni
535 1207 762 1272 libertatem
784 1205 829 1269 de
856 1208 948 1271 extr.
970 1205 1234 1288 potestatibus
1253 1205 1339 1270 sdi-

273 1333 382 1379 mere.
415 1313 504 1392 Quod
525 1312 616 1378 deest
635 1310 676 1376 ad
696 1311 883 1376 sententiam
904 1312 938 1374 et
955 1312 1127 1377 emtionem
1147 1311 1342 1394 explsdtrn,

274 1421 397 1502 inipso
416 1417 471 1482 illo
491 1417 591 1482 idem
611 1418 701 1491 latet,
736 1418 902 1499 absumpta
921 1416 1025 1499 prima
1044 1417 1160 1492 littera,
1180 1417 1264 1499 qnod
1288 1435 1340 1482 eu·

274 1525 345 1589 dem
367 1525 415 1588 bis
437 1523 598 1589 scribenda
618 1524 696 1588 orat.
745 1523 850 1588 Cicero
871 1522 956 1588 enirn
976 1529 1138 1606 posuerat:
1161 1522 1258 1605 quod
1278 1521 1344 1584 di-

276 1629 389 1692 cendi
419 1629 459 1692 in
488 1631 686 1712 posterum
707 1629 751 1694 de
773 1629 1100 1694 extraordinariis
1125 1628 1344 1712 potestati·

274 1736 344 1801 bus
365 1735 591 1800 libertatem
614 1732 834 1800 ademisses.

375 1839 442 1904 Ibd.
479 1838 535 1903 23:
571 1839 656 1922 quis
694 1837 895 1922 pecuniam
927 1840 975 1904 ad
1013 1839 1194 1905 emendos
1229 1857 1345 1923 agros

276 1945 550 2022 constitutam,
584 1945 756 2028 ereptam
783 1947 884 2010 exui
905 1944 1066 2011 Caesaris
1089 1943 1203 2012 rebus
1226 1942 1344 2015 uotis,
1470 2015 1471 2018 Ἴ

277 2051 361 2134 quis
392 2050 597 2132 imperinm
623 2050 827 2116 infinitum
853 2050 982 2116 dedite
1023 2050 1226 2118 Sioeodioes.
1267 2049 1344 2116 Ger·
1470 2113 1471 2124 ,

277 2157 435 2222 tissimum
466 2156 614 2220 mendum
635 2159 702 2222 tem
728 2159 855 2223 licenter
874 2159 1001 2239 mque
1021 2158 1158 2223 obsonris
1180 2156 1345 2222 involueris

277 2261 492 2328 absconditum
513 2262 571 2339 est,
602 2265 638 2327 ut
659 2263 811 2346 suspicari
831 2262 924 2346 atquo
946 2264 1041 2328 etium
1064 2282 1229 2347 coarguere
1249 2262 1346 2326 isoile

277 2369 330 2446 sit,
349 2385 473 2451 prorsus
495 2367 672 2449 protrahere
707 2369 740 2432 et
772 2367 1022 2434 emendatiorem
1052 2370 1116 2434 uisi
1146 2366 1345 2452 peritissimis

276 2473 406 2556 probare
434 2472 568 2538 didioilo.
626 2471 706 2552 Quid
737 2474 786 2538 est
818 2473 901 2539 enim
933 2475 991 2540 hoo
1021 2474 1187 2540 loentiouis
1214 2474 1270 2538 aut
1293 2472 1346 2538 oui

276 2579 378 2644 simile
415 2578 565 2660 eripere
595 2577 794 2661 paeoniam
829 2598 872 2644 ex
904 2579 1006 2646 sotis
1037 2577 1343 2662 Gaessris‚.qnasi
1470 2621 1471 2634 r

276 2684 408 2768 pecunia
430 2685 570 2748 sotorum
603 2702 675 2765 pars
696 2683 739 2748 sit
760 2685 792 2747 et
820 2684 853 2747 iu
875 2685 954 2750 sotis
975 2686 1096 2751 latest?
1138 2684 1221 2765 Quid
1253 2703 1345 2767 porro

277 2809 318 2856 sx
338 2791 452 2856 rebus
473 2789 577 2855 sotis
603 2788 753 2872 eripere
775 2790 832 2854 aut
855 2789 930 2872 qmd
951 2790 1003 2855 hio
1024 2809 1088 2856 ros
1110 2792 1226 2856 aotaei
1282 2789 1344 2855 ded

277 2915 317 2962 ne
338 2896 469 2961 (issatis
490 2894 617 2977 quidem
637 2911 749 2960 nomen
772 2894 934 2960 terendum
955 2895 1019 2960 ullo
1040 2897 1132 2961 modo
1155 2898 1213 2961 est.
1248 2895 1345 2972 Nam,

277 3002 402 3067 etiarnsi
434 2998 619 3066 oonoedatur
646 2997 799 3066 Gaesarem
821 3001 909 3066 illem
940 3002 1103 3084 peonniarn
1126 3003 1288 3086 audagins
1311 3002 1347 3066 et

277 3107 310 3172 iu
338 3105 482 3170 erarium
509 3103 651 3170 intulisse
687 3105 779 3188 (quod
818 3124 880 3170 non
908 3109 956 3172 est
987 3107 1062 3184 itu),
1091 3110 1199 3173 umen
1225 3107 1341 3179 Giooro,

279 3212 418 3296 quamvis
461 3209 575 3275 cesari
616 3212 725 3291 parnas
765 3211 798 3275 et
839 3211 1032 3291 blandiatur,
1073 3231 1172 3298 noque
1214 3213 1347 3280 Gsesaris

277 3317 448 3401 pedonum,
471 3333 539 3398 quse
559 3315 681 3398 publiea
703 3317 797 3396 osset,
818 3318 1014 3400 appellasset,
1036 3337 1143 3402 usqne,
1164 3317 1347 3400 mipnblioa

279 3424 312 3488 et
338 3420 439 3486 aerarii
464 3420 619 3486 mentione
652 3422 777 3496 omisso,
809 3422 986 3506 gravissimi
1019 3424 1157 3489 oriminis
1188 3424 1255 3488 loeo
1285 3441 1345 3504 po·

279 3526 402 3604 suisset,
424 3525 506 3610 quod
527 3525 657 3592 Caesaris
679 3529 809 3610 poeonia
831 3531 937 3610 erepta
949 3531 989 3594 :et
1009 3530 1084 3595 data
1098 3529 1228 3596 Gabinio
1248 3530 1345 3593 esset.

278 3633 398 3698 Mansit
422 3634 456 3698 in
482 3632 638 3698 oodioibus
664 3633 780 3698 naudis
806 3633 956 3700 indicium
985 3636 1020 3699 in
1043 3634 1097 3700 illo
1129 3652 1171 3700 ex
1201 3635 1256 3709 ni,
1287 3653 1347 3718 pro

279 3757 339 3822 quo
370 3738 484 3805 frustra
515 3738 713 3806 substituitur
745 3739 887 3818 exsui,
919 3741 1000 3823 quod
1025 3740 1191 3806 manifesto
1214 3757 1346 3822 orarum

279 3845 328 3910 est
349 3844 450 3926 (quis
556 3863 598 3910 er
619 3844 700 3922 sui),
721 3846 777 3932 sut
797 3863 842 3910 ex
861 3843 943 3919 Gai,
965 3845 1049 3929 quod
1066 3863 1219 3928 nusquam
1237 3845 1274 3910 is
1289 3845 1347 3910 dis

280 3947 469 4013 orationibus
502 3948 548 4014 sio
574 3951 629 4015 snt
649 3948 793 4016 similiter
813 3952 989 4033 corruptum
1008 3953 1067 4017 est
1124 3949 1342 4016 Breviter-‘di-

281 4069 359 4122 uam
392 4053 499 4120 Oioero
520 4055 699 4137 seripseret:
728 4058 897 4139 ereptam
919 4074 961 4121 ex
980 4057 1199 4120 uisceribus
1221 4054 1347 4121 orori.
