2970 4648
287 307 350 375 412
643 309 922 382 mbvmeapllt

246 512 377 578 formam
411 509 613 587 transeunte).
668 509 739 574 Non
771 507 919 592 profunde
950 507 1029 574 latet
1058 517 1192 578 rerumt‘
1214 529 1313 598 agre

246 617 466 692 ministrat,
487 637 551 679 ras
573 617 657 682 eius
677 615 813 680 labere
834 631 982 680 summe
1003 615 1156 706 601111)ι

347 721 412 787 lbd.
435 721 485 797 28,
521 721 541 784 3
563 721 648 805 (pest
669 721 824 806 egregiam
846 722 879 786 ct
900 721 1018 787 certam
1040 719 1186 787 Salmasii
1207 741 1313 789 emen·

249 828 419 893 dationem:
454 827 669 911 ubicunqne
691 844 828 891 nomen
848 825 1013 891 illustre
1035 825 1199 910 defecit,
1237 827 1313 893 illc

248 932 361 998 deum
381 933 617 1009 infulciunt,
639 930 725 996 cuius
748 931 935 1015 prestantia
956 933 989 997 et
1008 932 1151 998 facilitati
1161 933 1314 999 Haasium

248 1057 368 1123 qnoque
401 1057 491 1104 suum
522 1036 600 1103 illud
631 1036 724 1102 rerba
754 1035 933 1101 infulciendi
955 1037 1119 1102 artificium
1140 1039 1313 1122 pratulisse

249 1145 393 1222 mirarer,
424 1143 485 1208 nisi
516 1161 603 1226 pane
634 1142 783 1209 desissem
810 1142 931 1217 mnam)
959 1143 1004 1209 sic
1030 1144 1128 1210 cratin
1155 1145 1315 1229 interpun-

248 1249 348 1335 genda
370 1250 428 1323 est,
450 1251 485 1314 ut
506 1249 580 1314 elim
594 1247 657 1314 lere
669 1249 711 1326 (in
725 1247 773 1314 cd.
789 1247 870 1310 16⁷2
883 1247 1102 1330 etBipcntina)
1114 1249 1315 1334 interpunge-

248 1351 362 1419 betnrc
399 1354 596 1420 Neminem
619 1353 860 1437 despexeris,
891 1353 1051 1419 etiamsi
1080 1353 1184 1419 circa
1204 1354 1315 1420 illum

249 1459 425 1525 obsoleta
448 1460 537 1523 sunt
556 1459 908 1543 neminaetparnm
931 1457 1159 1544 indulgente
1183 1460 1315 1526 adiuta

248 1565 413 1630 fortuna.
457 1563 544 1630 Siue
575 1563 758 1631 libertini
790 1567 878 1631 ante
914 1583 979 1630 res
1010 1564 1205 1630 habentur
1235 1567 1316 1632 sire

249 1670 350 1735 servi
376 1717 439 1745 ...‚
464 1669 606 1754 erigite
628 1670 812 1736 audacter
833 1669 980 1737 animos
1003 1673 1061 1737 cet.

349 1774 416 1841 Ibd.
439 1775 490 1853 29,
514 1773 549 1839 3:
593 1776 653 1840 lta
683 1795 867 1860 nusquam
900 1775 1095 1841 beneficio
1128 1776 1316 1853 vincitur,

249 1881 357 1946 cuins
378 1880 610 1945 beneficium
632 1882 690 1947 est
710 1881 851 1963 ipsum,
873 1880 971 1964 qued
991 1881 1169 1946 uincitur.
1217 1882 1314 1948 Scrib.

250 2007 321 2071 quc
343 1987 520 2052 vincitur.

349 2091 414 2156 Lib.
449 2091 507 2168 IV,
539 2092 573 2171 6,
605 2092 620 2153 1
645 2095 729 2173 (nam
757 2091 793 2171 3,
826 2089 846 2154 3
867 2092 971 2156 nemci
992 2092 1008 2156 Ι
1029 2113 1059 2176 p.
1082 2091 1136 2171 68)
1149 2089 1231 2175 ‘pars
1253 2092 1317 2158 veri

250 2199 432 2282 simpliciter
465 2217 501 2264 ex
536 2197 653 2279 optimc
685 2197 790 2263 codice
819 2197 953 2262 tenenda
978 2201 1037 2273 est,
1065 2216 1158 2283 quam
1180 2195 1318 2262 numelli

250 2303 429 2381 tenuerunt,
461 2304 517 2370 sed
538 2304 577 2370 ad
606 2306 707 2370 tetum
729 2301 951 2386 expediendum
978 2304 1069 2369 nnius
1092 2305 1242 2387 praterea
1261 2305 1314 2371 lit·

249 2409 325 2474 terae
345 2427 428 2474 error
448 2409 603 2476 tollendus
626 2412 688 2486 est;
710 2428 783 2474 nam
806 2410 927 2474 erbis:
950 2413 1007 2475 tot
1028 2410 1189 2476 flumine
1211 2411 1314 2476 misi-

250 2515 334 2579 tera
366 2533 481 2598 snper
516 2535 594 2600 quae
626 2516 837 2581 decurrunt
864 2517 945 2582 sela
976 2533 1107 2580 aurum
1135 2516 1315 2582 vehentia

250 2621 329 2700 (ced.
361 2620 449 2702 Nar.)
469 2620 545 2686 neri
574 2620 680 2686 debet:
717 2622 774 2686 tet
803 2621 971 2686 flumina
998 2622 1129 2687 emisit
1157 2643 1228 2706 per·
1259 2643 1315 2700 ec,

158 2781 161 2788 .
250 2727 712 2810 superquaedecnrrunt,
745 2727 827 2794 sola
856 2745 986 2792 aurum
1020 2727 1212 2793 vehentia.
1255 2727 1316 2792 Per

250 2849 376 2898 arenosa
398 2834 475 2910 sela,
497 2851 588 2916 super
608 2849 675 2916 qua
697 2831 826 2898 flumina
847 2832 1024 2911 decurrunt,
1060 2852 1168 2901 aurum
1181 2833 1312 2900 nebunt.

349 2939 415 3004 lbd.
449 2937 484 3014 8,
518 2939 534 3000 l
569 2939 635 3016 (nbi
674 2933 790 3004 Sennea
827 2937 998 3004 Stoicorum
1032 2955 1118 3004 more
1152 2940 1314 3025 allegorice

251 3043 323 3110 dees
357 3043 395 3108 ad
418 3047 536 3109 naturae
565 3044 646 3110 vires
668 3048 700 3111 et
720 3045 825 3110 metus
847 3044 1092 3124 accommodat):
1135 3045 1314 3111 Liberum

249 3148 417 3232 patrem,
448 3150 536 3232 quia
567 3149 732 3216 omnium
764 3167 901 3233 parens
930 3151 999 3230 sit,
1028 3149 1125 3234 quod
1151 3151 1313 3233 primurn

248 3395 449 3408 nu———a

276 3552 300 3619 ¹)
319 3552 385 3623 cap.
403 3554 446 3616 26,
464 3555 482 3609 2
499 3552 654 3610 certissima
674 3551 854 3610 emendationi
880 3551 990 3608 Gruteri
1013 3567 1045 3606 ex
1074 3551 1163 3622 qued
1189 3551 1316 3609 facientis

318 3643 399 3714 quei
424 3645 522 3712 (eius,
551 3645 634 3716 quei
658 3645 892 3701 nectebantur
920 3643 1074 3714 insidia)
1098 3645 1222 3714 imperite
1240 3643 1314 3698 eblo-

318 3737 411 3808 quitur
428 3738 584 3808 Fickertns,
601 3753 704 3808 negans
721 3753 750 3792 se
773 3738 856 3808 quei
883 3738 913 3791 in
932 3736 1037 3792 Seneca
1065 3735 1201 3792 codicibus
1218 3749 1313 3806 reppe-

318 3831 393 3885 risse.
442 3829 514 3898 Idec,
542 3830 621 3900 qnod,
652 3847 706 3900 quc
734 3833 853 3899 tempore
880 3829 967 3884 uestri
993 3829 1095 3884 codices
1122 3827 1217 3897 scripti
1239 3827 1313 3887 sunt,

318 3923 435 3980 desitum
458 3925 516 3978 erat
543 3921 696 3988 describi,
721 3924 830 3976 tantam
854 3922 972 3992 vestigia
996 3923 1138 3992 supersunt
1161 3915 1313 3974 tremendis

317 4015 547 4086 incendiaque
565 4030 618 4070 nen
636 4029 719 4085 panca
736 4015 906 4085 repperisset,
926 4013 1156 4069 silntellexisset.
1183 4009 1247 4067 vic.
1257 4009 1311 4066 rol.

317 4109 377 4179 lp.
396 4111 447 4176 68;
465 4107 497 4161 de
515 4109 622 4177 tranqu.
634 4122 679 4163 an.
696 4110 721 4173 8,
740 4110 765 4164 8.
