3018 4634
281 219 343 283 m
640 217 906 289 mmmm

239 395 387 500 seriptum
409 415 521 482 trisse:
561 414 692 500 Neque
724 419 765 484 te
784 416 924 503 populi
942 415 985 484 B.
1007 415 1307 506 tuotalauaque

239 520 347 606 leges
380 539 501 604 neque
530 520 567 586 di
598 525 762 606 penates
791 522 913 590 oivem
941 523 1165 606 'potiuntur
1210 525 1308 596 Ptolo

238 629 309 708 post
335 625 402 704 (18)
424 625 622 696 soriteudum
643 628 782 696 videtum
830 627 923 696 Natu
952 628 1019 712 qui
1050 629 1187 697 turbes
1208 651 1245 695 ee
1267 633 1307 699 et

240 721 376 797 eaedem
398 730 540 798 civium
562 731 696 800 odisse
717 734 789 812 eit;
811 733 844 798 in
865 733 969 806 oolla
988 732 1148 804 lanoso.

340 839 376 902 In
387 838 732 917 entioreliriuilffll,
744 839 843 916 tiit,
855 833 1308 919 81:111.),1t:exn...oiota

239 945 334 1019 aliu,
366 944 432 1010 sod
453 948 647 1012 certatum
682 945 876 1029 utrimque
906 945 952 1012 de
980 945 1248 1014 dominatione
1267 945 1307 1012 in

137 1043 140 1048 ’
223 1049 347 1126 uobis
369 1050 433 1115 sit
487 1051 626 1136 Itaque
648 1053 776 1119 uetere
799 1070 840 1118 ex
861 1049 1030 1118 lieentia
1048 1053 1116 1118 eut
1135 1051 1220 1118 odio
1242 1053 1308 1118 eut

118 1159 121 1164 ’
177 1180 181 1189 ·
240 1155 411 1222 avaritie
449 1157 487 1222 iu
518 1158 669 1241 tempus
704 1175 850 1232 arsere;
888 1156 1101 1240 permansit
1131 1176 1208 1224 uun
1242 1175 1306 1226 res

240 1262 361 1336 modo,
383 1281 460 1346 quae
479 1262 675 1347 utrimque
696 1263 861 1348 quesita
881 1265 941 1330 est
961 1263 1002 1328 et
1027 1263 1163 1349 erepta
1181 1263 1219 1330 iu
1239 1281 1307 1348 po·

240 1371 401 1446 storum,
431 1370 488 1435 vis
510 1369 738 1448 tribunioie‚
776 1370 896 1438 telum
918 1368 1168 1436 omiseritis
1191 1367 1306 1434 liber-

239 1475 319 1542 tati
339 1477 526 1558 paratum.
563 1475 614 1542 Sio
632 1493 739 1542 omues
759 1474 845 1560 [inde
859 1473 1250 1562 uGortioJinterpungunt.
1270 1476 1308 1542 ut

238 1581 412 1648 incredibili
429 1581 582 1666 pravitate
600 1581 775 1648 tribunatus
793 1581 852 1662 vis,
873 1597 968 1666 qum
990 1580 1128 1648 Iioiuiue
1151 1582 1307 1650 suonam

241 1687 379 1771 queritur
389 1689 420 1754 et
433 1689 556 1756 restitui
574 1689 652 1764 vult,
666 1707 727 1754 uun
736 1679 943 1772 permansisse
960 1687 1084 1756 diuum
1094 1688 1126 1754 et
1136 1689 1241 1756 turum
1254 1705 1306 1754 ea-

240 1793 354 1859 demin
375 1797 532 1877 posterum
555 1796 672 1876 erepte,
692 1797 761 1861 tum
776 1793 1203 1879 autemlrnoipsentrimque
1225 1811 1306 1890 qua·

241 1900 310 1977 site,
334 1900 416 1985 quod
437 1901 466 1966 si
486 1899 555 1986 quis
577 1919 638 1966 nou
662 1895 811 1986 iutelligit
833 1899 988 1984 quomedo
1010 1898 1147 1975 dioutu,
1167 1897 1307 1966 Krituius

241 2009 374 2081 onomat,
398 2006 720 2092 „aplebequaesitem‚
741 2006 1016 2082 utoonfixmexeut,
1038 2004 1306 2088 etoptimutibue,

238 2113 275 2177 ut
295 2113 471 2180 tollerent“.
506 2103 668 2179 Hoo'vero
683 2113 733 2180 ast
746 2131 880 2198 querere
896 2111 961 2176 nim
982 2109 1193 2176 murum!
1224 2110 1307 2178 lau·

240 2219 310 2286 lum
338 2219 537 2286 absurditatis
567 2237 663 2284 uuum
694 2219 814 2302 peperit
844 2237 968 2286 oenum
992 2235 1086 2302 prove
1111 2215 1253 2282 udditum
1276 2217 1308 2282 et

241 2323 407 2400 subletum,
441 2343 500 2409 quo
521 2326 604 2392 reete
625 2324 726 2410 posito
746 2323 971 2410 (permansit
1000 2341 1073 2391 une
1094 2341 1158 2388 res
1179 2321 1306 2398 modo,

242 2449 324 2514 quae
345 2431 544 2516 utrimque
576 2433 739 2515 quesita
761 2432 837 2507 est,
868 2433 908 2496 et
935 2430 1069 2512 erepta
1099 2429 1138 2494 iu
1170 2431 1307 2513 posta·

241 2555 328 2601 rum
357 2538 414 2604 vis
440 2537 675 2618 tribunicia)
712 2541 841 2622 apparet
867 2527 961 2604 ffl'am
987 2553 1054 2602 reru
1076 2553 1144 2611 esse
1167 2533 1308 2602 demina·

241 2642 367 2720 tionem,
390 2643 428 2709 de
450 2663 511 2728 qua
532 2644 707 2729 „utrimque
729 2645 901 2712 oertaluuru
924 2641 1061 2710 tienne
1082 2639 1211 2715 duent,
1243 2638 1308 2706 vim

242 2751 348 2816 autem
369 2750 567 2816 tibunioium
588 2753 726 2834 ereptam
748 2768 816 2816 esse
837 2748 907 2826 diei,
927 2767 990 2816 uon
1013 2747 1229 2832 permensione.

342 2856 409 2924 lbd.
453 2857 507 2922 19:
550 2857 721 2940 Namque
760 2857 802 2922 ut
835 2854 923 2922 illis
958 2851 1129 2932 (alimentis
1164 2849 1308 2931 moeris)

242 2961 460 3045 exiguitate
481 2981 581 3029 mors
603 2962 849 3048 prohibetur.
881 2961 1091 3028 senesouut
1114 2957 1229 3034 vires,
1249 2955 1308 3022 sio

243 3068 302 3132 oet.
325 3067 412 3132 Ferri
433 3087 493 3134 nou
505 3069 609 3153 potest
624 3068 737 3154 duplex
749 3067 968 3152 aontvuspro
985 3083 1031 3142 eo,
1052 3064 1134 3150 quod
1154 3065 1204 3131 est
1223 3063 1309 3130 illo-

242 3191 323 3239 rum
355 3174 585 3259 exiguitate.
637 3175 756 3258 ltaque,
788 3174 850 3242 uisi
875 3173 944 3240 tolli
969 3172 1046 3242 volu
1076 3169 1308 3258 exiguitate,

245 3278 327 3362 quod
348 3280 400 3362 qui
422 3279 494 3346 eddi
508 3281 650 3364 potuerit,
672 3279 847 3356 pervideo,
868 3279 1065 3348 ueniendum
1080 3279 1170 3364 puto:
1196 3277 1309 3342 Narn-

244 3403 314 3466 que
336 3388 377 3451 ut
401 3385 489 3450 illio
510 3388 733 3471 exiguitate
754 3388 813 3452 oet

345 3492 380 3556 In
395 3492 539 3580 epistole
550 3489 1077 3574 munidato(1v,611>.‚uollr.)
1097 3487 1187 3556 initio
1210 3485 1308 3569 serip-

244 3597 347 3663 turem
369 3598 497 3677 eodiois,
534 3618 602 3683 quea
628 3600 787 3667 lenissime
812 3597 988 3665 adiuvanda
1007 3599 1074 3675 est.
1106 3594 1171 3668 iem
1197 3592 1309 3658 iudea

243 3703 349 3772 Dousa
369 3705 588 3791 depravamnt,
619 3724 735 3789 nuper,
766 3705 873 3772 addita
892 3702 1147 3786 transpositione,
1184 3715 1308 3782 promus

245 3828 307 3878 una
327 3829 398 3878 oum
417 3814 568 3882 autentis
590 3831 713 3898 pessum
735 3810 896 3878 dederunt.
938 3809 1142 3878 &riman
1170 3806 1220 3872 est
1245 3801 1308 3870 sio:

243 3917 328 3984 Tibi
351 3919 383 3985 si
403 3921 598 4002 perpetua
618 3937 711 4001 puoo
732 3917 809 3982 lrui
835 3916 963 3994 lieet„
979 3914 1060 3982 uiri
1081 3913 1221 3982 hostes
1243 3927 1311 3992 op·

245 4026 401 4109 portuni
436 4028 473 4092 et
507 4024 819 4102 eoelestissumi‚
856 4023 896 4085 m·
927 4020 1087 4106 egregia
1119 4019 1234 4091 sema,
1274 4015 1310 4082 si
1348 4023 1350 4033 “
