3000 4638
487 271 519 328 L.
538 271 637 328 Seneca
654 271 687 328 de
704 274 811 343 tranqu.
829 275 920 330 ammi.
1140 275 1199 340 381

179 473 254 538 illa
285 473 317 538 et
345 473 448 556 ipsum
478 489 533 554 per
565 490 599 538 se
622 473 653 536 et
673 489 799 537 numero
829 491 958 555 prauum
980 474 1110 542 editores
1132 478 1244 559 praeter

178 577 331 644 Haasium
353 577 558 653 sustulerunt:
583 575 780 642 scribendum
796 581 877 644 erat:
900 578 967 645 sed
989 581 1080 662 quia
1100 581 1156 644 ita
1175 583 1242 650 im·

178 703 301 768 peras.
324 683 513 768 (Rosing.)¹)
531 682 1036 769 (ilreodemAHaasiusprorime
1049 687 1241 754 antecrlidit:

178 789 771 874 Quandocunque..iubebitur,
792 809 862 856 non
884 793 1066 875 queretur
1089 841 1154 874 ...,
1177 795 1242 860 sed

178 894 278 962 dicit
306 915 361 978 pro
389 896 520 963 dicet,
556 896 625 961 Hoc
652 897 700 962 est
727 898 814 964 bonis
842 897 1006 978 codicibus,
1038 898 1071 963 id
1099 901 1158 979 est,
1179 919 1241 966 non

176 1001 384 1086 interpolatis,
420 1001 461 1069 ad
487 1003 671 1086 scriptorum
702 1004 870 1069 orationem
903 1005 1156 1089 corrumpendum
1178 1007 1240 1083 uti:

176 1107 232 1175 sed
268 1107 301 1173 iu
334 1109 393 1175 hoe
427 1125 538 1192 genere
575 1110 728 1191 permulta
762 1110 875 1176 delicta
907 1111 1025 1188 euntt)
1078 1111 1114 1174 In
1158 1110 1175 1193 ᾖ
1219 1110 1238 1173 6

175 1233 275 1298 neque
326 1216 390 1298 qui
431 1216 531 1281 sciat
574 1215 734 1282 ferendum
775 1235 873 1300 neque
916 1217 978 1300 qui
1021 1215 1113 1291 scit,
1157 1213 1238 1297 quod

176 1339 214 1385 er
247 1317 437 1387 Erasmiause
477 1321 588 1404 prioris
631 1339 730 1388 errore
761 1324 964 1406 propagatum
997 1323 1060 1401 est,
1103 1321 1156 1386 sed
1179 1339 1240 1390 -re-

176 1427 367 1493 stituendum
417 1445 454 1493 ex
503 1428 725 1511 antiquissimis
773 1430 839 1495 edd.
890 1427 953 1511 qui
1003 1427 1112 1492 sciet.
1177 1425 1240 1492 Sed

173 1535 260 1598 reete
311 1533 447 1601 codices:
496 1535 594 1600 nihil
639 1553 802 1616 unquam
844 1551 911 1618 pro
959 1533 1108 1598 homine
1151 1533 1238 1600 rivo

173 1639 307 1718 faciet,
327 1640 386 1705 hoc
408 1641 464 1716 est,
486 1643 634 1723 tanquam
655 1657 726 1704 uere
745 1639 832 1704 vivus
857 1657 893 1704 ac
913 1657 973 1704 non
995 1641 1238 1718 semimortuus.)

173 1743 273 1810 Venio
294 1745 334 1810 ad
355 1745 373 1829 ς
396 1746 431 1821 7,
464 1763 522 1829 quo
544 1747 608 1812 loco
631 1743 733 1810 nescio
754 1765 793 1811 sn
820 1745 923 1810 nullus
942 1745 1040 1828 aptior
1060 1745 1103 1811 sit
1123 1745 1162 1811 ad
1185 1746 1238 1811 de-

173 1851 417 1926 monstrandum,
441 1871 533 1935 quam
554 1851 657 1917 omnia
675 1851 708 1916 in
731 1851 778 1916 his
800 1851 887 1920 libris
909 1870 929 1916 a
953 1850 1064 1917 codicis
1087 1853 1115 1916 A
1136 1852 1239 1936 prima

171 1975 269 2022 manu
289 1958 452 2041 pendeant,
483 1957 615 2041 quidque
647 1958 676 2022 ei
708 1958 750 2024 sit
786 1958 992 2024 adhibendum
1025 1957 1139 2024 auxilii.
1189 1958 1239 2024 Sic

173 2063 259 2130 enim
293 2065 325 2129 in
358 2081 393 2130 eo
428 2065 585 2130 scribitur:
628 2061 770 2130 Multos
804 2083 845 2130 er
873 2065 937 2140 iis,
979 2083 1069 2148 quos
1102 2065 1238 2140 forum,

172 2169 296 2246 curia,
333 2187 454 2236 sermo
487 2188 630 2235 mecum
662 2171 926 2244 contraxerat,
961 2189 1032 2236 nox
1066 2171 1238 2238 abstulit

173 2278 213 2342 et
243 2274 401 2344 iunctas
435 2277 479 2342 ad
514 2277 700 2344 sodalium
736 2295 866 2341 manus
898 2278 1080 2360 copuetas
1112 2277 1236 2356 inter-

171 2381 300 2448 scidit.
349 2382 395 2448 llr
417 2384 599 2465 copuatas
621 2384 772 2448 corrector
792 2384 867 2448 iecit
889 2384 1101 2465 copulatas:
1131 2382 1235 2465 itaque

170 2487 218 2554 sic
245 2488 277 2554 in
310 2489 420 2554 ceteris
449 2488 607 2567 scribitur,
640 2489 753 2555 sedin
785 2490 954 2567 iunctas,
989 2491 1025 2554 ut
1050 2491 1127 2555 solet
1155 2489 1233 2570 fieri,

170 2594 316 2662 aberrant
337 2595 476 2661 nonnulli
498 2596 536 2661 ad
558 2596 904 2674 vinctasqictas),
925 2613 980 2678 pro
1002 2594 1235 2660 interscidit

167 2700 309 2786 plerique
323 2703 433 2783 prater
454 2702 481 2766 Β
506 2700 711 2768 intercidit
731 2704 786 2766 aut
806 2701 1025 2767 intercidit.
1059 2701 1139 2765 Tum
1161 2718 1233 2764 uero

167 2807 287 2872 factum
303 2807 463 2894 inAOolon.
488 2808 773 2892 copulataeque.
819 2806 969 2885 Editores,
990 2825 1060 2872 cum
1085 2807 1230 2871 erasmus

167 2916 252 2979 recte
265 2914 441 2999 scripsisset
460 2913 507 2980 ad
529 2912 762 2990 sodalitium,
787 2916 858 2979 ente
878 2911 1052 2978 Fickertum
1064 2912 1232 2977 heeetmu-

167 3022 273 3086 eraut:
304 3022 342 3085 et
368 3020 521 3086 vinctas
548 3020 594 3085 ad
621 3018 849 3086 sodalitium
870 3020 1231 3110 manuscopulatas

165 3126 382 3192 intercidit.
403 3127 435 3192 Is
448 3125 581 3192 offensus
591 3126 704 3194 vitiosa
715 3127 942 3212 participiorum
950 3124 1161 3192 coniunctione
1172 3143 1226 3208 pro

166 3365 367 3376 -ιι-ι-ο-ι-υ-ι

186 3533 209 3602 ¹)
236 3532 277 3588 De
304 3533 388 3586 must.
417 3544 472 3598 esp.
504 3531 529 3593 l,
555 3531 570 3585 l
595 3533 667 3585 recte
691 3530 832 3588 edebatur:
862 3530 954 3586 dicas
972 3529 1029 3595 ita,
1059 3531 1097 3584 nt
1123 3528 1227 3596 soles,

99 3682 102 3688 ,
152 3691 155 3695 ,
237 3624 386 3700 Hessius-e
404 3621 540 3678 codicibus
558 3620 666 3680 uitione:
684 3621 780 3678 dicas
799 3623 880 3688 ista,
899 3625 938 3678 ut
956 3622 1052 3678 soles·

184 3730 208 3799 ⁸)
236 3729 327 3786 Deire
339 3731 362 3793 Ι,
376 3730 418 3793 12,
432 3727 513 3783 lhse
529 3723 644 3782 Hessius
657 3726 837 3785 coadunavit:
856 3743 919 3784 non
938 3726 1122 3790 irascitur,
1137 3727 1183 3784 si.
1198 3765 1226 3783 ..

236 3819 387 3874 viderit?
405 3819 674 3884 Nonirssoetur,
694 3819 750 3874 sed
769 3819 981 3886 vindicabit:
1000 3817 1058 3875 ibd.
1073 3822 1114 3887 16,
1127 3819 1226 3874 dhaet

236 3911 442 3983 temptabit,
493 3910 745 3976 eontineberie,
803 3901 977 3975 mitteris,
1032 3910 1225 3966 adhibetur.

236 4005 324 4076 AEque
342 4019 431 4074 prave,
449 4007 530 4074 atque
547 4005 592 4060 hie
610 4003 714 4074 dicit,
744 4020 767 4060 c.
786 4007 820 4062 16
844 4005 907 4062 init.
925 4021 942 4059 a
959 4003 1083 4059 Fickerto
1103 4006 1131 4060 et
1150 4003 1225 4059 Haa-

235 4099 275 4154 sio
294 4099 457 4168 sequetur
474 4114 523 4168 pro
540 4097 697 4169 seqnitur
714 4097 861 4168 repositum
880 4098 929 4152 est
