2978 4644
322 245 385 310 m
664 244 948 316 mmmm

194 501 197 506 .
280 443 442 528 quodqnis
458 443 595 510 futurum
615 445 715 526 putat,
737 446 775 510 ut
792 443 932 524 h.l(,si
953 441 1022 526 quis
1045 443 1236 524 credidisset,
1261 447 1352 531 cogi·

278 553 363 615 tasse
375 567 446 616 enm
463 549 656 628 descendere,
678 550 832 616 sustulisti
853 549 933 616 hanc
947 548 1198 634 suspicionem).
1237 551 1350 620 Cicero

279 655 454 738 scripserat,
476 656 511 721 ut
524 674 645 740 semper
665 657 699 722 in
719 656 778 722 hac
800 653 1040 740 significatione:
1063 656 1207 740 siquis
1231 657 1349 726 dudi·

279 763 408 826 tasset
429 762 553 839 antea,
586 784 651 839 aa,
686 762 727 828 id
749 760 846 846 quod
867 763 909 826 tu
928 760 1085 846 arguis,
1121 764 1351 848 cogitasset

279 867 337 932 cet.
381 865 501 932 Hausto
522 886 568 933 an
589 869 818 952 pectantes,
841 865 981 932 additum
1002 868 1051 931 ost
1072 887 1169 936 num.
1185 869 1212 952 1)

380 972 438 1051 (De
460 971 481 1057 ξ
502 972 544 1036 80
565 973 626 1038 vid.
648 975 708 1058 vol.
732 975 746 1038 I
770 993 801 1056 p.
824 972 888 1046 70.)
1302 1027 1306 1036 .

378 1077 445 1142 Ibd.
468 1077 525 1144 87:
548 1077 686 1164 Itaque
708 1079 812 1146 idem
835 1096 905 1162 ego
924 1077 1014 1156 ille,
1051 1079 1115 1162 qui
1136 1077 1347 1148 vehemens

277 1180 315 1245 in
337 1182 454 1258 alios,
492 1185 558 1266 qui
588 1183 842 1252 inexorabilis
874 1183 912 1248 in
949 1183 1098 1249 ceteros
1132 1184 1347 1250 essenisus

279 1306 376 1364 sum,
400 1290 577 1370 persolvi
604 1291 756 1373 patria,
793 1289 894 1373 quod
915 1287 1046 1362 debui,
1069 1292 1129 1354 cet
1184 1288 1272 1354 Adeo
1294 1289 1343 1354 in-

282 1393 354 1476 epta
374 1395 422 1457 est
443 1393 498 1458 illc
518 1395 672 1477 separatio
695 1398 843 1478 tanquam
871 1394 1059 1461 diversomm
1083 1395 1137 1460 in.
1151 1394 1270 1473 alios,
1302 1395 1344 1460 in

240 1568 244 1574 ⁴
278 1497 448 1577 cetoros,
480 1501 516 1563 ut
537 1499 681 1582 suspicer,
705 1498 883 1579 Ciceronem
903 1499 979 1566 nihil
1001 1501 1160 1584 scripsisse
1181 1501 1258 1570 nisit
1281 1501 1344 1586 qui

276 1603 499 1682 vehemens,
522 1605 584 1690 qui
610 1605 871 1671 inexorabilis
892 1606 930 1671 in
953 1607 1117 1674 ceteros

376 1709 440 1776 Pro
481 1709 603 1778 Archia
650 1709 694 1804 1⁰.
731 1710 764 1776 in
796 1711 844 1776 his
887 1711 1003 1778 verbis:
1052 1731 1136 1778 cum
1174 1712 1348 1781 ...aut

276 1814 387 1880 nulla
415 1817 482 1882 aut
501 1815 645 1890 humili
666 1817 804 1900 aliqua
837 1819 924 1884 arte
958 1819 1139 1904 praeditis
1165 1819 1347 1908 gratuite

276 1921 481 1988 civitatem
509 1919 547 1986 in
580 1920 734 2004 Graecia
760 1923 934 1990 homines
966 1923 1258 2008 impertiebant
1284 1924 1346 1990 ali·

276 2023 350 2110 qnid
373 2044 439 2090 esse
463 2025 532 2092 vitii
552 2027 617 2092 iam
638 2028 678 2092 ab
699 2027 768 2094 eliis
790 2028 984 2096 intellectum
1007 2031 1056 2096 est
1087 2051 1158 2096 cum
1191 2049 1228 2096 ex
1258 2029 1344 2096 codi-

276 2149 348 2194 cum
373 2131 496 2197 indiciis
526 2133 624 2212 (velut
651 2132 811 2200 Gemblsc.
839 2139 980 2218 gravat
1009 2137 1068 2214 in,
1103 2135 1342 2220 suprascripto

274 2235 340 2300 vel
359 2237 561 2322 gratuito),
594 2239 663 2303 tum
690 2239 771 2322 quod
801 2239 1022 2326 nihilomnino
1044 2243 1083 2308 ad
1103 2259 1173 2308 rem
1192 2239 1340 2323 pertinet,

273 2340 449 2426 gratuitone
478 2363 517 2412 en
538 2343 636 2428 pretio
659 2344 768 2412 civitas
790 2345 863 2412 data
884 2347 936 2414 sit.
980 2346 1042 2412 Sed
1061 2347 1140 2414 nihil
1161 2344 1339 2430 corrigendo

240 2442 243 2448 ’
274 2448 410 2532 exsculpi
441 2449 552 2516 debere
579 2453 672 2534 pulo,
705 2452 762 2518 scd
792 2453 863 2518 tolli
880 2452 1068 2536 simpliciter.
1084 2452 1260 2538 gratuito
1283 2451 1338 2516 cut

272 2558 411 2638 gravat
443 2556 499 2634 in,
533 2559 654 2650 ortum,
686 2559 722 2623 ut
748 2557 872 2640 opinor,
906 2577 944 2624 er
971 2558 1116 2640 vocabule
1141 2557 1174 2622 in
1193 2555 1338 2650 *proximo

274 2680 366 2726 versu
386 2661 432 2726 ita
453 2680 507 2746 per
528 2663 744 2748 compendium
767 2661 880 2745 scripto
902 2662 934 2727 et
955 2662 1119 2746 depravato
1148 2663 1195 2740 (iu
1215 2645 1283 2746 g‘r‘c
1302 2662 1335 2726 in

272 2765 326 2834 GE
347 2785 401 2850 pro
422 2768 462 2833 in
484 2767 660 2849 Graecia),
684 2769 720 2833 ut
740 2768 914 2834 coniectura
935 2769 1019 2836 narie
1041 2767 1242 2852 expediretur.
1279 2766 1336 2846 (hx

273 2870 321 2938 ed.
342 2871 388 2936 IV
409 2873 500 2940 cratt.
521 2875 590 2954 sel.)

270 3075 470 3086 -α-ιι--ι--ι-

289 3227 310 3292 ¹)
337 3228 351 3292 i
370 3228 404 3281 77
423 3223 620 3280 restituendum
639 3226 699 3287 est,
727 3225 798 3294 quod
816 3225 881 3282 olim
899 3223 1040 3280 edebaturr
1073 3224 1103 3278 si
1121 3226 1152 3276 in
1172 3225 1332 3278 extremo

340 3317 544 3374 discrimine
583 3331 619 3370 cc
658 3317 880 3372 dimicatione
910 3316 1062 3372 fortuna
1093 3317 1218 3368 deseret
1244 3312 1333 3381 (codd.
1426 3317 1429 3328 '

339 3410 488 3476 deserit).
535 3407 606 3464 Nem
639 3411 711 3480 quod
740 3410 872 3474 Halmius,
903 3410 969 3480 quia
984 3399 1027 3464 ¹iu
1054 3407 1111 3464 cod.
1138 3406 1333 3478 Tegcruecensi

339 3503 381 3556 est
405 3501 436 3556 si
462 3518 528 3557 non
546 3517 594 3572 pro
615 3503 645 3555 si
663 3501 715 3566 in,
743 3501 832 3557 edidit
854 3502 1041 3572 Kaysernsque
1057 3499 1191 3556 retinuit:
1219 3500 1248 3554 si
1265 3515 1333 3554 nou

339 3597 492 3649 extremo
513 3593 719 3649 discrimine
800 3594 995 3659 deserviet,
1014 3609 1122 3662 prorsus
1141 3591 1332 3647 discediturab

338 3703 450 3741 nsunon
463 3687 550 3741 solum
564 3687 646 3749 verbi,
666 3685 737 3757 qnod
748 3687 791 3741 est
808 3685 981 3752 deservio,
1000 3686 1047 3740 sed
1064 3685 1151 3754 ipsius
1171 3683 1286 3739 servio
1305 3685 1335 3737 et

338 3778 502 3843 inservio,
538 3795 597 3848 qua
621 3779 750 3834 dicuntur
777 3778 810 3833 dc
829 3779 971 3834 voluntate
998 3779 1027 3832 et
1044 3776 1129 3832 studii
1147 3778 1176 3830 et
1193 3789 1280 3846 operm
1297 3775 1333 3830 ud

339 3872 409 3926 alins
427 3887 483 3926 rem
500 3869 754 3935 accommodatione,
774 3887 828 3927 non
847 3871 879 3926 de
898 3872 958 3941 ipsc
975 3871 1106 3925 utilitate.
1152 3868 1209 3924 Noc
1226 3884 1331 3940 prepo-

336 3964 400 4020 citio
417 3963 509 4018 obesse
528 3965 626 4034 potest.
663 3963 704 4018 Ex
723 3964 779 4018 sin
798 3971 861 4034 (pro
877 3965 907 4018 si
923 3965 970 4032 in)
988 3965 1081 4030 natum
1100 3963 1132 4017 si
1150 3977 1224 4018 nona
