2938 4630
306 281 348 345 m
665 282 928 354 mmmm

262 479 355 565 plane
376 497 468 563 prave
486 477 533 544 ibi
554 479 688 560 additur,
714 482 802 564 quasi
822 482 886 546 ruri
915 500 985 547 eum
1007 481 1104 546 vervis
1126 499 1186 548 nnn
1207 481 1328 548 luituras

262 587 306 652 sit
327 584 492 662 villicus.¹)

364 690 635 774 thQm

418 795 532 880 fingere
554 794 699 860 cinctutis
721 817 782 862 non
804 797 945 865 exaudita
968 797 1113 882 Cethegis

419 902 584 985 continget,
606 901 788 986 dabiturque
808 905 933 970 lieentia
954 905 1078 986 sumpta
1098 905 1262 987 pudentem

420 1012 452 1074 et
474 1031 552 1077 nove
572 1012 704 1094 fletaque
726 1031 823 1094 nuper
843 1010 999 1075 habebunt
1019 1011 1112 1076 verba
1135 1010 1238 1085 fidem,
1260 1008 1288 1074 si

419 1115 526 1182 Greeen
549 1118 633 1182 fonte
653 1118 763 1183 eadent
785 1135 876 1200 paree
898 1115 1029 1181 detorta.

263 1218 371 1302 Neque
395 1220 502 1288 Greeee
532 1224 616 1288 lente
649 1225 751 1288 omnia
783 1223 890 1288 eadere
912 1222 1061 1288 Horatius
1081 1221 1190 1300 veluit,
1220 1237 1330 1302 neque,

261 1343 332 1409 qne
344 1326 451 1393 uraeeo
463 1330 548 1394 fonte
564 1329 717 1408 caderent,
734 1348 813 1395 nova
823 1346 979 1412 nuperque
994 1328 1068 1392 fieta
1082 1326 1183 1392 diesne
1199 1326 1330 1408 peterat

264 1431 350 1498 Duas
374 1432 530 1518 signifieat
560 1436 626 1502 vias
652 1437 800 1502 sermonis
824 1435 916 1518 patrii
937 1434 1079 1519 augendi,
1114 1432 1150 1496 nt
1174 1431 1228 1496 eut
1248 1448 1332 1500 vneva

261 1536 419 1622 fingantur
440 1543 494 1604 ant
515 1559 531 1604 e
554 1541 659 1612 Graeee
680 1543 762 1608 fonte
783 1561 875 1626 perae
897 1542 991 1607 verba
1014 1539 1203 1605 deriventur.
1247 1535 1329 1600 Seri·

204 1669 212 1683 ·
261 1643 397 1708 bendum
419 1649 555 1711 retracta
576 1647 735 1730 particula,
759 1669 826 1731 quae
850 1648 996 1713 facillime
1018 1645 1092 1711 elidi
1113 1644 1248 1726 peteratz

326 1753 358 1816 et
378 1772 458 1818 neve
479 1753 611 1837 fletaque
633 1773 731 1835 nuper
751 1755 909 1820 habebunt
929 1753 1023 1817 verba
1044 1750 1149 1842 fidem,
1172 1757 1199 1812 el
1220 1746 1248 1812 si

329 1857 437 1923 Graeee
457 1859 541 1923 sonte
563 1859 676 1924 cedent
695 1877 785 1940 paree
808 1860 936 1925 detorta·
1059 1859 1062 1866 '

259 1963 324 2046 (De
347 1983 375 2028 v.
399 1962 461 2026 350
483 1965 544 2028 dixi
567 1965 627 2028 vol.
651 1965 667 2026 Ι
688 1985 717 2047 p.
741 1965 805 2043 68.)

363 2069 392 2131 A
414 2070 549 2150 Vergilio
573 2068 761 2156 Horatioque
784 2067 916 2143 veniam,
939 2065 1054 2143 omisso
1074 2062 1207 2140 Tibullo,
1238 2081 1329 2144 quem

260 2177 331 2256 pust
364 2173 478 2254 primos
499 2175 677 2255 professorii
708 2173 845 2236 muneris
866 2189 960 2236 annos
992 2171 1093 2234 totum
1116 2186 1175 2234 nnn
1200 2168 1329 2252 perlegi,

265 2279 298 2342 et
318 2277 358 2342 ad
382 2296 474 2360 quem
495 2279 572 2341 nihil
606 2279 703 2343 habeo
727 2280 918 2354 annotatum,
955 2275 1034 2357 quod
1050 2275 1183 2338 editinue
1206 2273 1331 2355 dignum

267 2383 318 2459 sit,
351 2383 391 2446 ad
424 2382 584 2462 Ovidium,
621 2385 648 2448 si
678 2401 829 2466 perpauca
864 2380 1080 2468 Propertinna
1111 2378 1333 2457 interposuere,

260 2507 339 2570 quae,
376 2508 446 2554 eum
477 2492 549 2556 ante
578 2491 708 2574 triginta
737 2507 831 2554 annos
853 2489 1059 2563 annularem,
1091 2481 1242 2564 occupata
1272 2499 1331 2546 nen

265 2591 353 2659 video
374 2597 516 2680 certaque
539 2615 606 2662 esse
627 2600 711 2681 pute.
753 2595 835 2662 Nam

370 2701 394 2779 I,
417 2701 447 2780 2,
470 2703 489 2764 9
513 2706 545 2768 el
569 2703 608 2765 10
630 2703 709 2787 qnod
732 2704 775 2768 sie
797 2704 906 2768 edunt:

399 2808 520 2890 Aspice,
544 2829 603 2893 quo
626 2810 927 2876 summittit-humus
948 2807 1083 2872 formosa
1105 2801 1220 2868 selures

401 2918 432 2981 et
453 2917 579 2980 veniant
600 2916 721 2982 hederae
743 2918 853 2997 sponte
875 2933 931 2979 sua
952 2913 1072 2985 melius,

401 3023 507 3105 surgat
528 3022 560 3084 et
579 3023 612 3087 in
634 3022 708 3086 solis
728 3021 849 3086 felieius
871 3019 997 3084 arbutus
1022 3015 1130 3092 antris,

404 3127 436 3189 et
457 3127 536 3192 seiet
556 3126 701 3190 indociles
726 3143 846 3188 currere
867 3122 993 3207 lympha
1013 3122 1090 3192 vias,

295 3342 317 3410 ¹)
336 3345 359 3409 Ι,
387 3347 412 3411 6,
442 3347 458 3399 7
484 3343 558 3396 rente
586 3343 671 3396 oratio
698 3341 880 3411 distinguitur
906 3338 977 3409 apud
1008 3336 1145 3392 Kellerum
1177 3336 1209 3388 ut
1235 3333 1332 3387 reuera

334 3435 526 3506 (Spielsaehen,
545 3435 593 3503 Ep.
612 3436 634 3501 1,
662 3437 686 3500 1,
707 3437 754 3498 10)
775 3437 849 3486 maris
867 3433 943 3486 Indos
969 3433 1068 3484 denaris
1091 3430 1223 3490 dicautur,
1258 3427 1331 3480 certe

336 3529 419 3582 etiem
438 3529 566 3583 erationis
593 3528 692 3582 forma:
723 3528 783 3594 qaid
801 3545 879 3578 censes
905 3545 1003 3578 munera
1031 3538 1099 3578 rerroe
1120 3561 1125 3574 ,
1145 3561 1152 3575 .
1173 3559 1181 3572 .
1200 3539 1247 3586 quo
1265 3536 1331 3584 spec·

336 3622 413 3673 tanda
431 3623 501 3672 ‚nodo
521 3621 640 3688 (σκὼψ
671 3637 718 3692 per
735 3621 825 3674 totum
843 3619 931 3673 locum
949 3621 1062 3674 servata.
1100 3619 1122 3680 Ι,
1139 3616 1187 3677 17,
1207 3613 1242 3667 24
1260 3612 1332 3664 reete

335 3710 517 3766 Doederlinius
550 3715 608 3779 fere
644 3727 704 3764 eum
740 3724 886 3778 temptantem
916 3716 1010 3764 maiora
1038 3711 1185 3766 coniunxit.
1224 3711 1247 3769 I,
1289 3703 1331 3764 18,

335 3805 417 3860 98-et
434 3804 468 3859 99
486 3803 661 3857 revocandum
687 3802 730 3857 bis
751 3825 786 3858 ne.
830 3803 893 3870 Qus
919 3806 962 3859 his
980 3805 1084 3859 duobus
1102 3803 1224 3859 versibus
1244 3803 1330 3873 signi-

335 3895 457 3959 ficantur,
486 3913 538 3950 non
562 3897 723 3966 questiones
747 3900 822 3952 erent
845 3913 893 3950 nec
918 3915 934 3952 a
958 3897 1124 3966 philosophis
1144 3897 1332 3953 tractabantur

335 3990 410 4055 (num
433 3989 504 4043 hune
522 3989 635 4044 illumve
658 3988 793 4042 hominem
823 3988 919 4058 cupido
943 4006 1047 4058 semper
1071 3995 1201 4060 vexaret),
1233 3990 1279 4044 sed
1297 4007 1331 4045 ne

332 4081 372 4136 sie
389 4082 505 4151 vivatur,
522 4081 766 4154 philosophandum
787 4083 837 4137 est.
