2970 4648
493 265 526 322 L.
543 265 643 324 &nece
659 265 693 322 do
710 265 861 324 clementia.
1006 325 1009 332 ,
1106 263 1170 330 425

148 462 250 530 iuerat
282 461 323 530 ad
343 463 591 543 senosanam,
626 481 726 547 aqua
757 481 818 528 non
838 461 972 529 multum
992 465 1127 532 Hessius
1149 465 1213 534 dia·
1282 525 1284 528 .

150 568 262 634 cessit:
295 570 439 646 omnia,
474 589 552 654 qnae
584 570 620 636 in
656 569 773 635 iidem
802 568 865 654 [er]
900 570 1067 638 tutelam
1088 571 1213 656 [uoce-

149 672 269 758 peris,
308 676 414 744 salva
434 675 597 762 hanari,
632 674 729 741 nihil
750 693 817 758 per
837 677 874 744 tc
894 694 1015 761 neque
1038 676 1075 743 ri
1095 693 1213 760 neque

151 778 248 844 clam
271 777 419 868 [damni
440 769 543 868 da']ri
563 781 654 865 reip.

251 886 319 953 lbd.
341 886 379 968 3,
412 889 446 954 1:
490 887 595 954 Nunc
620 889 659 955 in
687 892 768 956 tros
795 875 926 972 partes
948 907 1093 956 omnem
1116 888 1215 954 harro

108 981 113 994 '
151 991 355 1060 materiam
385 993 566 1060 dividam:
608 977 732 1078 prima
768 993 844 1060 erit
872 995 1215 1068 manumissionis,

152 1087 336 1175 secunde,
375 1118 454 1184 qnae
491 1104 669 1168 naturam
710 1099 922 1166 clementiae
960 1101 1215 1184 habitumque

153 1205 417 1284 demonstret,
546 1204 1014 1291 tertiolocoqnaeremus‚
1043 1210 1101 1272 cet
1146 1205 1217 1270 Ma·
1276 1287 1282 1299 ¹

154 1312 352 1380 immissionis
372 1311 451 1378 nihil
466 1312 581 1394 simile
610 1314 643 1378 iu
673 1312 759 1378 omni
784 1314 921 1380 materia
944 1314 1126 1380 innotatione
1148 1330 1216 1379 esse

156 1418 249 1486 multi
280 1417 507 1486 intellexerunt.
562 1419 598 1484 ln
626 1420 727 1502 prima
757 1421 845 1504 parte
873 1419 989 1486 Seneca
1019 1419 1218 1486 clementiam

157 1524 353 1592 commendat
377 1527 524 1609 tanquam
556 1526 694 1592 omnium
726 1527 860 1592 maxime
886 1524 1019 1609 principi
1044 1527 1076 1594 et
1101 1526 1218 1592 Neroni

158 1631 400 1700 convenientem.
457 1631 572 1718 Opinon
605 1631 700 1718 igitur
732 1632 879 1698 Senecam
905 1632 1065 1714 scripsisse
1085 1653 1219 1696 monor

154 1736 389 1814 iniectionis
412 1738 536 1816 hooest,
558 1739 798 1808 uttibimannm
813 1738 951 1806 iniioiam
972 1757 1009 1804 ao
1030 1739 1062 1804 te
1083 1740 1217 1804 teneam

157 1843 275 1908 Manus
297 1846 415 1910 iniectio
446 1865 499 1931 pro
532 1866 592 1912 uno
619 1845 766 1914 vocabulo
794 1846 861 1912 eret
880 1846 913 1912 in
934 1845 1218 1912 iurisconsultorum

156 1968 296 2018 sermone
328 1953 433 2019 etita
465 1953 588 2038 ponitur
619 1953 700 2038 apud
733 1954 836 2037 ipsum
868 1951 1016 2018 Senecam
1049 1950 1087 2016 de
1123 1951 1220 2016 const.

156 2075 221 2142 sap.
244 2056 276 2136 5,
298 2057 326 2124 7.

258 2163 324 2230 Ibd.
358 2164 394 2240 6,
421 2167 456 2230 i:
500 2164 840 2250 Quotusquisque
879 2182 921 2230 er
962 2161 1221 2248 quaestoribus

159 2253 242 2350 est,⁸
272 2271 337 2354 qui
371 2291 441 2338 non
477 2290 519 2338 ax
544 2273 650 2351 ·(recte
673 2270 741 2338 edd.
764 2270 933 2354 superiores
955 2272 1009 2349 aa)
1033 2270 1117 2352 ipsa
1138 2268 1221 2352 lege

157 2378 351 2456 teneatur,
393 2397 465 2463 qua
508 2379 651 2466 quaerit.
696 2377 814 2456 Quurit
857 2377 906 2452 (de
938 2374 1132 2456 criminibus)
1164 2391 1222 2439 non

160 2485 300 2568 quaestor,
322 2484 377 2550 sed
399 2486 578 2572 qooeoitor
599 2488 649 2563 (ut
663 2484 744 2570 apud
759 2483 928 2566 Vergilium
940 2481 1085 2565 quaesitor
1096 2479 1223 2561 Minos),

158 2589 264 2674 itaque
294 2589 410 2658 Seneca
448 2592 579 2676 scripsit
636 2590 792 2673 Frequens
827 2590 877 2656 est
914 2587 981 2652 haec
1017 2585 1155 2652 confusio
1191 2584 1224 2650 in

160 2699 314 2769 codicibus
340 2701 373 2766 et
392 2697 575 2764 editionibus
597 2696 692 2762 etiam
713 2695 843 2760 aliorum
865 2694 1059 2776 scriptorum.

260 2805 327 2872 Ibd.
350 2805 380 2883 7,
404 2805 438 2869 1:
465 2803 608 2888 etquis
630 2821 758 2887 rogum
780 2802 856 2869 erit
875 2801 999 2875 tutus,
1021 2796 1129 2864 cuius
1151 2813 1224 2861 non

161 2911 329 2976 membra
364 2911 593 2994 haruspices
629 2909 844 2994 colligant?
884 2905 953 2972 Hoo
983 2904 1048 2970 est:
1078 2899 1224 2968 Omnium

163 3026 303 3090 tutorum
323 3038 433 3106 regum
465 3018 607 3086 membru
634 3015 776 3096 (fulmine
803 3014 950 3091 disiecta),
966 3008 1142 3092 haruspices
1162 3003 1226 3071 ool-

161 3130 269 3216 iigent
305 3128 401 3212 Atqui
420 3126 479 3193 hoo
500 3125 660 3192 sontautiae
680 3123 840 3206 repugnat,
862 3137 930 3203 quae
951 3118 1018 3184 huc
1042 3115 1101 3194 est,
1126 3111 1225 3196 nemi-

164 3257 236 3306 nem
257 3255 363 3322 rogum
385 3235 449 3300 foro
470 3235 594 3312 tutum,
629 3231 765 3320 omnium
788 3226 928 3294 membru
958 3221 1135 3304 horuspices
1163 3217 1227 3284 ool·

161 3344 309 3410 lecturos.
355 3339 558 3406 Scribonium
579 3344 641 3404 est:
685 3335 823 3420 Ecquis
844 3335 901 3414 (sio
923 3332 1008 3398 recte
1037 3327 1107 3394 edd.
1135 3342 1226 3410 supe·

164 3455 274 3530 riores)
317 3465 447 3532 regum
491 3435 565 3510 crit
608 3445 738 3510 tutus?
789 3439 904 3506 cuius
946 3454 1017 3502 uon
1060 3430 1229 3498 membra

163 3555 394 3639 haruspices
416 3551 621 3635 oolliperrt?

265 3663 332 3729 Ibd.
347 3661 425 3739 9,1:
446 3658 565 3724 Divus
587 3657 784 3740 Augustus
805 3652 882 3717 fuit
903 3647 1010 3716 mitis
1033 3644 1227 3728 princeps,

164 3775 198 3840 si
221 3767 439 3855 quirillum
463 3783 482 3830 a
504 3762 726 3846 principatu
747 3777 813 3827 suo
833 3755 1022 3824 aetimare
1044 3748 1228 3832 incipiam

165 3881 204 3946 in
227 3873 419 3945 communi
450 3869 603 3955 quidem
633 3864 858 3950 reipublicae
894 3859 1069 3946 gladium
1101 3853 1228 3920 movit.

165 3983 254 4052 Nihil
275 3997 471 4048 commune
493 3977 584 4060 reip.
607 3971 770 4058 significat.
799 3967 880 4053 quod
900 3961 1083 4052 principatui
1109 3961 1230 4025 contra-

168 4092 250 4158 rium
272 4088 345 4172 poni
370 4087 470 4171 possit
503 4083 536 4152 ot
556 4078 695 4166 superius
723 4075 872 4142 bellorum
894 4069 1032 4138 civilium
1051 4065 1230 4134 triumviro·
