<?xml version="1.0" encoding="UTF-8"?>
<!DOCTYPE html PUBLIC "-//W3C//DTD XHTML 1.0 Transitional//EN"
    "http://www.w3.org/TR/xhtml1/DTD/xhtml1-transitional.dtd">
<html xmlns="http://www.w3.org/1999/xhtml" xml:lang="en" lang="en">
 <head>
  <title>
</title>
<meta http-equiv="Content-Type" content="text/html;charset=utf-8" />
  <meta name='ocr-system' content='tesseract 3.04.00' />
  <meta name='ocr-capabilities' content='ocr_page ocr_carea ocr_par ocr_line ocrx_word'/>
</head>
<body>
  <div class='ocr_page' id='page_1' title='image "./adversariacriti03madvgoog/adversariacriti03madvgoog_0230.png"; bbox 0 0 2978 4644; ppageno 0'>
   <div class='ocr_carea' id='block_1_1' title="bbox 561 255 1204 344">
    <p class='ocr_par' dir='ltr' id='par_1_1' title="bbox 561 255 1204 344">
     <span class='ocr_line' id='line_1_1' title="bbox 561 255 1204 344; baseline -0.002 -8"><span class='ocrx_word' id='word_1_1' title='bbox 561 279 698 338; x_wconf 63' lang='lat' dir='ltr'><strong>Cimonis</strong></span> <span class='ocrx_word' id='word_1_2' title='bbox 713 255 870 338; x_wconf 66' lang='lat' dir='ltr'><strong>Orationem</strong></span> <span class='ocrx_word' id='word_1_3' title='bbox 1144 280 1204 344; x_wconf 75' lang='lat'><strong>217</strong></span> 
     </span>
    </p>
   </div>
   <div class='ocr_carea' id='block_1_2' title="bbox 104 477 1278 4142">
    <p class='ocr_par' dir='ltr' id='par_1_2' title="bbox 162 477 1252 881">
     <span class='ocr_line' id='line_1_2' title="bbox 162 477 1250 564; baseline 0.002 -18"><span class='ocrx_word' id='word_1_4' title='bbox 162 523 166 530; x_wconf 88' lang='lat'><em>-</em></span> <span class='ocrx_word' id='word_1_5' title='bbox 187 477 269 546; x_wconf 85' lang='lat' dir='ltr'><strong>Hiuc</strong></span> <span class='ocrx_word' id='word_1_6' title='bbox 289 481 415 546; x_wconf 84' lang='lat' dir='ltr'><strong>ustum:</strong></span> <span class='ocrx_word' id='word_1_7' title='bbox 438 497 480 545; x_wconf 82' lang='lat' dir='ltr'><strong>ex</strong></span> <span class='ocrx_word' id='word_1_8' title='bbox 499 479 715 545; x_wconf 85' lang='lat' dir='ltr'><strong>uisceribus</strong></span> <span class='ocrx_word' id='word_1_9' title='bbox 738 477 897 546; x_wconf 72' lang='lat' dir='ltr'><strong>timearis</strong></span> <span class='ocrx_word' id='word_1_10' title='bbox 919 479 962 557; x_wconf 69' lang='lat' dir='ltr'><strong>st</strong></span> <span class='ocrx_word' id='word_1_11' title='bbox 994 480 1096 548; x_wconf 84' lang='lat' dir='ltr'><strong>msoio</strong></span> <span class='ocrx_word' id='word_1_12' title='bbox 1117 499 1177 564; x_wconf 79' lang='lat' dir='ltr'><strong>quo</strong></span> <span class='ocrx_word' id='word_1_13' title='bbox 1198 499 1250 548; x_wconf 85' lang='lat' dir='ltr'><strong>er-</strong></span> 
     </span>
     <span class='ocr_line' id='line_1_3' title="bbox 186 584 1252 666; baseline 0.001 -15"><span class='ocrx_word' id='word_1_14' title='bbox 186 603 254 652; x_wconf 86' lang='lat' dir='ltr'><strong>rore</strong></span> <span class='ocrx_word' id='word_1_15' title='bbox 277 585 426 652; x_wconf 82' lang='lat' dir='ltr'><strong>distractu</strong></span> <span class='ocrx_word' id='word_1_16' title='bbox 449 603 540 651; x_wconf 83' lang='lat' dir='ltr'><strong>vocs:</strong></span> <span class='ocrx_word' id='word_1_17' title='bbox 573 603 615 650; x_wconf 84' lang='lat' dir='ltr'><strong>ex</strong></span> <span class='ocrx_word' id='word_1_18' title='bbox 643 586 682 650; x_wconf 90' lang='lat' dir='ltr'><strong>ui</strong></span> <span class='ocrx_word' id='word_1_19' title='bbox 714 584 877 652; x_wconf 78' lang='lat' dir='ltr'><strong>(iaeserie</strong></span> <span class='ocrx_word' id='word_1_20' title='bbox 908 585 1037 666; x_wconf 68' lang='lat' dir='ltr'><strong>rocos„</strong></span> <span class='ocrx_word' id='word_1_21' title='bbox 1085 587 1252 656; x_wconf 82' lang='lat' dir='ltr'><strong>Postremo</strong></span> 
     </span>
     <span class='ocr_line' id='line_1_4' title="bbox 186 689 1251 778; baseline 0.003 -20"><span class='ocrx_word' id='word_1_22' title='bbox 186 689 318 758; x_wconf 79' lang='lat' dir='ltr'><strong>occessit</strong></span> <span class='ocrx_word' id='word_1_23' title='bbox 349 693 457 758; x_wconf 81' lang='lat' dir='ltr'><strong>sctis.</strong></span> <span class='ocrx_word' id='word_1_24' title='bbox 513 691 673 756; x_wconf 74' lang='lat' dir='ltr'><strong>viscere</strong></span> <span class='ocrx_word' id='word_1_25' title='bbox 702 692 831 757; x_wconf 79' lang='lat' dir='ltr'><strong>ceretii</strong></span> <span class='ocrx_word' id='word_1_26' title='bbox 862 691 880 774; x_wconf 63' lang='grc' dir='ltr'><strong>ς</strong></span> <span class='ocrx_word' id='word_1_27' title='bbox 909 691 972 756; x_wconf 80' lang='lat'><strong>124</strong></span> <span class='ocrx_word' id='word_1_28' title='bbox 996 692 1107 760; x_wconf 86' lang='lat' dir='ltr'><strong>iterum</strong></span> <span class='ocrx_word' id='word_1_29' title='bbox 1140 694 1251 778; x_wconf 83' lang='lat' dir='ltr'><strong>eppei·</strong></span> 
     </span>
     <span class='ocr_line' id='line_1_5' title="bbox 185 795 1135 881; baseline -0.004 -17"><span class='ocrx_word' id='word_1_30' title='bbox 185 799 297 864; x_wconf 75' lang='lat' dir='ltr'><strong>qutur.</strong></span> <span class='ocrx_word' id='word_1_31' title='bbox 335 795 517 864; x_wconf 80' lang='lat' dir='ltr'><strong>Ponendum</strong></span> <span class='ocrx_word' id='word_1_32' title='bbox 539 797 598 862; x_wconf 91' lang='lat' dir='ltr'><strong>hoo</strong></span> <span class='ocrx_word' id='word_1_33' title='bbox 618 795 720 862; x_wconf 77' lang='lat' dir='ltr'><strong>iuorst</strong></span> <span class='ocrx_word' id='word_1_34' title='bbox 740 799 800 863; x_wconf 85' lang='lat' dir='ltr'><strong>vol.</strong></span> <span class='ocrx_word' id='word_1_35' title='bbox 821 799 838 862; x_wconf 91' lang='lat'>1</span> <span class='ocrx_word' id='word_1_36' title='bbox 860 817 890 881; x_wconf 90' lang='lat' dir='ltr'><strong>p.</strong></span> <span class='ocrx_word' id='word_1_37' title='bbox 914 797 986 865; x_wconf 79' lang='lat'><strong>152.</strong></span> <span class='ocrx_word' id='word_1_38' title='bbox 1127 821 1135 838; x_wconf 93' lang='lat'><strong>·</strong></span> 
     </span>
    </p>

    <p class='ocr_par' dir='ltr' id='par_1_3' title="bbox 104 901 1258 1942">
     <span class='ocr_line' id='line_1_6' title="bbox 286 901 1248 972; baseline 0 -4"><span class='ocrx_word' id='word_1_39' title='bbox 286 903 355 969; x_wconf 87' lang='lat' dir='ltr'><strong>lbd.</strong></span> <span class='ocrx_word' id='word_1_40' title='bbox 378 903 419 967; x_wconf 89' lang='lat'><strong>34</strong></span> <span class='ocrx_word' id='word_1_41' title='bbox 442 901 646 968; x_wconf 83' lang='lat' dir='ltr'><strong>reuucsudum</strong></span> <span class='ocrx_word' id='word_1_42' title='bbox 668 919 686 967; x_wconf 88' lang='lat' dir='ltr'><strong>s</strong></span> <span class='ocrx_word' id='word_1_43' title='bbox 710 902 880 970; x_wconf 73' lang='lat' dir='ltr'><strong>codicibus:</strong></span> <span class='ocrx_word' id='word_1_44' title='bbox 916 905 1077 972; x_wconf 83' lang='lat' dir='ltr'><strong>videsue</strong></span> <span class='ocrx_word' id='word_1_45' title='bbox 1098 923 1153 972; x_wconf 86' lang='lat' dir='ltr'><strong>me</strong></span> <span class='ocrx_word' id='word_1_46' title='bbox 1175 922 1248 970; x_wconf 87' lang='lat' dir='ltr'><strong>nou</strong></span> 
     </span>
     <span class='ocr_line' id='line_1_7' title="bbox 104 1009 1252 1094; baseline 0 -18"><span class='ocrx_word' id='word_1_47' title='bbox 104 1043 106 1047; x_wconf 33' lang='lat' dir='ltr'>v</span> <span class='ocrx_word' id='word_1_48' title='bbox 184 1009 375 1076; x_wconf 79' lang='lat' dir='ltr'><strong>radicitus</strong></span> <span class='ocrx_word' id='word_1_49' title='bbox 419 1009 593 1076; x_wconf 87' lang='lat' dir='ltr'><strong>evellere</strong></span> <span class='ocrx_word' id='word_1_50' title='bbox 630 1025 760 1074; x_wconf 91' lang='lat' dir='ltr'><strong>omues</strong></span> <span class='ocrx_word' id='word_1_51' title='bbox 799 1011 971 1076; x_wconf 81' lang='lat' dir='ltr'><strong>actionus</strong></span> <span class='ocrx_word' id='word_1_52' title='bbox 1007 1013 1094 1076; x_wconf 87' lang='lat' dir='ltr'><strong>tuus</strong></span> <span class='ocrx_word' id='word_1_53' title='bbox 1127 1029 1252 1094; x_wconf 86' lang='lat' dir='ltr'><strong>usquo</strong></span> 
     </span>
     <span class='ocr_line' id='line_1_8' title="bbox 185 1113 1249 1201; baseline 0 -21"><span class='ocrx_word' id='word_1_54' title='bbox 185 1117 285 1182; x_wconf 88' lang='lat' dir='ltr'><strong>iliud</strong></span> <span class='ocrx_word' id='word_1_55' title='bbox 307 1133 440 1201; x_wconf 78' lang='lat' dir='ltr'><strong>egere,</strong></span> <span class='ocrx_word' id='word_1_56' title='bbox 463 1113 563 1197; x_wconf 91' lang='lat' dir='ltr'><strong>quod</strong></span> <span class='ocrx_word' id='word_1_57' title='bbox 584 1115 766 1195; x_wconf 79' lang='lat' dir='ltr'><strong>opertum</strong></span> <span class='ocrx_word' id='word_1_58' title='bbox 800 1118 875 1190; x_wconf 85' lang='lat' dir='ltr'><strong>est,</strong></span> <span class='ocrx_word' id='word_1_59' title='bbox 906 1117 944 1182; x_wconf 87' lang='lat' dir='ltr'><strong>te</strong></span> <span class='ocrx_word' id='word_1_60' title='bbox 966 1116 1121 1182; x_wconf 88' lang='lat' dir='ltr'><strong>omuino</strong></span> <span class='ocrx_word' id='word_1_61' title='bbox 1148 1116 1249 1184; x_wconf 85' lang='lat' dir='ltr'><strong>nihii</strong></span> 
     </span>
     <span class='ocr_line' id='line_1_9' title="bbox 187 1219 1256 1306; baseline 0 -20"><span class='ocrx_word' id='word_1_62' title='bbox 187 1222 357 1306; x_wconf 79' lang='lat' dir='ltr'><strong>gessisse</strong></span> <span class='ocrx_word' id='word_1_63' title='bbox 378 1220 476 1294; x_wconf 88' lang='lat' dir='ltr'><strong>iuro,</strong></span> <span class='ocrx_word' id='word_1_64' title='bbox 508 1219 578 1297; x_wconf 77' lang='lat' dir='ltr'><strong>cst,</strong></span> <span class='ocrx_word' id='word_1_65' title='bbox 599 1237 654 1301; x_wconf 89' lang='lat' dir='ltr'><strong>pro</strong></span> <span class='ocrx_word' id='word_1_66' title='bbox 674 1237 734 1302; x_wconf 82' lang='lat' dir='ltr'><strong>quo</strong></span> <span class='ocrx_word' id='word_1_67' title='bbox 755 1239 860 1304; x_wconf 81' lang='lat' dir='ltr'><strong>nuper,</strong></span> <span class='ocrx_word' id='word_1_68' title='bbox 893 1220 1027 1304; x_wconf 73' lang='lat' dir='ltr'><strong>receptis</strong></span> <span class='ocrx_word' id='word_1_69' title='bbox 1053 1221 1198 1288; x_wconf 67' lang='lat' dir='ltr'><strong>Iontioi</strong></span> <span class='ocrx_word' id='word_1_70' title='bbox 1216 1223 1256 1286; x_wconf 83' lang='lat' dir='ltr'><strong>et.</strong></span> 
     </span>
     <span class='ocr_line' id='line_1_10' title="bbox 189 1324 1252 1403; baseline -0.002 -9"><span class='ocrx_word' id='word_1_71' title='bbox 189 1325 334 1394; x_wconf 82' lang='lat' dir='ltr'><strong>Osiuudri</strong></span> <span class='ocrx_word' id='word_1_72' title='bbox 361 1325 551 1403; x_wconf 72' lang='lat' dir='ltr'><strong>coniecturis,</strong></span> <span class='ocrx_word' id='word_1_73' title='bbox 578 1324 697 1390; x_wconf 80' lang='lat' dir='ltr'><strong>editum</strong></span> <span class='ocrx_word' id='word_1_74' title='bbox 718 1329 782 1392; x_wconf 83' lang='lat' dir='ltr'><strong>est:</strong></span> <span class='ocrx_word' id='word_1_75' title='bbox 804 1327 961 1394; x_wconf 79' lang='lat' dir='ltr'><strong>uidesne</strong></span> <span class='ocrx_word' id='word_1_76' title='bbox 983 1345 1040 1394; x_wconf 89' lang='lat' dir='ltr'><strong>me</strong></span> <span class='ocrx_word' id='word_1_77' title='bbox 1060 1325 1252 1392; x_wconf 76' lang='lat' dir='ltr'><strong>radicitus</strong></span> 
     </span>
     <span class='ocr_line' id='line_1_11' title="bbox 188 1431 1250 1516; baseline -0.002 -18"><span class='ocrx_word' id='word_1_78' title='bbox 188 1434 363 1500; x_wconf 84' lang='lat' dir='ltr'><strong>evellere</strong></span> <span class='ocrx_word' id='word_1_79' title='bbox 467 1448 601 1514; x_wconf 85' lang='lat' dir='ltr'><strong>meque</strong></span> <span class='ocrx_word' id='word_1_80' title='bbox 619 1431 721 1496; x_wconf 91' lang='lat' dir='ltr'><strong>illud</strong></span> <span class='ocrx_word' id='word_1_81' title='bbox 741 1451 872 1515; x_wconf 76' lang='lat' dir='ltr'><strong>egere,</strong></span> <span class='ocrx_word' id='word_1_82' title='bbox 894 1432 952 1498; x_wconf 89' lang='lat' dir='ltr'><strong>hoc</strong></span> <span class='ocrx_word' id='word_1_83' title='bbox 978 1432 1102 1516; x_wconf 81' lang='lat' dir='ltr'><strong>quidem</strong></span> <span class='ocrx_word' id='word_1_84' title='bbox 1128 1431 1250 1509; x_wconf 80' lang='lat' dir='ltr'><strong>vitiose,</strong></span> 
     </span>
     <span class='ocr_line' id='line_1_12' title="bbox 188 1537 1257 1622; baseline -0.002 -18"><span class='ocrx_word' id='word_1_85' title='bbox 188 1539 320 1622; x_wconf 82' lang='lat' dir='ltr'><strong>pondero</strong></span> <span class='ocrx_word' id='word_1_86' title='bbox 341 1539 374 1603; x_wconf 90' lang='lat' dir='ltr'><strong>in</strong></span> <span class='ocrx_word' id='word_1_87' title='bbox 395 1537 573 1620; x_wconf 84' lang='lat' dir='ltr'><strong>pronomine</strong></span> <span class='ocrx_word' id='word_1_88' title='bbox 595 1542 675 1616; x_wconf 88' lang='lat' dir='ltr'><strong>(me)</strong></span> <span class='ocrx_word' id='word_1_89' title='bbox 699 1538 906 1613; x_wconf 75' lang='lat' dir='ltr'><strong>incumbente,</strong></span> <span class='ocrx_word' id='word_1_90' title='bbox 939 1555 1010 1604; x_wconf 90' lang='lat' dir='ltr'><strong>cum</strong></span> <span class='ocrx_word' id='word_1_91' title='bbox 1035 1537 1099 1604; x_wconf 87' lang='lat' dir='ltr'><strong>dici</strong></span> <span class='ocrx_word' id='word_1_92' title='bbox 1125 1537 1257 1604; x_wconf 82' lang='lat' dir='ltr'><strong>deberet</strong></span> 
     </span>
     <span class='ocr_line' id='line_1_13' title="bbox 188 1642 1249 1729; baseline -0.004 -17"><span class='ocrx_word' id='word_1_93' title='bbox 188 1647 301 1729; x_wconf 83' lang='lat' dir='ltr'><strong>etque</strong></span> <span class='ocrx_word' id='word_1_94' title='bbox 329 1644 579 1728; x_wconf 81' lang='lat' dir='ltr'><strong>illudugero.</strong></span> <span class='ocrx_word' id='word_1_95' title='bbox 633 1642 738 1708; x_wconf 81' lang='lat' dir='ltr'><strong>Cicero</strong></span> <span class='ocrx_word' id='word_1_96' title='bbox 764 1644 915 1728; x_wconf 85' lang='lat' dir='ltr'><strong>reliquum</strong></span> <span class='ocrx_word' id='word_1_97' title='bbox 938 1642 1037 1710; x_wconf 81' lang='lat' dir='ltr'><strong>clodii</strong></span> <span class='ocrx_word' id='word_1_98' title='bbox 1057 1644 1249 1712; x_wconf 78' lang='lat' dir='ltr'><strong>tribunatum</strong></span> 
     </span>
     <span class='ocr_line' id='line_1_14' title="bbox 189 1743 1258 1834; baseline -0.002 -18"><span class='ocrx_word' id='word_1_99' title='bbox 189 1751 353 1816; x_wconf 81' lang='lat' dir='ltr'><strong>subsistere</strong></span> <span class='ocrx_word' id='word_1_100' title='bbox 374 1751 505 1834; x_wconf 83' lang='lat' dir='ltr'><strong>petitur,</strong></span> <span class='ocrx_word' id='word_1_101' title='bbox 529 1767 621 1833; x_wconf 88' lang='lat' dir='ltr'><strong>quem</strong></span> <span class='ocrx_word' id='word_1_102' title='bbox 644 1749 731 1814; x_wconf 81' lang='lat' dir='ltr'><strong>eruut</strong></span> <span class='ocrx_word' id='word_1_103' title='bbox 758 1750 811 1834; x_wconf 88' lang='lat' dir='ltr'><strong>qui</strong></span> <span class='ocrx_word' id='word_1_104' title='bbox 835 1743 930 1816; x_wconf 89' lang='lat' dir='ltr'><strong>sim&#39;ul</strong></span> <span class='ocrx_word' id='word_1_105' title='bbox 955 1749 1085 1816; x_wconf 81' lang='lat' dir='ltr'><strong>convelli</strong></span> <span class='ocrx_word' id='word_1_106' title='bbox 1108 1750 1258 1833; x_wconf 83' lang='lat' dir='ltr'><strong>putersut</strong></span> 
     </span>
     <span class='ocr_line' id='line_1_15' title="bbox 187 1853 801 1942; baseline -0.003 -20"><span class='ocrx_word' id='word_1_107' title='bbox 187 1859 222 1922; x_wconf 85' lang='lat' dir='ltr'><strong>et</strong></span> <span class='ocrx_word' id='word_1_108' title='bbox 242 1875 325 1942; x_wconf 80' lang='lat' dir='ltr'><strong>aegm</strong></span> <span class='ocrx_word' id='word_1_109' title='bbox 348 1856 478 1931; x_wconf 71' lang='lat' dir='ltr'><strong>fomente</strong></span> <span class='ocrx_word' id='word_1_110' title='bbox 505 1855 567 1920; x_wconf 87' lang='lat' dir='ltr'><strong>vid.</strong></span> <span class='ocrx_word' id='word_1_111' title='bbox 589 1853 610 1940; x_wconf 69' lang='grc' dir='ltr'><strong>ξ</strong></span> <span class='ocrx_word' id='word_1_112' title='bbox 631 1854 673 1918; x_wconf 78' lang='lat'><strong>42</strong></span> <span class='ocrx_word' id='word_1_113' title='bbox 695 1857 728 1920; x_wconf 92' lang='lat' dir='ltr'><strong>st</strong></span> <span class='ocrx_word' id='word_1_114' title='bbox 750 1855 801 1920; x_wconf 79' lang='grc'><strong>43.</strong></span> 
     </span>
    </p>

    <p class='ocr_par' dir='ltr' id='par_1_4' title="bbox 141 1959 1259 2345">
     <span class='ocr_line' id='line_1_16' title="bbox 288 1959 1259 2046; baseline 0 -20"><span class='ocrx_word' id='word_1_115' title='bbox 288 1961 356 2028; x_wconf 82' lang='lat' dir='ltr'><strong>iud.</strong></span> <span class='ocrx_word' id='word_1_116' title='bbox 388 1959 429 2024; x_wconf 81' lang='grc'><strong>39</strong></span> <span class='ocrx_word' id='word_1_117' title='bbox 461 1961 542 2043; x_wconf 83' lang='lat' dir='ltr'><strong>quod</strong></span> <span class='ocrx_word' id='word_1_118' title='bbox 578 1978 594 2024; x_wconf 86' lang='lat' dir='ltr'><strong>u</strong></span> <span class='ocrx_word' id='word_1_119' title='bbox 628 1961 769 2028; x_wconf 86' lang='lat' dir='ltr'><strong>codicum</strong></span> <span class='ocrx_word' id='word_1_120' title='bbox 789 1962 943 2046; x_wconf 82' lang='lat' dir='ltr'><strong>scripture</strong></span> <span class='ocrx_word' id='word_1_121' title='bbox 971 1962 1141 2044; x_wconf 81' lang='lat' dir='ltr'><strong>(infirme</strong></span> <span class='ocrx_word' id='word_1_122' title='bbox 1161 1962 1259 2028; x_wconf 87' lang='lat' dir='ltr'><strong>suut</strong></span> 
     </span>
     <span class='ocr_line' id='line_1_17' title="bbox 187 2065 1257 2153; baseline -0.002 -20"><span class='ocrx_word' id='word_1_123' title='bbox 187 2069 315 2153; x_wconf 83' lang='lat' dir='ltr'><strong>igitur</strong></span> <span class='ocrx_word' id='word_1_124' title='bbox 343 2069 415 2134; x_wconf 84' lang='lat' dir='ltr'><strong>tue</strong></span> <span class='ocrx_word' id='word_1_125' title='bbox 453 2066 539 2132; x_wconf 81' lang='lat' dir='ltr'><strong>eote</strong></span> <span class='ocrx_word' id='word_1_126' title='bbox 560 2065 592 2132; x_wconf 79' lang='lat' dir='ltr'><strong>O.</strong></span> <span class='ocrx_word' id='word_1_127' title='bbox 616 2066 792 2145; x_wconf 73' lang='lat' dir='ltr'><strong>Caesaris&gt;</strong></span> <span class='ocrx_word' id='word_1_128' title='bbox 814 2067 914 2134; x_wconf 78' lang='lat' dir='ltr'><strong>effeci:</strong></span> <span class='ocrx_word' id='word_1_129' title='bbox 953 2067 1145 2152; x_wconf 73' lang='lat' dir='ltr'><strong>Infirmas</strong></span> <span class='ocrx_word' id='word_1_130' title='bbox 1173 2067 1257 2152; x_wconf 71' lang='lat' dir='ltr'><strong>igi·</strong></span> 
     </span>
     <span class='ocr_line' id='line_1_18' title="bbox 188 2171 1253 2258; baseline 0 -18"><span class='ocrx_word' id='word_1_131' title='bbox 188 2177 256 2242; x_wconf 82' lang='lat' dir='ltr'><strong>tur</strong></span> <span class='ocrx_word' id='word_1_132' title='bbox 284 2183 327 2237; x_wconf 76' lang='lat' dir='ltr'><strong>iu</strong></span> <span class='ocrx_word' id='word_1_133' title='bbox 359 2175 447 2238; x_wconf 77' lang='lat' dir='ltr'><strong>ueto</strong></span> <span class='ocrx_word' id='word_1_134' title='bbox 474 2171 508 2239; x_wconf 81' lang='grc' dir='ltr'><strong>Ο.</strong></span> <span class='ocrx_word' id='word_1_135' title='bbox 532 2171 715 2251; x_wconf 67' lang='lat' dir='ltr'><strong>omiseris,</strong></span> <span class='ocrx_word' id='word_1_136' title='bbox 752 2175 886 2258; x_wconf 86' lang='lat' dir='ltr'><strong>positum</strong></span> <span class='ocrx_word' id='word_1_137' title='bbox 908 2173 971 2240; x_wconf 83' lang='lat' dir='ltr'><strong>ium</strong></span> <span class='ocrx_word' id='word_1_138' title='bbox 993 2174 1041 2238; x_wconf 85' lang='lat' dir='ltr'><strong>eet</strong></span> <span class='ocrx_word' id='word_1_139' title='bbox 1061 2173 1143 2256; x_wconf 81' lang='lat' dir='ltr'><strong>opud</strong></span> <span class='ocrx_word' id='word_1_140' title='bbox 1164 2173 1253 2256; x_wconf 75' lang='lat' dir='ltr'><strong>Kay-</strong></span> 
     </span>
     <span class='ocr_line' id='line_1_19' title="bbox 141 2299 300 2345; baseline -0.019 0"><span class='ocrx_word' id='word_1_141' title='bbox 141 2308 144 2314; x_wconf 95' lang='lat'>·</span> <span class='ocrx_word' id='word_1_142' title='bbox 185 2299 300 2345; x_wconf 82' lang='lat' dir='ltr'><strong>serum.</strong></span> 
     </span>
    </p>

    <p class='ocr_par' dir='ltr' id='par_1_5' title="bbox 179 2381 1278 3518">
     <span class='ocr_line' id='line_1_20' title="bbox 286 2381 1255 2457; baseline -0.001 -8"><span class='ocrx_word' id='word_1_143' title='bbox 286 2384 353 2450; x_wconf 86' lang='lat' dir='ltr'><strong>ibd.</strong></span> <span class='ocrx_word' id='word_1_144' title='bbox 376 2384 433 2450; x_wconf 84' lang='lat'><strong>46:</strong></span> <span class='ocrx_word' id='word_1_145' title='bbox 470 2385 547 2450; x_wconf 82' lang='lat' dir='ltr'><strong>heco</strong></span> <span class='ocrx_word' id='word_1_146' title='bbox 566 2402 649 2450; x_wconf 90' lang='lat' dir='ltr'><strong>cum</strong></span> <span class='ocrx_word' id='word_1_147' title='bbox 679 2384 736 2448; x_wconf 88' lang='lat' dir='ltr'><strong>ite</strong></span> <span class='ocrx_word' id='word_1_148' title='bbox 762 2383 845 2450; x_wconf 84' lang='lat' dir='ltr'><strong>siut</strong></span> <span class='ocrx_word' id='word_1_149' title='bbox 870 2381 908 2448; x_wconf 91' lang='lat' dir='ltr'><strong>in</strong></span> <span class='ocrx_word' id='word_1_150' title='bbox 930 2401 983 2457; x_wconf 89' lang='lat' dir='ltr'><strong>re,</strong></span> <span class='ocrx_word' id='word_1_151' title='bbox 1023 2383 1090 2450; x_wconf 91' lang='lat' dir='ltr'><strong>ubi</strong></span> <span class='ocrx_word' id='word_1_152' title='bbox 1109 2384 1255 2450; x_wconf 79' lang='lat' dir='ltr'><strong>crimen</strong></span> 
     </span>
     <span class='ocr_line' id='line_1_21' title="bbox 188 2488 1254 2573; baseline -0.001 -17"><span class='ocrx_word' id='word_1_153' title='bbox 188 2492 267 2569; x_wconf 59' lang='lat' dir='ltr'><strong>ost,¹</strong></span> <span class='ocrx_word' id='word_1_154' title='bbox 298 2490 363 2555; x_wconf 83' lang='lat' dir='ltr'><strong>ubi</strong></span> <span class='ocrx_word' id='word_1_155' title='bbox 394 2492 610 2567; x_wconf 72' lang='lat' dir='ltr'><strong>accusator,</strong></span> <span class='ocrx_word' id='word_1_156' title='bbox 653 2489 717 2556; x_wconf 86' lang='lat' dir='ltr'><strong>ubi</strong></span> <span class='ocrx_word' id='word_1_157' title='bbox 760 2491 897 2564; x_wconf 81' lang='lat' dir='ltr'><strong>testes,</strong></span> <span class='ocrx_word' id='word_1_158' title='bbox 931 2488 1021 2571; x_wconf 88' lang='lat' dir='ltr'><strong>quid</strong></span> <span class='ocrx_word' id='word_1_159' title='bbox 1055 2489 1254 2573; x_wconf 76' lang='lat' dir='ltr'><strong>indignius</strong></span> 
     </span>
     <span class='ocr_line' id='line_1_22' title="bbox 188 2595 1252 2680; baseline -0.002 -18"><span class='ocrx_word' id='word_1_160' title='bbox 188 2615 316 2680; x_wconf 82' lang='lat' dir='ltr'><strong>quem,</strong></span> <span class='ocrx_word' id='word_1_161' title='bbox 352 2596 415 2680; x_wconf 89' lang='lat' dir='ltr'><strong>qui</strong></span> <span class='ocrx_word' id='word_1_162' title='bbox 436 2615 555 2680; x_wconf 86' lang='lat' dir='ltr'><strong>usquc</strong></span> <span class='ocrx_word' id='word_1_163' title='bbox 575 2595 713 2663; x_wconf 74' lang='lat' dir='ltr'><strong>edesse</strong></span> <span class='ocrx_word' id='word_1_164' title='bbox 734 2595 792 2662; x_wconf 88' lang='lat' dir='ltr'><strong>sit</strong></span> <span class='ocrx_word' id='word_1_165' title='bbox 807 2595 938 2662; x_wconf 82' lang='lat' dir='ltr'><strong>iussus</strong></span> <span class='ocrx_word' id='word_1_166' title='bbox 956 2613 1080 2677; x_wconf 87' lang='lat' dir='ltr'><strong>neque</strong></span> <span class='ocrx_word' id='word_1_167' title='bbox 1102 2595 1252 2662; x_wconf 81' lang='lat' dir='ltr'><strong>citatus</strong></span> 
     </span>
     <span class='ocr_line' id='line_1_23' title="bbox 187 2700 1257 2785; baseline -0.002 -19"><span class='ocrx_word' id='word_1_168' title='bbox 187 2720 307 2785; x_wconf 88' lang='lat' dir='ltr'><strong>nsque</strong></span> <span class='ocrx_word' id='word_1_169' title='bbox 327 2703 553 2780; x_wconf 73' lang='lat' dir='ltr'><strong>accusatus,</strong></span> <span class='ocrx_word' id='word_1_170' title='bbox 576 2701 619 2766; x_wconf 90' lang='lat' dir='ltr'><strong>de</strong></span> <span class='ocrx_word' id='word_1_171' title='bbox 647 2701 728 2766; x_wconf 88' lang='lat' dir='ltr'><strong>sius</strong></span> <span class='ocrx_word' id='word_1_172' title='bbox 749 2702 874 2784; x_wconf 81' lang='lat' dir='ltr'><strong>cupite</strong></span> <span class='ocrx_word' id='word_1_173' title='bbox 898 2745 957 2766; x_wconf 89' lang='lat'><strong>...</strong></span> <span class='ocrx_word' id='word_1_174' title='bbox 985 2700 1257 2768; x_wconf 72' lang='lat' dir='ltr'><strong>conductores</strong></span> 
     </span>
     <span class='ocr_line' id='line_1_24' title="bbox 179 2805 1252 2891; baseline 0 -21"><span class='ocrx_word' id='word_1_175' title='bbox 179 2805 351 2872; x_wconf 78' lang='lat' dir='ltr'><strong>sicarios</strong></span> <span class='ocrx_word' id='word_1_176' title='bbox 389 2853 397 2871; x_wconf 87' lang='lat'><strong>.</strong></span> <span class='ocrx_word' id='word_1_177' title='bbox 422 2855 430 2870; x_wconf 87' lang='lat'><strong>.</strong></span> <span class='ocrx_word' id='word_1_178' title='bbox 456 2852 465 2874; x_wconf 82' lang='grc'><strong>.</strong></span> <span class='ocrx_word' id='word_1_179' title='bbox 500 2805 729 2891; x_wconf 78' lang='lat' dir='ltr'><strong>suffragium</strong></span> <span class='ocrx_word' id='word_1_180' title='bbox 750 2805 851 2870; x_wconf 87' lang='lat' dir='ltr'><strong>forre</strong></span> <span class='ocrx_word' id='word_1_181' title='bbox 879 2807 916 2870; x_wconf 87' lang='lat' dir='ltr'><strong>st</strong></span> <span class='ocrx_word' id='word_1_182' title='bbox 937 2823 1018 2872; x_wconf 84' lang='lat' dir='ltr'><strong>eum</strong></span> <span class='ocrx_word' id='word_1_183' title='bbox 1039 2806 1163 2891; x_wconf 77' lang='lat' dir='ltr'><strong>legem</strong></span> <span class='ocrx_word' id='word_1_184' title='bbox 1184 2825 1252 2889; x_wconf 89' lang='lat' dir='ltr'><strong>pu·</strong></span> 
     </span>
     <span class='ocr_line' id='line_1_25' title="bbox 189 2911 1258 2992; baseline 0.001 -17"><span class='ocrx_word' id='word_1_185' title='bbox 189 2914 298 2977; x_wconf 77' lang='lat' dir='ltr'><strong>ture?</strong></span> <span class='ocrx_word' id='word_1_186' title='bbox 337 2911 562 2979; x_wconf 82' lang='lat' dir='ltr'><strong>Diuidebebat</strong></span> <span class='ocrx_word' id='word_1_187' title='bbox 580 2913 710 2978; x_wconf 80' lang='lat' dir='ltr'><strong>sultem:</strong></span> <span class='ocrx_word' id='word_1_188' title='bbox 741 2912 779 2978; x_wconf 88' lang='lat' dir='ltr'><strong>iu</strong></span> <span class='ocrx_word' id='word_1_189' title='bbox 801 2931 843 2978; x_wconf 84' lang='lat' dir='ltr'><strong>so</strong></span> <span class='ocrx_word' id='word_1_190' title='bbox 862 2930 920 2992; x_wconf 77' lang='lat' dir='ltr'><strong>re,</strong></span> <span class='ocrx_word' id='word_1_191' title='bbox 939 2911 1004 2978; x_wconf 90' lang='lat' dir='ltr'><strong>ubi</strong></span> <span class='ocrx_word' id='word_1_192' title='bbox 1025 2913 1166 2978; x_wconf 85' lang='lat' dir='ltr'><strong>crimen</strong></span> <span class='ocrx_word' id='word_1_193' title='bbox 1188 2913 1258 2978; x_wconf 85' lang='lat' dir='ltr'><strong>sit..</strong></span> 
     </span>
     <span class='ocr_line' id='line_1_26' title="bbox 191 3017 1260 3101; baseline -0.001 -16"><span class='ocrx_word' id='word_1_194' title='bbox 191 3017 298 3085; x_wconf 81' lang='lat' dir='ltr'><strong>Giusro</strong></span> <span class='ocrx_word' id='word_1_195' title='bbox 317 3019 456 3101; x_wconf 79' lang='lat' dir='ltr'><strong>scripsit:</strong></span> <span class='ocrx_word' id='word_1_196' title='bbox 488 3019 544 3085; x_wconf 79' lang='lat' dir='ltr'><strong>its</strong></span> <span class='ocrx_word' id='word_1_197' title='bbox 564 3019 648 3084; x_wconf 89' lang='lat' dir='ltr'><strong>siut</strong></span> <span class='ocrx_word' id='word_1_198' title='bbox 667 3020 704 3084; x_wconf 89' lang='lat' dir='ltr'><strong>iu</strong></span> <span class='ocrx_word' id='word_1_199' title='bbox 725 3040 808 3098; x_wconf 76' lang='lat' dir='ltr'><strong>rec,</strong></span> <span class='ocrx_word' id='word_1_200' title='bbox 844 3019 910 3086; x_wconf 90' lang='lat' dir='ltr'><strong>ubi</strong></span> <span class='ocrx_word' id='word_1_201' title='bbox 931 3020 991 3086; x_wconf 88' lang='lat' dir='ltr'><strong>cet.</strong></span> <span class='ocrx_word' id='word_1_202' title='bbox 1034 3019 1109 3084; x_wconf 88' lang='lat' dir='ltr'><strong>Rso</strong></span> <span class='ocrx_word' id='word_1_203' title='bbox 1132 3019 1260 3086; x_wconf 67' lang='lat' dir='ltr'><strong>courtm-⁴</strong></span> 
     </span>
     <span class='ocr_line' id='line_1_27' title="bbox 190 3124 1168 3208; baseline -0.002 -20"><span class='ocrx_word' id='word_1_204' title='bbox 190 3125 252 3190; x_wconf 83' lang='lat' dir='ltr'><strong>rius</strong></span> <span class='ocrx_word' id='word_1_205' title='bbox 274 3125 409 3208; x_wconf 81' lang='lat' dir='ltr'><strong>positus,</strong></span> <span class='ocrx_word' id='word_1_206' title='bbox 429 3124 492 3207; x_wconf 93' lang='lat' dir='ltr'><strong>qui</strong></span> <span class='ocrx_word' id='word_1_207' title='bbox 513 3143 634 3208; x_wconf 84' lang='lat' dir='ltr'><strong>usque</strong></span> <span class='ocrx_word' id='word_1_208' title='bbox 652 3125 790 3192; x_wconf 82' lang='lat' dir='ltr'><strong>edesse</strong></span> <span class='ocrx_word' id='word_1_209' title='bbox 813 3125 866 3190; x_wconf 90' lang='lat' dir='ltr'><strong>sit</strong></span> <span class='ocrx_word' id='word_1_210' title='bbox 886 3125 1018 3192; x_wconf 85' lang='lat' dir='ltr'><strong>iussus</strong></span> <span class='ocrx_word' id='word_1_211' title='bbox 1040 3141 1168 3207; x_wconf 88' lang='lat' dir='ltr'><strong>usque</strong></span> 
     </span>
     <span class='ocr_line' id='line_1_28' title="bbox 189 3227 1256 3314; baseline 0 -20"><span class='ocrx_word' id='word_1_212' title='bbox 189 3231 402 3299; x_wconf 80' lang='lat' dir='ltr'><strong>accusatus.</strong></span> <span class='ocrx_word' id='word_1_213' title='bbox 445 3227 508 3294; x_wconf 85' lang='lat' dir='ltr'><strong>Sed</strong></span> <span class='ocrx_word' id='word_1_214' title='bbox 539 3230 688 3312; x_wconf 75' lang='lat' dir='ltr'><strong>proteres</strong></span> <span class='ocrx_word' id='word_1_215' title='bbox 722 3229 932 3296; x_wconf 80' lang='lat' dir='ltr'><strong>scribendum:</strong></span> <span class='ocrx_word' id='word_1_216' title='bbox 966 3230 1106 3296; x_wconf 81' lang='lat' dir='ltr'><strong>etcum</strong></span> <span class='ocrx_word' id='word_1_217' title='bbox 1129 3229 1256 3314; x_wconf 75' lang='lat' dir='ltr'><strong>legem</strong></span> 
     </span>
     <span class='ocr_line' id='line_1_29' title="bbox 184 3334 1278 3420; baseline 0.002 -24"><span class='ocrx_word' id='word_1_218' title='bbox 184 3335 328 3418; x_wconf 70' lang='lat' dir='ltr'><strong>putari.</strong></span> <span class='ocrx_word' id='word_1_219' title='bbox 381 3335 452 3400; x_wconf 55' lang='lat' dir='ltr'><strong>,Hoc</strong></span> <span class='ocrx_word' id='word_1_220' title='bbox 471 3335 632 3420; x_wconf 73' lang='lat' dir='ltr'><strong>iudignum</strong></span> <span class='ocrx_word' id='word_1_221' title='bbox 655 3338 719 3414; x_wconf 78' lang='lat' dir='ltr'><strong>cst3</strong></span> <span class='ocrx_word' id='word_1_222' title='bbox 741 3335 981 3418; x_wconf 79' lang='lat' dir='ltr'><strong>quidouuducti</strong></span> <span class='ocrx_word' id='word_1_223' title='bbox 1009 3339 1041 3400; x_wconf 89' lang='lat' dir='ltr'><strong>et</strong></span> <span class='ocrx_word' id='word_1_224' title='bbox 1069 3334 1173 3404; x_wconf 83' lang='lat' dir='ltr'><strong>sicorii</strong></span> <span class='ocrx_word' id='word_1_225' title='bbox 1194 3354 1278 3419; x_wconf 60' lang='grc' dir='ltr'><strong>ραι.</strong></span> 
     </span>
     <span class='ocr_line' id='line_1_30' title="bbox 189 3440 541 3518; baseline -0.006 -14"><span class='ocrx_word' id='word_1_226' title='bbox 189 3440 265 3518; x_wconf 75' lang='lat' dir='ltr'><strong>tent,</strong></span> <span class='ocrx_word' id='word_1_227' title='bbox 288 3458 380 3506; x_wconf 84' lang='lat' dir='ltr'><strong>nomo</strong></span> <span class='ocrx_word' id='word_1_228' title='bbox 404 3443 500 3507; x_wconf 82' lang='lat' dir='ltr'><strong>curet.</strong></span> <span class='ocrx_word' id='word_1_229' title='bbox 538 3497 541 3502; x_wconf 88' lang='lat'>.</span> 
     </span>
    </p>

    <p class='ocr_par' dir='ltr' id='par_1_6' title="bbox 149 3543 1258 4142">
     <span class='ocr_line' id='line_1_31' title="bbox 269 3543 1257 3631; baseline -0.002 -17"><span class='ocrx_word' id='word_1_230' title='bbox 269 3543 359 3614; x_wconf 42' lang='lat' dir='ltr'><strong>iibri.</strong></span> <span class='ocrx_word' id='word_1_231' title='bbox 393 3546 452 3610; x_wconf 74' lang='lat'><strong>502</strong></span> <span class='ocrx_word' id='word_1_232' title='bbox 487 3547 539 3612; x_wconf 81' lang='lat' dir='ltr'><strong>Iis</strong></span> <span class='ocrx_word' id='word_1_233' title='bbox 574 3547 645 3612; x_wconf 81' lang='lat' dir='ltr'><strong>trec</strong></span> <span class='ocrx_word' id='word_1_234' title='bbox 675 3547 797 3631; x_wconf 81' lang='lat' dir='ltr'><strong>igitur</strong></span> <span class='ocrx_word' id='word_1_235' title='bbox 831 3547 915 3631; x_wconf 78' lang='lat' dir='ltr'><strong>legs</strong></span> <span class='ocrx_word' id='word_1_236' title='bbox 950 3546 1131 3624; x_wconf 76' lang='lat' dir='ltr'><strong>dicimus,</strong></span> <span class='ocrx_word' id='word_1_237' title='bbox 1173 3567 1257 3630; x_wconf 41' lang='lat' dir='ltr'><strong>qumx</strong></span> 
     </span>
     <span class='ocr_line' id='line_1_32' title="bbox 188 3651 1253 3737; baseline 0.002 -21"><span class='ocrx_word' id='word_1_238' title='bbox 188 3651 273 3716; x_wconf 86' lang='lat' dir='ltr'><strong>iuro</strong></span> <span class='ocrx_word' id='word_1_239' title='bbox 294 3654 428 3737; x_wconf 77' lang='lat' dir='ltr'><strong>rogato</strong></span> <span class='ocrx_word' id='word_1_240' title='bbox 451 3653 642 3720; x_wconf 80' lang='lat' dir='ltr'><strong>videatur.</strong></span> <span class='ocrx_word' id='word_1_241' title='bbox 686 3652 773 3717; x_wconf 83' lang='lat' dir='ltr'><strong>Uuiis</strong></span> <span class='ocrx_word' id='word_1_242' title='bbox 795 3651 1031 3718; x_wconf 78' lang='lat' dir='ltr'><strong>coniunctium?</strong></span> <span class='ocrx_word' id='word_1_243' title='bbox 1053 3653 1085 3716; x_wconf 88' lang='lat' dir='ltr'><strong>et</strong></span> <span class='ocrx_word' id='word_1_244' title='bbox 1106 3671 1164 3736; x_wconf 88' lang='lat' dir='ltr'><strong>quo</strong></span> <span class='ocrx_word' id='word_1_245' title='bbox 1183 3669 1253 3736; x_wconf 86' lang='lat' dir='ltr'><strong>per·</strong></span> 
     </span>
     <span class='ocr_line' id='line_1_33' title="bbox 189 3757 1254 3841; baseline -0.001 -20"><span class='ocrx_word' id='word_1_246' title='bbox 189 3757 548 3826; x_wconf 68' lang='lat' dir='ltr'><strong>muneremunere</strong></span> <span class='ocrx_word' id='word_1_247' title='bbox 579 3758 732 3824; x_wconf 76' lang='lat' dir='ltr'><strong>relative?</strong></span> <span class='ocrx_word' id='word_1_248' title='bbox 789 3757 885 3824; x_wconf 73' lang='lat' dir='ltr'><strong>edii.</strong></span> <span class='ocrx_word' id='word_1_249' title='bbox 922 3757 1103 3835; x_wconf 76' lang='lat' dir='ltr'><strong>dicimus,</strong></span> <span class='ocrx_word' id='word_1_250' title='bbox 1140 3760 1254 3841; x_wconf 81' lang='lat' dir='ltr'><strong>quasi</strong></span> 
     </span>
     <span class='ocr_line' id='line_1_34' title="bbox 149 3863 1254 3950; baseline 0.001 -23"><span class='ocrx_word' id='word_1_251' title='bbox 149 3895 155 3904; x_wconf 91' lang='lat'>·</span> <span class='ocrx_word' id='word_1_252' title='bbox 189 3864 276 3928; x_wconf 88' lang='lat' dir='ltr'><strong>iurs</strong></span> <span class='ocrx_word' id='word_1_253' title='bbox 305 3868 457 3950; x_wconf 78' lang='lat' dir='ltr'><strong>rogetu-</strong></span> <span class='ocrx_word' id='word_1_254' title='bbox 480 3865 688 3932; x_wconf 72' lang='lat' dir='ltr'><strong>videatur·</strong></span> <span class='ocrx_word' id='word_1_255' title='bbox 729 3863 935 3946; x_wconf 81' lang='lat' dir='ltr'><strong>Reprehendit</strong></span> <span class='ocrx_word' id='word_1_256' title='bbox 962 3882 995 3928; x_wconf 89' lang='lat' dir='ltr'><strong>ss</strong></span> <span class='ocrx_word' id='word_1_257' title='bbox 1022 3863 1137 3941; x_wconf 75' lang='lat' dir='ltr'><strong>dicero,</strong></span> <span class='ocrx_word' id='word_1_258' title='bbox 1171 3864 1254 3947; x_wconf 87' lang='lat' dir='ltr'><strong>quod</strong></span> 
     </span>
     <span class='ocr_line' id='line_1_35' title="bbox 180 3969 1258 4056; baseline 0.001 -23"><span class='ocrx_word' id='word_1_259' title='bbox 180 3970 337 4053; x_wconf 76' lang='lat' dir='ltr'><strong>tunquam</strong></span> <span class='ocrx_word' id='word_1_260' title='bbox 371 3971 409 4036; x_wconf 90' lang='lat' dir='ltr'><strong>de</strong></span> <span class='ocrx_word' id='word_1_261' title='bbox 428 3971 496 4036; x_wconf 89' lang='lat' dir='ltr'><strong>iure</strong></span> <span class='ocrx_word' id='word_1_262' title='bbox 526 3973 634 4056; x_wconf 73' lang='lat' dir='ltr'><strong>rogero</strong></span> <span class='ocrx_word' id='word_1_263' title='bbox 664 3970 734 4054; x_wconf 84' lang='lat' dir='ltr'><strong>lege</strong></span> <span class='ocrx_word' id='word_1_264' title='bbox 756 3969 849 4047; x_wconf 81' lang='lat' dir='ltr'><strong>dicut,</strong></span> <span class='ocrx_word' id='word_1_265' title='bbox 881 3987 950 4052; x_wconf 80' lang='lat' dir='ltr'><strong>qum</strong></span> <span class='ocrx_word' id='word_1_266' title='bbox 971 3969 1053 4034; x_wconf 89' lang='lat' dir='ltr'><strong>omui</strong></span> <span class='ocrx_word' id='word_1_267' title='bbox 1074 3987 1154 4036; x_wconf 80' lang='lat' dir='ltr'><strong>vome</strong></span> <span class='ocrx_word' id='word_1_268' title='bbox 1173 3969 1258 4054; x_wconf 74' lang='lat' dir='ltr'><strong>lepis</strong></span> 
     </span>
     <span class='ocr_line' id='line_1_36' title="bbox 190 4076 1184 4142; baseline 0.002 -4"><span class='ocrx_word' id='word_1_269' title='bbox 190 4076 396 4142; x_wconf 83' lang='lat' dir='ltr'><strong>uotsoereut.</strong></span> <span class='ocrx_word' id='word_1_270' title='bbox 1180 4083 1184 4092; x_wconf 87' lang='lat'>&#39;</span> 
     </span>
    </p>
   </div>
   <div class='ocr_carea' id='block_1_3' title="bbox 0 0 1496 4644">
    <p class='ocr_par' dir='ltr' id='par_1_7' title="bbox 0 0 1496 4644">
     <span class='ocr_line' id='line_1_37' title="bbox 0 0 1496 4644; baseline 0 0"><span class='ocrx_word' id='word_1_271' title='bbox 0 0 1496 4644; x_wconf 95' lang='lat' dir='ltr'><strong> </strong></span> 
     </span>
    </p>
   </div>
  </div>
 </body>
</html>
