2938 4630
156 452 212 506 240
222 469 246 505 v.
259 455 284 508 2.
312 452 477 510 Distinetius
487 453 572 509 dicere
581 455 661 510 debui

230 560 281 598 non
316 546 443 602 Latinum
471 565 528 602 esse
556 567 661 614 querere

229 649 255 690 nt
273 638 363 707 (elius)
374 645 466 708 saciat,
487 643 600 705 1100011,
620 661 661 708 pe-

229 743 292 795 tere,·
310 749 371 786 nam
390 754 470 801 quaero
485 747 511 788 ut
528 738 598 802 (ipse)
613 751 661 803 pro

228 840 267 891 eo,
286 826 357 894 qued
370 830 411 880 est
429 847 525 894 operam
544 830 583 894 do,
602 847 659 895 pro-

227 921 327 984 positum
340 923 398 972 miti
409 932 449 986 est,
465 923 492 974 et
504 938 520 974 a
534 919 660 976 Cicerone

229 1010 315 1077 (Verr.
334 1012 355 1076 1,
374 1015 399 1077 8,
418 1013 452 1066 N.
472 1015 505 1070 D.
525 1014 546 1078 Ι,
565 1017 611 1080 45)
635 1018 661 1069 et

229 1105 341 1159 aLivio
371 1107 418 1172 (11,
438 1109 479 1171 57,
499 1111 523 1171 3,
553 1108 599 1172 IX,
621 1109 660 1173 17,

230 1201 254 1262 1,
273 1201 348 1266 cett.)
369 1199 473 1254 dicitnr.

152 1325 209 1379 274
228 1339 254 1380 u.
274 1327 306 1380 21
335 1325 410 1393 (Cres.
431 1327 461 1382 B.
482 1327 510 1381 C.
531 1328 581 1392 III,
606 1331 659 1394 25.)

228 1415 336 1473 Cercius
355 1423 450 1476 ventus
477 1419 571 1475 Gallim
590 1420 658 1474 Nur·

228 1511 352 1567 bonensis
365 1515 488 1584 proprius
506 1517 555 1579 est,
575 1530 623 1568 nec
632 1513 660 1567 id

229 1621 323 1659 nomen
332 1606 454 1661 universe
464 1608 496 1662 de
505 1611 577 1664 certe
585 1607 659 1662 venti

228 1698 448 1767 regionedicitur.
469 1701 659 1770 Ituqnepotius

228 1796 280 1843 cori
291 1809 306 1846 e
319 1792 420 1848 desere
434 1795 564 1848 nominati
577 1794 659 1848 fuisse

195 1959 199 1966 μ
227 1883 359 1941 videntur.

151 2013 208 2066 278
227 2029 251 2065 v.
270 2015 287 2066 2
306 2013 412 2068 incaute
436 2015 474 2068 sic
497 2014 599 2082 scripsi,
628 2017 659 2068 ut

227 2104 364 2160 calumnie
378 2107 464 2162 locum
477 2107 574 2162 durem.
602 2108 658 2162 Lit-

227 2200 297 2252 teras
325 2199 458 2256 laureatas
489 2201 554 2255 setis
583 2202 657 2266 novi;

227 2289 272 2343 sed
297 2297 411 2360 preferri
435 2297 536 2360 insiquiu
562 2293 658 2348 leureae

226 2384 255 2437 in
274 2383 375 2439 litteris
394 2388 465 2439 recte
484 2388 587 2455 negavi.

150 2514 205 2567 279
225 2527 250 2565 v.
270 2515 303 2567 12
319 2533 365 2580 pro
390 2514 492 2569 animos
510 2519 579 2567 scrib.
599 2514 656 2568 ani·

224 2621 307 2660 mum.

151 2737 203 2790 301
225 2749 250 2787 v.
270 2736 312 2790 14.
349 2734 447 2788 Velleii
465 2735 600 2789 Paterculi
618 2734 656 2788 lo·

225 2843 283 2880 cnm
303 2827 350 2894 (11,
369 2830 411 2893 20,
431 2832 457 2894 5)
477 2827 566 2882 eodem
580 2827 657 2882 modo

223 2919 342 2974 Kochius
365 2919 474 2987 (Quust.
495 2919 563 2974 Veli.
583 2921 655 2990 Lips

226 3015 303 3082 1860)
323 3013 479 3068 emendavit.

150 3143 205 3196 328
223 3158 248 3196 u.
269 3144 309 3196 17.
347 3142 387 3196 De
406 3143 509 3196 Seneca
527 3140 584 3194 inec
612 3140 656 3205 (ed

224 3233 319 3304 Polyb.
340 3238 379 3300 16,
399 3238 426 3300 2)
461 3234 655 3289 dubitationem

223 3327 320 3392 iniicit,
350 3327 421 3397 quod
445 3327 516 3396 apud
544 3326 654 3380 eundem

224 3420 301 3488 epist.
323 3424 380 3488 101,
406 3425 439 3477 13
457 3420 568 3490 legitur:
597 3421 656 3485 quid

223 3526 299 3566 autem
325 3517 393 3565 iuius
417 3517 494 3566 vivere
517 3521 566 3564 est?
603 3511 654 3565 Sed

224 3607 293 3676 apud
330 3608 466 3662 Valerium
508 3606 653 3660 Maximum

224 3699 325 3754 aceedit
334 3699 367 3754 ad
380 3699 549 3755 insolentiam
565 3698 654 3753 infini-

224 3792 281 3846 tivo
306 3792 432 3847 adiuncta
458 3793 567 3863 negatio
595 3793 655 3860 (eius

224 3905 270 3936 nou
290 3887 422 3950 dimicare),
452 3901 537 3954 neque
555 3886 654 3954 agitur,

224 3978 288 4046 qnid
313 3978 390 4033 Fabii
416 3978 561 4033 dimicandi
586 3980 653 4033 vita·

1134 258 1177 320 111

787 455 825 510 tic
858 455 951 522 fuerit,
989 458 1034 510 sed
1070 457 1146 512 cuius
1182 459 1220 511 rei

785 550 842 604 loeo
860 564 891 602 ee
908 549 941 604 ub
961 551 1019 618 ipsc
1032 550 1126 604 habita
1145 552 1217 606 msti-

786 645 911 711 mutaque
926 644 971 697 sit.

716 773 767 826 329
791 789 815 826 v.
842 773 884 826 24.
940 769 1007 824 Cum
1035 770 1218 826 emendatione

787 863 894 918 Valerio
921 863 1046 918 adhibita
1071 865 1220 920 conferatur

787 958 857 1026 apud
889 958 1013 1012 Senecam
1048 957 1080 1012 de
1113 960 1218 1027 tranqu.

786 1051 868 1105 animi
888 1054 916 1116 4,
954 1053 1060 1106 irecte
1079 1068 1096 1105 a
1113 1052 1219 1106 Mureto

786 1145 944 1213 repositum:
970 1147 1001 1196 Ut
1018 1148 1138 1197 salutaria
1155 1166 1219 1212 quoe-

788 1239 843 1290 duur
879 1241 914 1304 (v.
943 1239 1006 1306 quoe)
1043 1242 1104 1290 citra
1127 1251 1218 1306 qustum

786 1343 918 1398 iaciuntque
937 1332 1009 1382 odore
1027 1335 1164 1398 proficiunt.

715 1457 767 1511 344
786 1461 839 1511 not.
859 1460 883 1512 2.
922 1459 1021 1528 (Senes.
1041 1459 1074 1514 ud
1093 1459 1173 1514 Marc.
1195 1463 1218 1524 1,

785 1551 823 1619 4.)
859 1551 971 1620 Decepit
999 1569 1041 1606 me
1059 1555 1129 1606 note
1148 1550 1218 1621 apud

785 1640 938 1698 Fickertum
957 1645 1136 1714 ambignitas3
1157 1662 1218 1699 nem

785 1735 811 1788 in
832 1735 855 1789 Α
874 1742 902 1788 ob
921 1739 1072 1792 duasresin
1086 1739 1217 1808 111800011-

785 1831 860 1883 textu
888 1830 1023 1898 scribitur,
1054 1833 1161 1886 tuntum
1189 1832 1218 1885 in

785 1922 808 1974 D
837 1923 865 1976 in
896 1924 1030 1992 mergium
1068 1926 1159 1994 itaque
1189 1923 1217 1977 id

784 2016 895 2070 retineri
915 2016 1003 2072 debet.

714 2145 763 2198 351
784 2157 809 2196 v.
829 2146 862 2198 15
880 2159 936 2212 sqq.
956 2145 1061 2209 (Senec.
1082 2143 1116 2198 sd
1134 2144 1217 2202 Marc.

786 2238 825 2301 12,
860 2240 898 2301 6.)
954 2240 1029 2290 Falso
1066 2254 1113 2306 pro
1149 2239 1216 2290 saluo

785 2328 952 2383 scribendum
972 2347 1028 2385 esse
1056 2331 1110 2384 iem
1130 2331 1217 2385 Mure·

784 2427 828 2477 tus
847 2424 958 2479 viderat.

713 2553 764 2606 352
784 2568 806 2602 v.
828 2553 860 2608 19
883 2571 929 2618 pro
953 2551 1056 2605 Senecue
1076 2568 1127 2604 non
1146 2555 1214 2604 serit.

785 2644 889 2698 Seneca
909 2643 986 2698 libris
1005 2660 1064 2697 non.

713 2773 764 2826 354
783 2787 807 2824 v.
829 2774 858 2825 11
881 2787 937 2840 sqq.
963 2771 1063 2836 (Senec.
1083 2769 1115 2823 ed
1134 2770 1216 2825 Marc.

783 2867 824 2929 16,
844 2868 880 2931 6.)
934 2863 993 2918 Non
1013 2865 1082 2917 reete
1103 2865 1217 2930 perduxit

782 2957 815 3011 ed
842 2956 928 3010 filiurn
955 2956 1059 3022 rettuli,
1087 2956 1157 3024 quod
1181 2956 1215 3010 ad

782 3050 916 3104 fortunam
935 3050 1060 3119 pertinet.
1113 3048 1164 3102 Sed
1183 3064 1216 3102 ne

782 3143 938 3212 ecquidem
959 3142 1074 3196 effecisse
1094 3141 1147 3194 dici
1166 3157 1214 3210 po·

781 3237 842 3297 test,
863 3237 893 3289 nt
911 3235 1011 3289 Mareia
1023 3237 1093 3288 recte
1112 3233 1215 3288 indicet

781 3332 809 3381 et
827 3345 915 3382 casnm
934 3331 1005 3382 reete
1024 3328 1146 3382 estimet.

710 3469 761 3523 376
781 3484 803 3519 v.
826 3471 855 3522 11
878 3467 979 3534 (Senec.
999 3468 1030 3521 de
1044 3471 1150 3536 tranqu.
1169 3483 1212 3520 an.

781 3564 810 3625 1,
848 3563 901 3628 13.)
956 3563 1051 3613 Inculta
1087 3562 1214 3614 videantur

779 3652 891 3707 sortasse
904 3655 992 3707 crtum
1012 3655 1053 3707 est
1072 3670 1103 3707 er
1123 3655 1213 3705 inculta

780 3747 900 3798 adeantur
918 3749 1142 3813 (increlludeuutur).

710 3888 760 3941 377
780 3902 804 3940 v.
824 3889 865 3941 21.
899 3886 973 3951 (Sen.
993 3885 1025 3939 de
1044 3887 1150 3954 tranqu.
1169 3902 1211 3940 an.

781 3982 804 4042 5,
825 3983 861 4037 1.)
895 3980 1027 4032 Praeterea
1044 3978 1211 4032 scribendum
