2970 4648
541 219 573 276 L'.
595 219 695 276 Seneca
711 219 744 276 do
762 220 812 278 ita.
1112 221 1174 286 387

148 421 214 502 (sic
234 419 368 488 Haosius
389 418 437 484 III
458 437 487 500 p.
509 417 628 484 XXIII.
652 417 669 502 ἓ
690 417 712 480 4
733 421 835 484 cetera
856 419 884 484 is
905 422 989 486 recte
1010 420 1216 506 BongarsIum

147 530 293 603 secutus3
326 525 380 591 sod
400 523 597 591 retinendum
619 525 699 591 crat:
737 525 916 608 putabat,
944 527 988 591 ut
1107 529 1217 612 cupi-

147 634 317 702 dissimi.
365 631 494 697 Iratus
516 631 575 696 cet.
620 629 805 714 Codd.'put
838 633 874 710 t.)

251 844 297 911 Ilc
318 843 370 910 ira
390 841 443 908 lib.
463 843 479 908 Ι
503 859 569 924 cap.
594 843 627 920 1,
650 842 685 906 7:
720 841 853 926 Neque
875 843 975 909 euim
998 843 1079 911 ulla
1101 844 1217 910 rehc·
1331 907 1334 912 .

148 949 323 1018 mentior
343 949 450 1014 intra
469 946 658 1032 cogitatio
682 949 751 1027 ost,
777 968 855 1033 quae
877 948 974 1015 nihil
995 951 1153 1016 moveat
1178 950 1217 1015 in

149 1057 273 1124 vultu.
316 1053 385 1119 Nou
407 1052 444 1118 dc
472 1053 656 1138 cogitatione
678 1053 790 1137 agitur,
812 1052 867 1118 sed
889 1053 927 1119 de
949 1053 1120 1133 affectibus,
1145 1055 1217 1122 libi·

149 1164 234 1242 dine,
261 1163 363 1236 metu,
385 1157 522 1224 audacia.
575 1157 793 1224 Scribandum:
825 1158 931 1226 intra
952 1159 1117 1244 epitecto
1140 1163 1216 1232 est.

151 1270 294 1336 Primum
315 1267 430 1332 factum
453 1267 501 1330 est
529 1264 801 1348 intragitatio,
830 1265 897 1330 tum
926 1283 1018 1348 prava
1047 1265 1215 1350 supplendo

146 1375 256 1441 intra
279 1370 478 1457 cogitatio.
525 1369 600 1449 (dtr.
623 1369 661 1433 de
685 1370 767 1434 brev.
788 1370 843 1436 vit.
866 1371 896 1448 9,
918 1369 962 1454 3.)

251 1478 319 1544 Ibd.
342 1477 379 1556 2,
419 1476 438 1540 3
466 1476 537 1541 ants
557 1474 702 1540 lacunam
723 1477 756 1540 et
778 1476 810 1541 in
832 1477 861 1556 A
883 1477 1007 1560 (inquo
1029 1477 1130 1542 omnia
1151 1477 1217 1542 haec

149 1586 223 1652 aute
243 1585 385 1650 lacunam
407 1583 543 1648 secunda
562 1598 657 1646 manu
679 1581 822 1663 suppleta
843 1585 930 1665 sunt)
952 1584 984 1648 et
1004 1583 1074 1648 inB
1097 1584 1217 1650 cetero·

147 1708 278 1774 rumque
312 1688 465 1772 plerisque
511 1686 670 1753 scribitur:
717 1689 754 1752 et
798 1688 836 1752 in
877 1689 1093 1771 perniciem
1128 1709 1217 1772 pro·

147 1797 344 1862 misceam
365 1795 473 1860 totos
495 1792 650 1877 populos
673 1793 817 1876 capitis
840 1792 983 1859 damna.
1034 1794 1103 1861 Non
1127 1815 1217 1880 pas·

152 1921 213 1968 sos
235 1899 409 1967 addendum
431 1899 505 1974 erat,
529 1898 584 1964 sed
605 1899 740 1984 syllaba:
764 1899 975 1966 domnolae.

155 2037 157 2042 .
251 2006 320 2072 lbd.
344 2005 382 2083 3,
416 2004 434 2066 7
457 2004 502 2094 sic
534 2004 627 2070 verba
654 2003 813 2070 scribenda
842 2007 874 2071 et
895 2007 1105 2092 coniungenda
1128 2011 1215 2076 sunt:

148 2113 245 2178 'Iota
267 2110 427 2176 illorum
456 2112 500 2175 ut
522 2110 646 2189 extra,
673 2110 732 2175 ita
758 2110 867 2178 iutra
901 2113 1021 2178 forma
1041 2115 1216 2181 humanae

148 2215 359 2284 dissimilis
382 2216 458 2292 est,
494 2215 641 2300 regium
668 2214 767 2280 illud
798 2217 835 2304 et
863 2218 1079 2302 principale
1100 2221 1217 2287 allter

149 2324 317 2390 ductum.
361 2322 409 2388 Ut
431 2341 500 2387 vox
523 2322 581 2387 est
602 2320 757 2404 quidem
784 2367 850 2400 ...,
882 2323 940 2387 ita
962 2324 1086 2406 ipsum
1107 2326 1217 2410 prin-

149 2427 356 2513 cipalecst.
812 2445 814 2450 ·

250 2532 318 2599 Ibd.
350 2532 379 2610 6,
416 2533 450 2597 2:
484 2532 523 2598 Si
549 2550 592 2596 ne
624 2530 668 2596 ad
701 2530 770 2595 hoo
808 2533 959 2615 quidem
988 2537 1216 2620 respondet,

147 2640 358 2708 Interdicit
398 2637 563 2721 (modicus)
597 2636 694 2701 cibis
728 2637 764 2700 et
796 2637 1041 2705 abstinentia
1076 2659 1216 2725 corpus

149 2733 343 2814 'exonerat
365 2743 483 2826 Neque,
505 2763 564 2828 quo
587 2743 654 2806 hoc
676 2741 842 2822 referatur,
864 2763 972 2828 nequa,
998 2746 1130 2829 quodsit
1143 2749 1216 2813 sub·

149 2855 264 2920 lectum
287 2851 371 2917 verbi
393 2848 624 2933 respondet,
660 2850 797 2931 apparet.
854 2850 1070 2921 scribendum:
1108 2853 1141 2919 si
1172 2873 1216 2919 ne

128 2962 217 3026 .h00
254 2957 408 3042 quidem
445 2955 667 3037 respondet,
707 2954 763 3021 hoc
797 2957 860 3032 cst,
893 2957 959 3043 suoi
991 2959 1155 3042 respondet
1187 2962 1218 3026 et

148 3065 269 3152 proiicit
296 3060 506 3144 succeditque
541 3059 600 3125 vid.
630 3062 705 3140 len,
739 3060 824 3126 velut
847 3061 996 3129 Solrelleri
1017 3083 1047 3146 p.
1070 3063 1151 3128 9397
1184 3064 1218 3132 iu

150 3173 179 3238 d.
224 3173 256 3251 (ἓ
277 3167 299 3231 4
321 3167 409 3252 quia
431 3167 526 3247 vivi,
561 3165 640 3251 quod
661 3167 817 3250 Hauptius
838 3169 871 3234 II
891 3189 921 3252 p.
954 3167 975 3232 4
1009 3169 1101 3236 scribi
1123 3171 1216 3252 iubet,

152 3297 180 3342 a.
205 3273 285 3340 1863
307 3275 340 3338 in
362 3273 501 3358 margIne
524 3277 764 3352 annotaveram.)

250 3381 317 3447 lbd.
352 3379 406 3458 13,
451 3380 485 3442 l:
529 3378 675 3445 Deinde
712 3398 789 3464 quee
834 3379 1010 3444 habenda
1053 3384 1140 3448 sunt
1181 3385 1217 3449 in

148 3487 279 3564 bonis,
317 3504 386 3569 quo
428 3484 587 3564 maiora,
626 3505 666 3551 eo
707 3486 874 3550 meliora
906 3486 943 3550 et
980 3485 1218 3567 optabiliora

149 3592 248 3658 sunt.
295 3588 467 3655 Verborum
499 3588 536 3654 in
567 3589 678 3656 bonis
715 3590 835 3655 nullum
865 3589 897 3654 iu
930 3590 1085 3658 codicibus
1120 3595 1162 3677 (A
1190 3595 1216 3658 B

150 3698 224 3773 cet.)
261 3693 428 3778 vestigium
460 3695 518 3760 est.
561 3694 670 3779 Itaque
702 3696 796 3762 fuisse
827 3697 916 3778 puto:
962 3695 1108 3762 Deinde
1138 3719 1217 3782 quae

150 3800 296 3864 avertdo
324 3801 428 3874 sunt,
467 3818 535 3883 quo
565 3821 625 3880 m,
655 3819 681 3866 e.
710 3821 751 3867 m.
858 3803 958 3866 sunt.
1004 3799 1108 3866 Cicero
1131 3825 1218 3868 avae
1246 3889 1247 3892 Ἴ

150 3905 427 3990 lopationemdixib
449 3905 609 3971 Lucretius
632 3905 714 3990 quod
734 3926 855 3968 avemus
877 3907 908 3971 et
929 3907 989 3971 alia
1007 3906 1130 3986 similia,
1153 3911 1218 3976 Ho-

147 4011 245 4078 ratius
268 4011 350 4096 qood
371 4011 488 4074 coetae,

966 4119 1014 4171 aa·
