2978 4644
292 289 354 352 214
649 284 931 356 mimmii.

348 487 418 554 Itd.
438 485 480 550 37
502 484 701 552 sennensium
732 487 781 552 est
808 483 1021 568 genum
1041 484 1159 552 litteren
1182 485 1316 554 nonen

251 593 323 674 Qui
344 611 426 660 oum
447 591 678 668 statuisset,
698 591 778 656 nisi
797 609 864 673 per
883 608 947 655 ros
961 607 1018 654 me
1036 589 1316 674 reciperaseet,

249 699 410 766 eandem
431 697 561 764 subire
581 695 781 762 fortunam
804 699 922 780 etque
953 693 1053 760 idern
1082 696 1159 764 sili
1188 698 1315 764 domi·

250 806 384 870 cilium
416 807 456 870 et
482 803 575 868 vitea
606 804 645 868 et
671 803 813 870 mortis
843 802 1053 886 deposcere,
1085 805 1218 870 temen
1255 805 1315 872 net.

248 914 319 994 (pro
351 910 607 993 deposceret).
669 907 741 974 Non
772 907 918 990 poeeetat
947 907 1005 974 too
1031 907 1165 987 Quinte
1197 909 1325 990 tlioerw

249 1017 304 1082 sed
324 1017 476 1083 statuerat
496 1015 669 1099 deposcere.

349 1109 450 1197 niet,
471 1139 544 1188 enm
563 1121 757 1210 popule-gr.
779 1120 864 1203 egit,
901 1121 932 1183 1.
975 1119 1048 1186 Non
1068 1123 1152 1187 reete
1172 1123 1316 1206 periodus

249 1247 269 1292 e
288 1228 456 1308 eriuitinm
478 1227 686 1311 appellatione
705 1227 800 1292 dueta
819 1225 941 1309 (Quod
962 1231 1147 1308 pronatus
1162 1247 1316 1305 ...snm

250 1332 439 1414 Quirites)
469 1333 503 1398 in
524 1333 634 1400 eadem
656 1332 844 1400 terminetur
877 1333 1022 1410 (lator,
1052 1331 1250 1413 Quirites),
1282 1339 1317 1400 et

248 1439 373 1505 omnino
404 1440 470 1504 heae
496 1456 555 1504 ror
583 1439 718 1504 ermanno
743 1438 810 1504 loeo
841 1437 988 1522 languide
1023 1437 1168 1504 edhmret.
1220 1441 1260 1504 In
1289 1439 1322 1506 P=

249 1545 410 1610 scribitur:
445 1546 559 1610 laetor
596 1545 660 1628 qni
684 1543 725 1608 Ji
751 1543 790 1608 et
820 1543 854 1608 si
885 1543 995 1610 nihil.
1044 1543 1145 1609 Smibi
1176 1546 1313 1628 oportit:

249 1650 367 1716 laetor.
415 1647 554 1728 Quare,
585 1650 671 1716 etsi
701 1648 802 1714 nihil
833 1650 896 1714 est
926 1650 1077 1715 homini
1098 1651 1227 1736 magis
1247 1669 1317 1736 op·

248 1755 412 1820 tandum
440 1801 507 1833 ...,
527 1759 655 1820 temen
678 1757 737 1820 eet
770 1755 939 1838 Etreqnlri
961 1755 1038 1820 etei
1058 1755 1112 1822 alii
1133 1758 1311 1833 senserunt3

249 1860 303 1925 sad
323 1860 379 1926 ille
400 1861 501 1945 posito
528 1880 592 1926 non
624 1861 836 1926 vineiebantnr
860 1861 1032 1939 sententie,
1063 1861 1144 1944 qnod
1175 1877 1256 1928 nuno
1277 1863 1314 1928 nt

248 1967 392 2032 restituto
414 1985 541 2050 quere.
1175 1947 1182 1958 ⁶

347 2072 415 2138 Ibd
438 2072 480 2136 23
500 2071 640 2137 oodionm
659 2071 727 2136 hmo
747 2072 797 2138 eet
818 2071 977 2156 smiptnre
1000 2072 1040 2148 (P
1060 2074 1092 2136 et
1112 2073 1323 2154 oeterorum):¹

248 2178 447 2244 Postremo
480 2177 616 2261 quiin
646 2177 874 2244 nloiseendo
905 2178 1116 2244 remissior
1147 2179 1242 2258 fnit,
1274 2180 1315 2243 in

249 2303 382 2349 eorum
399 2286 534 2368 aperte
550 2284 690 2361 utitur;
712 2283 1105 2368 ettPut)gravissime
1118 2285 1320 2368 vitupera—

248 2390 329 2469 tur,
350 2390 418 2473 qui
436 2390 619 2455 intentis
640 2389 918 2456 benefieiis
940 2391 1235 2456 remunerandis
1253 2392 1316 2456 est

247 2495 414 2578 tardior,
437 2515 556 2580 exque
576 2496 658 2580 quod
678 2497 845 2578 exsculpsit
866 2496 1103 2575 Mommsenies,
1124 2513 1223 2580 neque
1244 2515 1322 2562 sur-r·

247 2591 355 2666 testim
365 2602 518 2668 setisfemt
533 2603 666 2686 etlonge
680 2601 813 2668 dissedit
828 2603 879 2682 (in
902 2617 945 2664 ao
968 2619 1033 2666 sno
1053 2601 1136 2667 inre
1154 2603 1316 2684 spartei

248 2709 476 2792 Reperiendmn
511 2711 569 2786 est,
602 2709 684 2791 quod
715 2708 763 2772 illi
794 2706 1034 2792 gravissim-e
1068 2707 1318 2790 vituperetur

249 2817 321 2897 apte
330 2815 520 2882 eontrarium
530 2815 588 2891 sit3
602 2813 637 2878 id
648 2813 897 2880 esthniosmodi:
918 2835 995 2876 nore
1008 2813 1096 2898 fere
1118 2813 1317 2896 reprelien-

249 2920 363 2985 ditur.
392 2923 484 2986 liner
504 2920 599 3002 erepit
620 2938 641 2985 a
661 2938 699 2984 re
720 2919 818 2984 semel
839 2919 964 3002 smipto.
1318 2939 1324 2951 ’

349 3025 417 3094 lbd.
444 3025 511 3088 at.-
540 3023 616 3104 Quae
647 3025 780 3102 odones,
811 3025 976 3090 manifesto
1005 3024 1160 3090 nonnullis
1181 3023 1322 3099 omissis·

195 3128 199 3137 ¹
249 3134 295 3198 sio
331 3132 447 3215 soripta
482 3133 611 3197 hebent:
655 3130 901 3212 Quapropter
936 3130 1162 3194 memoriam
1193 3127 1317 3196 uestri

249 3237 440 3305 beneficii
477 3238 599 3302 oolam
642 3235 925 3302 benevolentia
945 3235 1208 3318 sempiterna·
1232 3251 1329 3300 oum·

250 3345 375 3409 anima
400 3343 596 3425 expirabo
631 3360 730 3420 reea,
772 3341 842 3407 sed
880 3340 1000 3406 etiem
1034 3359 1116 3406 ouon
1147 3359 1206 3407 rme
1236 3340 1318 3406 nlla

250 3451 496 3514 monumenta
516 3448 645 3514 vestri
673 3449 712 3514 in
733 3466 790 3514 me
811 3447 994 3514 beneficii
1013 3431 1317 3529 permanebunt,

251 3572 299 3628 ea,⁴
317 3553 469 3628 adhibita,¹
487 3571 580 3637 quern
600 3554 665 3620 ium
685 3556 824 3639 Iegem
841 3552 1002 3631 inelinavit
1034 3551 1324 3619 Glandiiliemenu
1345 3581 1347 3589 v

250 3659 310 3724 tini
329 3660 510 3736 imitatione,
531 3661 596 3726 fere
613 3662 651 3726 in·
669 3662 750 3726 hune
770 3659 897 3725 medum
917 3658 1089 3742 supplenda
1107 3659 1194 3724 sunt:
1218 3656 1324 3735 Qua-¹

251 3769 406 3850 propter
437 3768 656 3834 memoriam
683 3764 1020 3832 vestribeneiioii
1050 3763 1174 3829 oolam
1201 3763 1317 3828 bene-

251 3871 424 3939 volentis
456 3874 695 3955 sempiterne
722 3893 789 3935 nee
819 3893 862 3935 ea
890 3871 1052 3954 (mannua
1073 3871 1142 3936 ten.
1161 3870 1210 3951 n.)
1230 3885 1318 3933 nnn
1345 3899 1348 3908 =

252 3979 382 4043 anime
417 3979 633 4065 suspirabis
668 3995 763 4052 mea,
796 3976 863 4042 sed
894 3978 1125 4042 etiamnum
1150 3973 1339 4040 meatem:

254 4083 579 4168 defecerir,molto
600 4082 990 4152 monumentavestri
1003 4082 1042 4147 in
1055 4077 1317 4147 metenetioii
1347 4113 1349 4120 ι
