2924 4660
605 287 718 345 Gellius.
824 295 828 301 ’
933 314 936 319 -
1091 263 1152 355 609

129 487 262 554 maxime
284 482 334 554 τοὶ·
349 481 483 572 reperero
517 487 620 554 animo
641 486 785 564 obiiciat„
806 487 960 554 intellexit
979 489 1141 556 Francken
1163 491 1194 558 in
1215 531 1216 536 κ

130 594 333 660 coniectaneis
364 593 429 658 crit.
462 593 502 658 ad
524 592 558 657 O.
582 593 693 660 Lucilii
719 593 867 660 librorum
893 581 1041 662 decadem
1063 597 1195 678 primam

130 699 371 778 (Amstelodami
401 698 494 777 1869)
527 719 557 781 p.
593 697 647 780 25,
677 701 819 783 rectaque
851 700 1136 768 anisocratium
1159 708 1206 774 st.

129 805 263 888 scripsit.
324 805 432 898 Deleto
469 804 566 870 altero
600 804 753 869 infinitivo
778 805 942 885 (risere),
972 809 1023 892 qni
1044 809 1196 892 interpre-

130 911 218 977 tandi
240 929 332 976 eausa
353 910 476 976 additus
499 913 556 988 est,
579 912 612 976 st
633 910 765 985 sublata,
787 911 820 974 in
842 931 903 995 qna
924 912 1039 978 frustra
1061 915 1196 999 leporem
1284 927 1309 984 ,’

18 1101 19 1104 ¹
131 1019 282 1100 quaerunt,
305 1018 387 1082 vocis
409 1017 583 1082 nolueris
613 1016 695 1080 inter
716 1016 791 1082 duos
808 1037 919 1083 uersus
942 1018 1089 1086 divisione
1110 1023 1196 1088 locus

134 1123 179 1186 sic
204 1123 382 1188 scribendus
406 1125 468 1187 est:
621 1133 646 1210 J
782 1193 784 1196 ,
1085 1123 1087 1130 “
1281 1109 1282 1114 ¹

195 1227 322 1308 Quando
343 1230 375 1294 in
398 1248 433 1294 eo
455 1247 582 1293 numero
605 1229 730 1304 mansti,
753 1248 813 1312 quo
836 1229 867 1293 in
892 1230 1026 1296 maxima
1047 1249 1130 1296 nunc
1148 1235 1198 1300 est

194 1353 265 1417 pars
288 1334 459 1410 hominum,
480 1335 516 1398 ut
537 1334 673 1396 nisi-see
694 1333 780 1410 velis,
802 1354 892 1418 quem
916 1336 1058 1412 nolueris,
1080 1357 1150 1403 cnm

198 1440 349 1506 debueris.
394 1439 461 1522 Hoc
483 1439 655 1516 „nolueris“
680 1442 713 1506 et
737 1439 916 1516 „debueris
939 1446 970 1508 te

197 1545 224 1611 si
247 1545 342 1610 minn’
364 1544 508 1621 delectat,
531 1545 612 1628 quod
635 1541 777 1631 ἄτεχνον
799 1547 1017 1622 anisocratium
1039 1551 1097 1623 est,

194 1645 423 1740 Ὀχληρόνῳιθ
445 1650 539 1714 simul
560 1652 662 1718 totum
685 1671 721 1716 ec
744 1653 1048 1738 συμμειρακιώδες,

191 1779 254 1824 ,υοιι
277 1746 402 1840 operam
424 1757 527 1840 perdo.
738 1827 740 1832 ⁸

233 1863 393 1950 lbd.'10‚
430 1863 464 1926 5:
505 1862 610 1926 Hono
644 1862 829 1946 loquendi
862 1866 1109 1949 imperitiam

133 1991 214 2038 cum
236 1972 276 2035 in
300 1989 340 2036 oo
362 1968 467 2035 docti
488 1955 667 2033 hominos
773 1972 961 2053 tanquam
983 1971 1022 2036 in
1044 1972 1201 2038 minime

132 2078 224 2144 utili
254 2075 398 2141 medico
433 2072 704 2140 offendissent
726 2079 784 2142 cet.
855 2075 941 2142 Nihil
973 2077 1032 2142 huc
1066 2069 1228 2159 perlinet'

132 2185 247 2250 medici
270 2175 388 2256 utilitas
411 2188 513 2264 (qnam
534 2179 619 2244 urit·
642 2180 780 2247 medicus
803 2182 867 2262 sit),
889 2202 946 2247 nec
960 2186 1145 2267 „tanquam“
1168 2181 1200 2246 in

133 2290 252 2356 medico
282 2289 422 2354 homines
444 2285 632 2368 imperitiam
655 2287 851 2352 offenderant.
899 2287 1054 2355 Nimirum
1083 2287 1201 2356 Gellius

38 2394 40 2402 ’
134 2397 273 2479 scripsit:
310 2396 489 2475 tanquam
524 2391 685 2456 minimo
723 2385 864 2461 etitem,
889 2394 1042 2460 medion
1078 2395 1202 2460 offen-

20 2497 22 2502 ’
134 2503 295 2579 dissent,
312 2493 394 2565 [nove
421 2497 570 2582 offendere
594 2497 780 2580 imperitiam
805 2516 930 2579 ponens.
969 2498 1024 2582 [In
1048 2519 1109 2566 om.
1134 2501 1201 2566 cod.
1318 2506 1321 2512 ’

135 2609 302 2778 &elilim
337 2709 386 2787 12,
421 2707 460 2772 10
493 2708 572 2791 quod
595 2705 739 2772 Hertrius
762 2727 779 2772 e
802 2708 957 2774 codicibus
987 2710 1125 2790 reposuit
1147 2709 1202 2774 ad·

134 2820 275 2886 verbium
305 2814 584 2882 ¹formem-ndum
620 2820 704 2889 (nam
739 2814 1063 2896 superiorestantum
1085 2815 1203 2881 ferme
1331 2818 1334 2824 ’

137 2916 325 3001 habebant),
368 2942 428 2989 non
475 2921 574 2986 solum
620 2918 792 2985 inauditnm
827 2921 891 2999 est,
936 2921 991 2988 sed
1026 2919 1203 3000 ¹incredibili

137 3032 238 3098 forma
271 3030 379 3094 fictum
411 3013 498 3106 (nem
542 3024 816 3107 propemodum
848 3026 920 3110 quid
953 3027 1018 3104 sit,'
1054 3029 1203 3110 apparet).
1272 3085 1273 3090 ,

137 3139 203 3204 Ant
226 3136 345 3203 Gellius
373 3133 510 3216 scripsit:
533 3132 571 3197 in
599 3130 771 3195 omnibus
795 3131 1001 3196 attenedum
1033 3132 1205 3198 veterum

138 3243 219 3308 scri
227 3242 318 3325 ptis,
340 3238 621 3326 interpretandique
644 3256 737 3302 causa
769 3237 807 3301 ad
837 3238 1045 3304 admodum
1067 3236 1205 3321 adscrip-

137 3353 205 3414 tum
230 3348 278 3413 est
298 3347 436 3418 fermo,
457 3346 513 3409 aut
534 3343 688 3410 coniunxit
708 3343 828 3407 fermo
850 3344 1059 3408 admodum.
1238 3405 1240 3408 .

240 3454 306 3520 Lib.
329 3452 419 3527 XIX,
454 3452 491 3528 5,
527 3452 546 3514 5
575 3448 812 3531 non-intelligo,
845 3449 918 3532 quid
946 3450 987 3515 sit
1009 3468 1089 3532 equa
1110 3450 1207 3514 soli-

139 3561 227 3627 dius
269 3556 690 3641 latiusqno-concrete‚
733 3556 868 3637 putoque
906 3546 1101 3620 scribendum
1145 3576 1206 3615 or·
1280 3589 1285 3600 ·

139 3665 342 3749 tiaeque.¹)

140 3872 341 3880 .—-——-—.-.-.

170 4012 192 4081 ¹)
213 4012 242 4068 C.
262 4015 286 4076 7,
317 4016 350 4070 10
371 4013 511 4070 varietatis
538 3989 677 4084 annotatio
696 4014 773 4066 vetat
792 4013 941 4081 typothetn
968 4011 1092 4066 tribuere
1119 4025 1210 4066 man-

98 4178 103 4187 ·
212 4106 314 4161 ciolis
402 4110 477 4160 tene
495 4107 573 4160 illis
591 4123 639 4175 pro
658 4105 816 4170 tonellis.
944 4177 947 4182 Ι

99 4207 103 4214 ,
189 4198 451 4238 momontum-mm.
474 4196 497 4232 ιι.
977 4200 1011 4246 39
