<?xml version="1.0" encoding="UTF-8"?>
<!DOCTYPE html PUBLIC "-//W3C//DTD XHTML 1.0 Transitional//EN"
    "http://www.w3.org/TR/xhtml1/DTD/xhtml1-transitional.dtd">
<html xmlns="http://www.w3.org/1999/xhtml" xml:lang="en" lang="en">
 <head>
  <title>
</title>
<meta http-equiv="Content-Type" content="text/html;charset=utf-8" />
  <meta name='ocr-system' content='tesseract 3.04.00' />
  <meta name='ocr-capabilities' content='ocr_page ocr_carea ocr_par ocr_line ocrx_word'/>
</head>
<body>
  <div class='ocr_page' id='page_1' title='image "./adversariacriti03madvgoog/adversariacriti03madvgoog_0077.png"; bbox 0 0 2938 4630; ppageno 0'>
   <div class='ocr_carea' id='block_1_1' title="bbox 307 279 931 350">
    <p class='ocr_par' dir='ltr' id='par_1_1' title="bbox 307 279 931 350">
     <span class='ocr_line' id='line_1_1' title="bbox 307 279 931 350; baseline 0.003 -16"><span class='ocrx_word' id='word_1_1' title='bbox 307 281 348 344; x_wconf 59' lang='lat' dir='ltr'><em>a</em></span> <span class='ocrx_word' id='word_1_2' title='bbox 668 279 931 350; x_wconf 57' lang='lat' dir='ltr'>mame</span> 
     </span>
    </p>
   </div>
   <div class='ocr_carea' id='block_1_2' title="bbox 257 477 1336 1824">
    <p class='ocr_par' dir='ltr' id='par_1_2' title="bbox 257 477 1336 1824">
     <span class='ocr_line' id='line_1_2' title="bbox 436 477 1167 562; baseline 0.003 -18"><span class='ocrx_word' id='word_1_3' title='bbox 436 477 502 544; x_wconf 88' lang='lat' dir='ltr'>Nec</span> <span class='ocrx_word' id='word_1_4' title='bbox 524 478 601 544; x_wconf 89' lang='lat' dir='ltr'>milri</span> <span class='ocrx_word' id='word_1_5' title='bbox 626 479 762 562; x_wconf 84' lang='lat' dir='ltr'>Cassepe</span> <span class='ocrx_word' id='word_1_6' title='bbox 786 480 876 545; x_wconf 87' lang='lat' dir='ltr'>sclito</span> <span class='ocrx_word' id='word_1_7' title='bbox 898 480 1002 545; x_wconf 85' lang='lat' dir='ltr'>visura</span> <span class='ocrx_word' id='word_1_8' title='bbox 1022 480 1167 546; x_wconf 70' lang='lat' dir='ltr'>mriuam.</span> 
     </span>
     <span class='ocr_line' id='line_1_3' title="bbox 257 585 1333 670; baseline 0.002 -20"><span class='ocrx_word' id='word_1_9' title='bbox 257 585 341 650; x_wconf 79' lang='lat' dir='ltr'>Haec</span> <span class='ocrx_word' id='word_1_10' title='bbox 365 603 456 652; x_wconf 88' lang='lat' dir='ltr'>seusu</span> <span class='ocrx_word' id='word_1_11' title='bbox 478 602 567 650; x_wconf 88' lang='lat' dir='ltr'>cassa</span> <span class='ocrx_word' id='word_1_12' title='bbox 589 602 667 660; x_wconf 81' lang='lat' dir='ltr'>esse,</span> <span class='ocrx_word' id='word_1_13' title='bbox 699 586 855 650; x_wconf 87' lang='lat' dir='ltr'>neminem</span> <span class='ocrx_word' id='word_1_14' title='bbox 876 587 951 669; x_wconf 80' lang='lat' dir='ltr'>pute</span> <span class='ocrx_word' id='word_1_15' title='bbox 971 589 1171 670; x_wconf 67' lang='lat' dir='ltr'>negaturum</span> <span class='ocrx_word' id='word_1_16' title='bbox 1202 605 1275 652; x_wconf 88' lang='lat' dir='ltr'>uam</span> <span class='ocrx_word' id='word_1_17' title='bbox 1296 589 1333 652; x_wconf 86' lang='lat' dir='ltr'>ut</span> 
     </span>
     <span class='ocr_line' id='line_1_4' title="bbox 264 691 1332 776; baseline 0.004 -22"><span class='ocrx_word' id='word_1_18' title='bbox 264 692 370 754; x_wconf 71' lang='lat' dir='ltr'>clema</span> <span class='ocrx_word' id='word_1_19' title='bbox 402 691 584 776; x_wconf 79' lang='lat' dir='ltr'>provisura</span> <span class='ocrx_word' id='word_1_20' title='bbox 615 700 657 752; x_wconf 80' lang='lat' dir='ltr'>est</span> <span class='ocrx_word' id='word_1_21' title='bbox 677 691 859 772; x_wconf 76' lang='lat' dir='ltr'>accipiatur,</span> <span class='ocrx_word' id='word_1_22' title='bbox 894 711 956 756; x_wconf 88' lang='lat' dir='ltr'>uon</span> <span class='ocrx_word' id='word_1_23' title='bbox 989 695 1045 765; x_wconf 90' lang='lat' dir='ltr'>est,</span> <span class='ocrx_word' id='word_1_24' title='bbox 1075 693 1157 775; x_wconf 88' lang='lat' dir='ltr'>qued</span> <span class='ocrx_word' id='word_1_25' title='bbox 1177 693 1263 756; x_wconf 64' lang='lat' dir='ltr'>soleo</span> <span class='ocrx_word' id='word_1_26' title='bbox 1284 693 1332 758; x_wconf 83' lang='lat' dir='ltr'>fa-</span> 
     </span>
     <span class='ocr_line' id='line_1_5' title="bbox 264 793 1333 880; baseline 0 -18"><span class='ocrx_word' id='word_1_27' title='bbox 264 797 340 862; x_wconf 88' lang='lat' dir='ltr'>cias.</span> <span class='ocrx_word' id='word_1_28' title='bbox 392 796 499 880; x_wconf 82' lang='lat' dir='ltr'>Neque</span> <span class='ocrx_word' id='word_1_29' title='bbox 528 799 636 878; x_wconf 88' lang='lat' dir='ltr'>portus</span> <span class='ocrx_word' id='word_1_30' title='bbox 668 793 780 860; x_wconf 87' lang='lat' dir='ltr'>dicitur</span> <span class='ocrx_word' id='word_1_31' title='bbox 802 815 913 862; x_wconf 88' lang='lat' dir='ltr'>navem</span> <span class='ocrx_word' id='word_1_32' title='bbox 934 798 1055 862; x_wconf 85' lang='lat' dir='ltr'>risurus</span> <span class='ocrx_word' id='word_1_33' title='bbox 1070 815 1147 872; x_wconf 88' lang='lat' dir='ltr'>esse,</span> <span class='ocrx_word' id='word_1_34' title='bbox 1174 798 1229 863; x_wconf 90' lang='lat' dir='ltr'>sed</span> <span class='ocrx_word' id='word_1_35' title='bbox 1245 798 1333 863; x_wconf 86' lang='lat' dir='ltr'>uaris</span> 
     </span>
     <span class='ocr_line' id='line_1_6' title="bbox 265 901 995 987; baseline -0.004 -18"><span class='ocrx_word' id='word_1_36' title='bbox 265 903 399 987; x_wconf 86' lang='lat' dir='ltr'>portum.</span> <span class='ocrx_word' id='word_1_37' title='bbox 441 901 625 968; x_wconf 77' lang='lat' dir='ltr'><strong>Emendatio</strong></span> <span class='ocrx_word' id='word_1_38' title='bbox 646 901 747 966; x_wconf 79' lang='lat' dir='ltr'>facilis</span> <span class='ocrx_word' id='word_1_39' title='bbox 769 903 801 965; x_wconf 87' lang='lat' dir='ltr'>et</span> <span class='ocrx_word' id='word_1_40' title='bbox 826 903 911 966; x_wconf 90' lang='lat' dir='ltr'>certa</span> <span class='ocrx_word' id='word_1_41' title='bbox 933 906 995 968; x_wconf 86' lang='lat' dir='ltr'>est:</span> 
     </span>
     <span class='ocr_line' id='line_1_7' title="bbox 398 1005 1115 1090; baseline -0.004 -18"><span class='ocrx_word' id='word_1_42' title='bbox 398 1007 464 1074; x_wconf 84' lang='lat' dir='ltr'>Nec</span> <span class='ocrx_word' id='word_1_43' title='bbox 485 1008 563 1074; x_wconf 85' lang='lat' dir='ltr'>mihi</span> <span class='ocrx_word' id='word_1_44' title='bbox 590 1005 742 1090; x_wconf 80' lang='lat' dir='ltr'>Cassepen</span> <span class='ocrx_word' id='word_1_45' title='bbox 765 1007 851 1070; x_wconf 82' lang='lat' dir='ltr'>solvit</span> <span class='ocrx_word' id='word_1_46' title='bbox 872 1007 976 1072; x_wconf 83' lang='lat' dir='ltr'>visura</span> <span class='ocrx_word' id='word_1_47' title='bbox 998 1008 1115 1084; x_wconf 63' lang='lat' dir='ltr'>carina,</span> 
     </span>
     <span class='ocr_line' id='line_1_8' title="bbox 264 1113 1333 1194; baseline 0.001 -16"><span class='ocrx_word' id='word_1_48' title='bbox 264 1113 323 1180; x_wconf 90' lang='lat' dir='ltr'>hcc</span> <span class='ocrx_word' id='word_1_49' title='bbox 358 1116 407 1180; x_wconf 87' lang='lat' dir='ltr'>est</span> <span class='ocrx_word' id='word_1_50' title='bbox 441 1113 483 1190; x_wconf 88' lang='lat' dir='ltr'>(si</span> <span class='ocrx_word' id='word_1_51' title='bbox 514 1113 619 1176; x_wconf 83' lang='lat' dir='ltr'>tamen</span> <span class='ocrx_word' id='word_1_52' title='bbox 648 1131 723 1194; x_wconf 87' lang='lat' dir='ltr'>epus</span> <span class='ocrx_word' id='word_1_53' title='bbox 754 1115 802 1177; x_wconf 86' lang='lat' dir='ltr'>est</span> <span class='ocrx_word' id='word_1_54' title='bbox 831 1118 1004 1190; x_wconf 89' lang='lat' dir='ltr'>enarrare):</span> <span class='ocrx_word' id='word_1_55' title='bbox 1038 1131 1095 1178; x_wconf 89' lang='lat' dir='ltr'>uec</span> <span class='ocrx_word' id='word_1_56' title='bbox 1130 1114 1234 1178; x_wconf 80' lang='lat' dir='ltr'>cariae</span> <span class='ocrx_word' id='word_1_57' title='bbox 1262 1132 1333 1180; x_wconf 87' lang='lat' dir='ltr'>mea</span> 
     </span>
     <span class='ocr_line' id='line_1_9' title="bbox 263 1217 1333 1302; baseline -0.001 -16"><span class='ocrx_word' id='word_1_58' title='bbox 263 1238 300 1286; x_wconf 89' lang='lat' dir='ltr'>ec</span> <span class='ocrx_word' id='word_1_59' title='bbox 322 1219 384 1286; x_wconf 85' lang='lat' dir='ltr'>fate</span> <span class='ocrx_word' id='word_1_60' title='bbox 407 1219 510 1298; x_wconf 84' lang='lat' dir='ltr'>solvit,</span> <span class='ocrx_word' id='word_1_61' title='bbox 543 1219 580 1282; x_wconf 90' lang='lat' dir='ltr'>ut</span> <span class='ocrx_word' id='word_1_62' title='bbox 601 1217 754 1294; x_wconf 86' lang='lat' dir='ltr'>Cassopeu</span> <span class='ocrx_word' id='word_1_63' title='bbox 776 1221 910 1300; x_wconf 87' lang='lat' dir='ltr'>(portum</span> <span class='ocrx_word' id='word_1_64' title='bbox 932 1217 1025 1300; x_wconf 78' lang='lat' dir='ltr'>lipirr&#39;,</span> <span class='ocrx_word' id='word_1_65' title='bbox 1054 1237 1145 1301; x_wconf 89' lang='lat' dir='ltr'>quem</span> <span class='ocrx_word' id='word_1_66' title='bbox 1168 1220 1273 1302; x_wconf 90' lang='lat' dir='ltr'>petere</span> <span class='ocrx_word' id='word_1_67' title='bbox 1298 1239 1333 1286; x_wconf 86' lang='lat' dir='ltr'>se</span> 
     </span>
     <span class='ocr_line' id='line_1_10' title="bbox 263 1321 1030 1408; baseline -0.007 -17"><span class='ocrx_word' id='word_1_68' title='bbox 263 1328 354 1408; x_wconf 87' lang='lat' dir='ltr'>pocta</span> <span class='ocrx_word' id='word_1_69' title='bbox 376 1324 464 1408; x_wconf 87' lang='lat' dir='ltr'>dicit)</span> <span class='ocrx_word' id='word_1_70' title='bbox 486 1323 591 1388; x_wconf 84' lang='lat' dir='ltr'>visura</span> <span class='ocrx_word' id='word_1_71' title='bbox 612 1321 662 1386; x_wconf 87' lang='lat' dir='ltr'>sit.</span> <span class='ocrx_word' id='word_1_72' title='bbox 705 1322 823 1406; x_wconf 80' lang='lat' dir='ltr'>[Germ.</span> <span class='ocrx_word' id='word_1_73' title='bbox 846 1323 900 1388; x_wconf 86' lang='lat' dir='ltr'>sel.</span> <span class='ocrx_word' id='word_1_74' title='bbox 926 1323 1030 1407; x_wconf 59' lang='lat'>1843]</span> 
     </span>
     <span class='ocr_line' id='line_1_11' title="bbox 366 1427 1336 1512; baseline 0.002 -18"><span class='ocrx_word' id='word_1_75' title='bbox 366 1431 408 1507; x_wconf 83' lang='lat'>11,</span> <span class='ocrx_word' id='word_1_76' title='bbox 437 1429 475 1492; x_wconf 90' lang='grc'>16</span> <span class='ocrx_word' id='word_1_77' title='bbox 513 1428 583 1506; x_wconf 90' lang='grc' dir='ltr'><strong>(ΙΙΙ,</strong></span> <span class='ocrx_word' id='word_1_78' title='bbox 615 1427 660 1511; x_wconf 85' lang='grc'>8),</span> <span class='ocrx_word' id='word_1_79' title='bbox 703 1428 743 1490; x_wconf 82' lang='lat'>23</span> <span class='ocrx_word' id='word_1_80' title='bbox 776 1449 843 1512; x_wconf 85' lang='lat' dir='ltr'><strong>sqq.</strong></span> <span class='ocrx_word' id='word_1_81' title='bbox 897 1430 1034 1496; x_wconf 88' lang='lat' dir='ltr'>Permire</span> <span class='ocrx_word' id='word_1_82' title='bbox 1067 1449 1138 1496; x_wconf 89' lang='lat' dir='ltr'>cum</span> <span class='ocrx_word' id='word_1_83' title='bbox 1171 1431 1336 1496; x_wconf 79' lang='lat' dir='ltr'>sententiae</span> 
     </span>
     <span class='ocr_line' id='line_1_12' title="bbox 263 1534 1067 1619; baseline 0 -19"><span class='ocrx_word' id='word_1_84' title='bbox 263 1535 391 1602; x_wconf 89' lang='lat' dir='ltr'>interitu</span> <span class='ocrx_word' id='word_1_85' title='bbox 413 1534 582 1619; x_wconf 71' lang='lat' dir='ltr'>negligitur</span> <span class='ocrx_word' id='word_1_86' title='bbox 602 1534 720 1616; x_wconf 88' lang='lat' dir='ltr'>optima</span> <span class='ocrx_word' id='word_1_87' title='bbox 741 1535 879 1600; x_wconf 89' lang='lat' dir='ltr'>ecdicum</span> <span class='ocrx_word' id='word_1_88' title='bbox 901 1536 1067 1619; x_wconf 87' lang='lat' dir='ltr'>scriptura:</span> 
     </span>
     <span class='ocr_line' id='line_1_13' title="bbox 397 1639 1170 1722; baseline 0.003 -18"><span class='ocrx_word' id='word_1_89' title='bbox 397 1639 467 1706; x_wconf 88' lang='lat' dir='ltr'>Nou</span> <span class='ocrx_word' id='word_1_90' title='bbox 489 1639 562 1722; x_wconf 91' lang='lat' dir='ltr'>quia</span> <span class='ocrx_word' id='word_1_91' title='bbox 582 1642 724 1722; x_wconf 87' lang='lat' dir='ltr'>septenas</span> <span class='ocrx_word' id='word_1_92' title='bbox 747 1646 853 1706; x_wconf 87' lang='lat' dir='ltr'>nectes</span> <span class='ocrx_word' id='word_1_93' title='bbox 875 1641 1013 1708; x_wconf 85' lang='lat' dir='ltr'>seiuncta</span> <span class='ocrx_word' id='word_1_94' title='bbox 1039 1643 1170 1716; x_wconf 80' lang='lat' dir='ltr'>cubaria,</span> 
     </span>
     <span class='ocr_line' id='line_1_14' title="bbox 398 1745 1052 1824; baseline 0.005 -14"><span class='ocrx_word' id='word_1_95' title='bbox 398 1745 529 1810; x_wconf 85' lang='lat' dir='ltr'>candida</span> <span class='ocrx_word' id='word_1_96' title='bbox 550 1747 616 1809; x_wconf 91' lang='lat' dir='ltr'>tam</span> <span class='ocrx_word' id='word_1_97' title='bbox 638 1745 719 1810; x_wconf 87' lang='lat' dir='ltr'>ieedc</span> <span class='ocrx_word' id='word_1_98' title='bbox 740 1745 866 1810; x_wconf 89' lang='lat' dir='ltr'>brachia</span> <span class='ocrx_word' id='word_1_99' title='bbox 887 1747 956 1811; x_wconf 83' lang='lat' dir='ltr'>l&#39;usa</span> <span class='ocrx_word' id='word_1_100' title='bbox 977 1748 1052 1824; x_wconf 79' lang='lat' dir='ltr'>vire,</span> 
     </span>
    </p>
   </div>
   <div class='ocr_carea' id='block_1_3' title="bbox 262 1851 1334 2249">
    <p class='ocr_par' dir='ltr' id='par_1_3' title="bbox 262 1851 1334 2249">
     <span class='ocr_line' id='line_1_15' title="bbox 399 1851 1215 1935; baseline 0 -21"><span class='ocrx_word' id='word_1_101' title='bbox 399 1869 461 1916; x_wconf 89' lang='lat' dir='ltr'>ueu</span> <span class='ocrx_word' id='word_1_102' title='bbox 483 1851 555 1932; x_wconf 87' lang='lat' dir='ltr'>quia</span> <span class='ocrx_word' id='word_1_103' title='bbox 570 1851 727 1933; x_wconf 72' lang='lat' dir='ltr'>peccarim</span> <span class='ocrx_word' id='word_1_104' title='bbox 746 1853 855 1926; x_wconf 88' lang='lat' dir='ltr'>(testor</span> <span class='ocrx_word' id='word_1_105' title='bbox 875 1855 929 1926; x_wconf 77' lang='lat' dir='ltr'>tel,</span> <span class='ocrx_word' id='word_1_106' title='bbox 954 1853 1009 1917; x_wconf 90' lang='lat' dir='ltr'>sed</span> <span class='ocrx_word' id='word_1_107' title='bbox 1031 1854 1104 1935; x_wconf 88' lang='lat' dir='ltr'>qaia</span> <span class='ocrx_word' id='word_1_108' title='bbox 1124 1852 1215 1934; x_wconf 80' lang='lat' dir='ltr'>vulgo</span> 
     </span>
     <span class='ocr_line' id='line_1_16' title="bbox 398 1955 1027 2037; baseline 0.003 -17"><span class='ocrx_word' id='word_1_109' title='bbox 398 1955 539 2020; x_wconf 81' lang='lat' dir='ltr'>formosis</span> <span class='ocrx_word' id='word_1_110' title='bbox 560 1955 671 2020; x_wconf 83' lang='lat' dir='ltr'>levitas</span> <span class='ocrx_word' id='word_1_111' title='bbox 693 1974 814 2037; x_wconf 86' lang='lat' dir='ltr'>semper</span> <span class='ocrx_word' id='word_1_112' title='bbox 835 1957 937 2020; x_wconf 87' lang='lat' dir='ltr'>amica</span> <span class='ocrx_word' id='word_1_113' title='bbox 957 1957 1027 2022; x_wconf 84' lang='lat' dir='ltr'>fuit.</span> 
     </span>
     <span class='ocr_line' id='line_1_17' title="bbox 262 2059 1334 2145; baseline 0.007 -22"><span class='ocrx_word' id='word_1_114' title='bbox 262 2059 428 2143; x_wconf 75' lang='lat' dir='ltr'>cynthiam</span> <span class='ocrx_word' id='word_1_115' title='bbox 463 2061 602 2144; x_wconf 89' lang='lat' dir='ltr'>queritur</span> <span class='ocrx_word' id='word_1_116' title='bbox 646 2059 725 2124; x_wconf 86' lang='lat' dir='ltr'>foedc</span> <span class='ocrx_word' id='word_1_117' title='bbox 761 2061 825 2124; x_wconf 88' lang='lat' dir='ltr'>rire</span> <span class='ocrx_word' id='word_1_118' title='bbox 861 2079 893 2124; x_wconf 89' lang='lat' dir='ltr'>se</span> <span class='ocrx_word' id='word_1_119' title='bbox 929 2061 1050 2127; x_wconf 81' lang='lat' dir='ltr'>dedisse</span> <span class='ocrx_word' id='word_1_120' title='bbox 1086 2062 1269 2145; x_wconf 74' lang='lat' dir='ltr'>bmclrieque</span> <span class='ocrx_word' id='word_1_121' title='bbox 1306 2064 1334 2130; x_wconf 92' lang='lat' dir='ltr'>ei</span> 
     </span>
     <span class='ocr_line' id='line_1_18' title="bbox 263 2164 1332 2249; baseline 0.005 -21"><span class='ocrx_word' id='word_1_122' title='bbox 263 2164 507 2242; x_wconf 73' lang='lat' dir='ltr'>circumfudisse,</span> <span class='ocrx_word' id='word_1_123' title='bbox 543 2183 597 2230; x_wconf 88' lang='lat' dir='ltr'>uec</span> <span class='ocrx_word' id='word_1_124' title='bbox 618 2165 650 2230; x_wconf 93' lang='lat' dir='ltr'>id</span> <span class='ocrx_word' id='word_1_125' title='bbox 671 2165 740 2230; x_wconf 87' lang='lat' dir='ltr'>ideo</span> <span class='ocrx_word' id='word_1_126' title='bbox 761 2166 888 2242; x_wconf 87' lang='lat' dir='ltr'>factum,</span> <span class='ocrx_word' id='word_1_127' title='bbox 924 2166 1006 2248; x_wconf 89' lang='lat' dir='ltr'>qued</span> <span class='ocrx_word' id='word_1_128' title='bbox 1029 2167 1170 2249; x_wconf 85' lang='lat' dir='ltr'>neglecta</span> <span class='ocrx_word' id='word_1_129' title='bbox 1193 2185 1332 2234; x_wconf 86' lang='lat' dir='ltr'>seersum</span> 
     </span>
    </p>
   </div>
   <div class='ocr_carea' id='block_1_4' title="bbox 261 2270 1333 3709">
    <p class='ocr_par' dir='ltr' id='par_1_4' title="bbox 261 2270 1331 2670">
     <span class='ocr_line' id='line_1_19' title="bbox 264 2270 1331 2354; baseline 0.005 -21"><span class='ocrx_word' id='word_1_130' title='bbox 264 2270 414 2348; x_wconf 80' lang='lat' dir='ltr'>cubuerit,</span> <span class='ocrx_word' id='word_1_131' title='bbox 436 2273 491 2336; x_wconf 87' lang='lat' dir='ltr'>aut</span> <span class='ocrx_word' id='word_1_132' title='bbox 513 2271 594 2353; x_wconf 90' lang='lat' dir='ltr'>quod</span> <span class='ocrx_word' id='word_1_133' title='bbox 615 2270 682 2352; x_wconf 86' lang='lat' dir='ltr'>ipse</span> <span class='ocrx_word' id='word_1_134' title='bbox 694 2271 871 2352; x_wconf 88' lang='lat' dir='ltr'>Propertius</span> <span class='ocrx_word' id='word_1_135' title='bbox 885 2271 1021 2354; x_wconf 87' lang='lat' dir='ltr'>peccarit</span> <span class='ocrx_word' id='word_1_136' title='bbox 1041 2271 1114 2346; x_wconf 87' lang='lat' dir='ltr'>(alia</span> <span class='ocrx_word' id='word_1_137' title='bbox 1128 2273 1243 2337; x_wconf 83' lang='lat' dir='ltr'>femina</span> <span class='ocrx_word' id='word_1_138' title='bbox 1265 2292 1331 2338; x_wconf 85' lang='lat' dir='ltr'>sec·</span> 
     </span>
     <span class='ocr_line' id='line_1_20' title="bbox 261 2375 1328 2459; baseline 0.002 -21"><span class='ocrx_word' id='word_1_139' title='bbox 261 2375 378 2452; x_wconf 64' lang='lat' dir='ltr'>unda),</span> <span class='ocrx_word' id='word_1_140' title='bbox 414 2377 468 2442; x_wconf 91' lang='lat' dir='ltr'>sed</span> <span class='ocrx_word' id='word_1_141' title='bbox 501 2377 575 2453; x_wconf 82' lang='lat' dir='ltr'>sele,</span> <span class='ocrx_word' id='word_1_142' title='bbox 611 2395 678 2459; x_wconf 88' lang='lat' dir='ltr'>quae</span> <span class='ocrx_word' id='word_1_143' title='bbox 710 2378 914 2443; x_wconf 85' lang='lat' dir='ltr'>formosarum</span> <span class='ocrx_word' id='word_1_144' title='bbox 950 2376 1072 2459; x_wconf 88' lang='lat' dir='ltr'>propria</span> <span class='ocrx_word' id='word_1_145' title='bbox 1092 2378 1153 2450; x_wconf 84' lang='lat' dir='ltr'>sit,</span> <span class='ocrx_word' id='word_1_146' title='bbox 1190 2377 1328 2442; x_wconf 86' lang='lat' dir='ltr'>levitate.</span> 
     </span>
     <span class='ocr_line' id='line_1_21' title="bbox 262 2477 1324 2564; baseline 0.001 -21"><span class='ocrx_word' id='word_1_147' title='bbox 262 2477 372 2544; x_wconf 82' lang='lat' dir='ltr'>Editur</span> <span class='ocrx_word' id='word_1_148' title='bbox 399 2484 548 2564; x_wconf 66' lang='lat' dir='ltr'>peccaris.</span> <span class='ocrx_word' id='word_1_149' title='bbox 603 2483 683 2560; x_wconf 90' lang='lat' dir='ltr'>(Non</span> <span class='ocrx_word' id='word_1_150' title='bbox 718 2483 790 2548; x_wconf 85' lang='lat' dir='ltr'>ideo</span> <span class='ocrx_word' id='word_1_151' title='bbox 819 2503 890 2548; x_wconf 91' lang='lat' dir='ltr'>cum</span> <span class='ocrx_word' id='word_1_152' title='bbox 918 2482 998 2548; x_wconf 78' lang='lat' dir='ltr'>fredo</span> <span class='ocrx_word' id='word_1_153' title='bbox 1024 2483 1149 2549; x_wconf 85' lang='lat' dir='ltr'>homine</span> <span class='ocrx_word' id='word_1_154' title='bbox 1181 2482 1324 2556; x_wconf 77' lang='lat' dir='ltr'>cubuisti,</span> 
     </span>
     <span class='ocr_line' id='line_1_22' title="bbox 263 2587 569 2670; baseline 0.013 -20"><span class='ocrx_word' id='word_1_155' title='bbox 263 2587 343 2669; x_wconf 87' lang='lat' dir='ltr'>quod</span> <span class='ocrx_word' id='word_1_156' title='bbox 364 2589 503 2670; x_wconf 86' lang='lat' dir='ltr'>peccaris</span> <span class='ocrx_word' id='word_1_157' title='bbox 511 2591 535 2670; x_wconf 87' lang='lat' dir='ltr'>l)</span> <span class='ocrx_word' id='word_1_158' title='bbox 545 2589 569 2667; x_wconf 90' lang='lat'>¹)</span> 
     </span>
    </p>

    <p class='ocr_par' dir='ltr' id='par_1_5' title="bbox 365 2693 801 2772">
     <span class='ocr_line' id='line_1_23' title="bbox 365 2693 801 2772; baseline 0.002 -14"><span class='ocrx_word' id='word_1_159' title='bbox 365 2693 406 2772; x_wconf 86' lang='grc' dir='ltr'>ΙΙ,</span> <span class='ocrx_word' id='word_1_160' title='bbox 430 2693 469 2756; x_wconf 77' lang='lat'>25</span> <span class='ocrx_word' id='word_1_161' title='bbox 489 2693 563 2772; x_wconf 83' lang='grc' dir='ltr'><strong>(ΙΙΙ,</strong></span> <span class='ocrx_word' id='word_1_162' title='bbox 585 2695 648 2771; x_wconf 80' lang='lat'><strong>20),</strong></span> <span class='ocrx_word' id='word_1_163' title='bbox 674 2695 688 2755; x_wconf 93' lang='grc'><strong>1</strong></span> <span class='ocrx_word' id='word_1_164' title='bbox 713 2697 745 2760; x_wconf 92' lang='lat' dir='ltr'>et</span> <span class='ocrx_word' id='word_1_165' title='bbox 767 2696 801 2759; x_wconf 80' lang='lat'>2:</span> 
     </span>
    </p>

    <p class='ocr_par' dir='ltr' id='par_1_6' title="bbox 410 2788 1283 2988">
     <span class='ocr_line' id='line_1_24' title="bbox 414 2788 1283 2883; baseline -0.003 -18"><span class='ocrx_word' id='word_1_166' title='bbox 414 2800 513 2866; x_wconf 87' lang='lat' dir='ltr'>Unica</span> <span class='ocrx_word' id='word_1_167' title='bbox 536 2803 610 2868; x_wconf 86' lang='lat' dir='ltr'>nata</span> <span class='ocrx_word' id='word_1_168' title='bbox 631 2819 699 2866; x_wconf 88' lang='lat' dir='ltr'>meo</span> <span class='ocrx_word' id='word_1_169' title='bbox 721 2803 928 2883; x_wconf 89' lang='lat' dir='ltr'>pulcherrima</span> <span class='ocrx_word' id='word_1_170' title='bbox 952 2817 1025 2866; x_wconf 88' lang='lat' dir='ltr'>cura</span> <span class='ocrx_word' id='word_1_171' title='bbox 1046 2799 1151 2872; x_wconf 88' lang='lat' dir='ltr'>deleri,</span> <span class='ocrx_word' id='word_1_172' title='bbox 1277 2788 1283 2805; x_wconf 26' lang='lat' dir='ltr'>x</span> 
     </span>
     <span class='ocr_line' id='line_1_25' title="bbox 410 2905 1147 2988; baseline 0.007 -19"><span class='ocrx_word' id='word_1_173' title='bbox 410 2907 545 2970; x_wconf 79' lang='lat' dir='ltr'>excludit</span> <span class='ocrx_word' id='word_1_174' title='bbox 568 2906 712 2988; x_wconf 87' lang='lat' dir='ltr'>queniam</span> <span class='ocrx_word' id='word_1_175' title='bbox 735 2925 799 2970; x_wconf 86' lang='lat' dir='ltr'>sors</span> <span class='ocrx_word' id='word_1_176' title='bbox 822 2925 893 2970; x_wconf 86' lang='lat' dir='ltr'>mea</span> <span class='ocrx_word' id='word_1_177' title='bbox 916 2905 1024 2987; x_wconf 75' lang='lat' dir='ltr'>„Saepe</span> <span class='ocrx_word' id='word_1_178' title='bbox 1046 2905 1147 2976; x_wconf 69' lang='lat' dir='ltr'>reui‘f,</span> 
     </span>
    </p>

    <p class='ocr_par' dir='ltr' id='par_1_7' title="bbox 409 3010 1097 3084">
     <span class='ocr_line' id='line_1_26' title="bbox 409 3010 1097 3084; baseline -0.003 -10"><span class='ocrx_word' id='word_1_179' title='bbox 409 3012 472 3076; x_wconf 85' lang='lat' dir='ltr'>ista</span> <span class='ocrx_word' id='word_1_180' title='bbox 492 3011 570 3076; x_wconf 90' lang='lat' dir='ltr'>meis</span> <span class='ocrx_word' id='word_1_181' title='bbox 592 3011 647 3076; x_wconf 86' lang='lat' dir='ltr'>fiet</span> <span class='ocrx_word' id='word_1_182' title='bbox 670 3011 832 3075; x_wconf 85' lang='lat' dir='ltr'>notissima</span> <span class='ocrx_word' id='word_1_183' title='bbox 852 3011 950 3075; x_wconf 86' lang='lat' dir='ltr'>forma</span> <span class='ocrx_word' id='word_1_184' title='bbox 970 3010 1097 3084; x_wconf 89' lang='lat' dir='ltr'>libellis,</span> 
     </span>
    </p>

    <p class='ocr_par' dir='ltr' id='par_1_8' title="bbox 412 3115 1065 3196">
     <span class='ocr_line' id='line_1_27' title="bbox 412 3115 1065 3196; baseline -0.006 -15"><span class='ocrx_word' id='word_1_185' title='bbox 412 3115 515 3193; x_wconf 76' lang='lat' dir='ltr'>Celae,</span> <span class='ocrx_word' id='word_1_186' title='bbox 540 3115 714 3192; x_wconf 75' lang='lat' dir='ltr'>tua-venia,</span> <span class='ocrx_word' id='word_1_187' title='bbox 736 3133 822 3196; x_wconf 88' lang='lat' dir='ltr'>pace,</span> <span class='ocrx_word' id='word_1_188' title='bbox 847 3115 978 3190; x_wconf 77' lang='lat' dir='ltr'>Catulle,</span> <span class='ocrx_word' id='word_1_189' title='bbox 1000 3115 1065 3178; x_wconf 89' lang='lat' dir='ltr'>tua.</span> 
     </span>
    </p>

    <p class='ocr_par' dir='ltr' id='par_1_9' title="bbox 263 3218 1333 3709">
     <span class='ocr_line' id='line_1_28' title="bbox 365 3218 1330 3303; baseline -0.006 -17"><span class='ocrx_word' id='word_1_190' title='bbox 365 3223 401 3286; x_wconf 91' lang='lat' dir='ltr'>In</span> <span class='ocrx_word' id='word_1_191' title='bbox 435 3221 504 3299; x_wconf 79' lang='lat' dir='ltr'>illa,</span> <span class='ocrx_word' id='word_1_192' title='bbox 542 3235 609 3303; x_wconf 80' lang='lat' dir='ltr'>quae</span> <span class='ocrx_word' id='word_1_193' title='bbox 645 3220 788 3303; x_wconf 81' lang='lat' dir='ltr'>fingitur,</span> <span class='ocrx_word' id='word_1_194' title='bbox 827 3220 977 3285; x_wconf 87' lang='lat' dir='ltr'>invitandi</span> <span class='ocrx_word' id='word_1_195' title='bbox 1012 3218 1145 3284; x_wconf 88' lang='lat' dir='ltr'>formula</span> <span class='ocrx_word' id='word_1_196' title='bbox 1185 3233 1330 3300; x_wconf 90' lang='lat' dir='ltr'>perverse</span> 
     </span>
     <span class='ocr_line' id='line_1_29' title="bbox 264 3311 1332 3410; baseline -0.003 -18"><span class='ocrx_word' id='word_1_197' title='bbox 264 3328 402 3393; x_wconf 84' lang='lat' dir='ltr'>abundat</span> <span class='ocrx_word' id='word_1_198' title='bbox 422 3347 508 3410; x_wconf 74' lang='lat' dir='ltr'>supe,</span> <span class='ocrx_word' id='word_1_199' title='bbox 544 3343 641 3408; x_wconf 86' lang='lat' dir='ltr'>neque</span> <span class='ocrx_word' id='word_1_200' title='bbox 663 3325 690 3388; x_wconf 90' lang='lat' dir='ltr'>is</span> <span class='ocrx_word' id='word_1_201' title='bbox 712 3325 797 3390; x_wconf 86' lang='lat' dir='ltr'>dolor</span> <span class='ocrx_word' id='word_1_202' title='bbox 820 3327 897 3403; x_wconf 84' lang='lat' dir='ltr'>erat,</span> <span class='ocrx_word' id='word_1_203' title='bbox 929 3326 1011 3408; x_wconf 90' lang='lat' dir='ltr'>quod</span> <span class='ocrx_word' id='word_1_204' title='bbox 1042 3345 1102 3390; x_wconf 91' lang='lat' dir='ltr'>uon</span> <span class='ocrx_word' id='word_1_205' title='bbox 1125 3311 1205 3407; x_wconf 86' lang='lat' dir='ltr'>saepe</span> <span class='ocrx_word' id='word_1_206' title='bbox 1228 3322 1332 3390; x_wconf 87' lang='lat' dir='ltr'>venire</span> 
     </span>
     <span class='ocr_line' id='line_1_30' title="bbox 264 3429 1329 3514; baseline -0.002 -18"><span class='ocrx_word' id='word_1_207' title='bbox 264 3433 430 3508; x_wconf 81' lang='lat' dir='ltr'>iuberetur,</span> <span class='ocrx_word' id='word_1_208' title='bbox 467 3431 522 3495; x_wconf 89' lang='lat' dir='ltr'>sed</span> <span class='ocrx_word' id='word_1_209' title='bbox 553 3429 635 3512; x_wconf 90' lang='lat' dir='ltr'>qued</span> <span class='ocrx_word' id='word_1_210' title='bbox 655 3447 715 3494; x_wconf 88' lang='lat' dir='ltr'>nen</span> <span class='ocrx_word' id='word_1_211' title='bbox 737 3432 922 3514; x_wconf 83' lang='lat' dir='ltr'>reciperetur</span> <span class='ocrx_word' id='word_1_212' title='bbox 953 3433 984 3497; x_wconf 90' lang='lat' dir='ltr'>et</span> <span class='ocrx_word' id='word_1_213' title='bbox 1005 3433 1085 3514; x_wconf 89' lang='lat' dir='ltr'>qued</span> <span class='ocrx_word' id='word_1_214' title='bbox 1115 3429 1329 3495; x_wconf 84' lang='lat' dir='ltr'>excluderetur</span> 
     </span>
     <span class='ocr_line' id='line_1_31' title="bbox 264 3535 1333 3620; baseline -0.003 -17"><span class='ocrx_word' id='word_1_215' title='bbox 264 3539 415 3620; x_wconf 87' lang='lat' dir='ltr'>apuella.</span> <span class='ocrx_word' id='word_1_216' title='bbox 460 3535 562 3601; x_wconf 80' lang='lat' dir='ltr'>Codex</span> <span class='ocrx_word' id='word_1_217' title='bbox 594 3535 727 3617; x_wconf 88' lang='lat' dir='ltr'>optimus</span> <span class='ocrx_word' id='word_1_218' title='bbox 761 3538 1011 3620; x_wconf 79' lang='lat' dir='ltr'>(Neapolitanus)</span> <span class='ocrx_word' id='word_1_219' title='bbox 1048 3557 1067 3601; x_wconf 93' lang='lat' dir='ltr'>a</span> <span class='ocrx_word' id='word_1_220' title='bbox 1102 3535 1202 3620; x_wconf 88' lang='lat' dir='ltr'>prima</span> <span class='ocrx_word' id='word_1_221' title='bbox 1237 3553 1333 3600; x_wconf 90' lang='lat' dir='ltr'>mauu</span> 
     </span>
     <span class='ocr_line' id='line_1_32' title="bbox 263 3641 731 3709; baseline -0.019 0"><span class='ocrx_word' id='word_1_222' title='bbox 263 3643 359 3709; x_wconf 84' lang='lat' dir='ltr'>habet</span> <span class='ocrx_word' id='word_1_223' title='bbox 380 3642 468 3708; x_wconf 85' lang='lat' dir='ltr'>venit.</span> <span class='ocrx_word' id='word_1_224' title='bbox 512 3641 644 3704; x_wconf 81' lang='lat' dir='ltr'>Fuerat:</span> <span class='ocrx_word' id='word_1_225' title='bbox 728 3659 731 3666; x_wconf 51' lang='lat'><strong>⁴</strong></span> 
     </span>
    </p>
   </div>
   <div class='ocr_carea' id='block_1_5' title="bbox 266 3798 456 3808">
    <p class='ocr_par' dir='ltr' id='par_1_10' title="bbox 266 3798 456 3808">
     <span class='ocr_line' id='line_1_33' title="bbox 266 3798 456 3808; baseline -0.021 -2"><span class='ocrx_word' id='word_1_226' title='bbox 266 3799 325 3808; x_wconf 78' lang='grc'><em>..-....</em></span> <span class='ocrx_word' id='word_1_227' title='bbox 337 3799 414 3806; x_wconf 73' lang='grc'><em>,.-...-</em></span> <span class='ocrx_word' id='word_1_228' title='bbox 433 3798 456 3804; x_wconf 78' lang='grc'>--</span> 
     </span>
    </p>
   </div>
   <div class='ocr_carea' id='block_1_6' title="bbox 295 3887 1332 3962">
    <p class='ocr_par' dir='ltr' id='par_1_11' title="bbox 295 3887 1332 3962">
     <span class='ocr_line' id='line_1_34' title="bbox 295 3887 1332 3962; baseline -0.005 -13"><span class='ocrx_word' id='word_1_229' title='bbox 295 3897 317 3961; x_wconf 75' lang='grc'>1)</span> <span class='ocrx_word' id='word_1_230' title='bbox 338 3893 415 3962; x_wconf 85' lang='lat' dir='ltr'>Quod</span> <span class='ocrx_word' id='word_1_231' title='bbox 433 3892 469 3957; x_wconf 87' lang='grc' dir='ltr'>ΙΙ,</span> <span class='ocrx_word' id='word_1_232' title='bbox 490 3893 522 3946; x_wconf 90' lang='grc'>13</span> <span class='ocrx_word' id='word_1_233' title='bbox 540 3891 603 3958; x_wconf 79' lang='grc' dir='ltr'><strong>(ΠΙ,</strong></span> <span class='ocrx_word' id='word_1_234' title='bbox 622 3891 649 3960; x_wconf 85' lang='grc'>5)</span> <span class='ocrx_word' id='word_1_235' title='bbox 669 3894 703 3946; x_wconf 85' lang='grc'>47</span> <span class='ocrx_word' id='word_1_236' title='bbox 721 3907 792 3948; x_wconf 86' lang='lat' dir='ltr'>nunc</span> <span class='ocrx_word' id='word_1_237' title='bbox 811 3894 914 3948; x_wconf 88' lang='lat' dir='ltr'>editur:</span> <span class='ocrx_word' id='word_1_238' title='bbox 937 3893 983 3945; x_wconf 82' lang='lat' dir='ltr'>Cui</span> <span class='ocrx_word' id='word_1_239' title='bbox 998 3895 1022 3943; x_wconf 76' lang='lat' dir='ltr'>si</span> <span class='ocrx_word' id='word_1_240' title='bbox 1039 3893 1154 3959; x_wconf 76' lang='lat' dir='ltr'>lonqoevae</span> <span class='ocrx_word' id='word_1_241' title='bbox 1172 3891 1233 3957; x_wconf 84' lang='lat' dir='ltr'>cet,</span> <span class='ocrx_word' id='word_1_242' title='bbox 1253 3887 1332 3944; x_wconf 82' lang='lat' dir='ltr'>rideo</span> 
     </span>
    </p>
   </div>
   <div class='ocr_carea' id='block_1_7' title="bbox 335 3981 1455 4060">
    <p class='ocr_par' dir='ltr' id='par_1_12' title="bbox 335 3981 1455 4060">
     <span class='ocr_line' id='line_1_35' title="bbox 335 3981 1455 4060; baseline -0.006 -18"><span class='ocrx_word' id='word_1_243' title='bbox 335 4003 411 4042; x_wconf 80' lang='lat' dir='ltr'>ame</span> <span class='ocrx_word' id='word_1_244' title='bbox 429 3985 492 4040; x_wconf 84' lang='lat' dir='ltr'>cute</span> <span class='ocrx_word' id='word_1_245' title='bbox 510 4000 534 4038; x_wconf 86' lang='lat' dir='ltr'>a.</span> <span class='ocrx_word' id='word_1_246' title='bbox 554 3987 623 4040; x_wconf 83' lang='lat'>1840</span> <span class='ocrx_word' id='word_1_247' title='bbox 640 3988 812 4050; x_wconf 83' lang='lat' dir='ltr'>annotatum,</span> <span class='ocrx_word' id='word_1_248' title='bbox 844 3986 956 4041; x_wconf 86' lang='lat' dir='ltr'>etitem</span> <span class='ocrx_word' id='word_1_249' title='bbox 973 3983 1045 4054; x_wconf 88' lang='lat' dir='ltr'>quod</span> <span class='ocrx_word' id='word_1_250' title='bbox 1062 3983 1106 4037; x_wconf 90' lang='grc' dir='ltr'>ΙΙΙ</span> <span class='ocrx_word' id='word_1_251' title='bbox 1125 3982 1198 4050; x_wconf 84' lang='lat' dir='ltr'>(IV),</span> <span class='ocrx_word' id='word_1_252' title='bbox 1230 3985 1266 4038; x_wconf 79' lang='lat'>20</span> <span class='ocrx_word' id='word_1_253' title='bbox 1284 3981 1332 4052; x_wconf 79' lang='lat' dir='ltr'>(al.</span> <span class='ocrx_word' id='word_1_254' title='bbox 1454 3999 1455 4060; x_wconf 64' lang='grc' dir='ltr'>ι</span> 
     </span>
    </p>
   </div>
   <div class='ocr_carea' id='block_1_8' title="bbox 336 4081 1031 4148">
    <p class='ocr_par' dir='ltr' id='par_1_13' title="bbox 336 4081 1031 4148">
     <span class='ocr_line' id='line_1_36' title="bbox 336 4081 1031 4148; baseline -0.012 -12"><span class='ocrx_word' id='word_1_255' title='bbox 336 4084 390 4144; x_wconf 67' lang='grc' dir='ltr'><strong>19Ι,</strong></span> <span class='ocrx_word' id='word_1_256' title='bbox 409 4081 442 4134; x_wconf 81' lang='lat'>4:</span> <span class='ocrx_word' id='word_1_257' title='bbox 482 4081 592 4147; x_wconf 66' lang='lat' dir='ltr'>Tenesne,</span> <span class='ocrx_word' id='word_1_258' title='bbox 612 4093 637 4132; x_wconf 83' lang='grc' dir='ltr'>ιιι</span> <span class='ocrx_word' id='word_1_259' title='bbox 655 4082 772 4142; x_wconf 79' lang='lat' dir='ltr'>lacrimas,</span> <span class='ocrx_word' id='word_1_260' title='bbox 791 4081 880 4148; x_wconf 76' lang='lat' dir='ltr'>Africa</span> <span class='ocrx_word' id='word_1_261' title='bbox 899 4090 948 4130; x_wconf 80' lang='lat' dir='ltr'>tcta</span> <span class='ocrx_word' id='word_1_262' title='bbox 958 4081 1031 4145; x_wconf 75' lang='lat' dir='ltr'>suit?</span> 
     </span>
    </p>
   </div>
   <div class='ocr_carea' id='block_1_9' title="bbox 0 0 1474 4630">
    <p class='ocr_par' dir='ltr' id='par_1_14' title="bbox 0 0 1474 4630">
     <span class='ocr_line' id='line_1_37' title="bbox 0 0 1474 4630; baseline 0 0"><span class='ocrx_word' id='word_1_263' title='bbox 0 0 1474 4630; x_wconf 95' lang='lat' dir='ltr'> </span> 
     </span>
    </p>
   </div>
  </div>
 </body>
</html>
