3000 4638
515 308 546 364 L.
567 307 666 364 Seneca
684 309 717 364 de
735 311 843 380 bonon.
862 309 955 365 animi.
1158 311 1219 376 379

196 506 312 573 tionem
336 505 478 591 reperire,
516 505 596 590 qnod
617 507 649 574 in
671 509 728 574 boc
749 528 809 575 uno
830 509 969 575 membro
991 509 1165 576 bninsmcdi
1187 530 1262 577 con-

197 611 277 678 dicio
316 614 371 678 ent
402 614 558 679 concessio
591 610 729 689 additur,
761 612 864 678 cetera
894 615 1073 699 simpliciter
1104 619 1258 701 ponuntur

198 719 488 796 (continentiam
533 735 687 802 angere,
728 717 917 785 luxuriam
961 739 1138 788 coercere
1171 725 1257 800 cet).

198 823 344 908 Suspicor
378 825 483 892 tamen
519 824 564 890 sic
598 823 746 906 seriptum
783 823 891 890 fuisse:
929 825 1085 892 etiamsi
1122 827 1258 892 multoe

196 929 357 1015 pudebit
399 928 530 1015 templi
565 931 660 1002 einr,
703 929 773 994 lusu
808 929 900 996 ducto
935 950 971 996 ex
1007 933 1125 1000 colendi
1160 936 1260 1002 uerbo.

199 1035 287 1116 Quod
309 1037 463 1120 seqnitur:
498 1036 659 1100 animum
685 1035 722 1100 in
754 1035 884 1100 futura
906 1037 1133 1102 eminentem
1155 1039 1263 1106 velut

197 1141 265 1206 snb
278 1141 449 1207 vinculis
462 1141 609 1215 babere,
622 1140 672 1206 vix
690 1139 878 1224 deripotcst,
894 1143 1001 1207 utnon
1013 1144 1262 1207 imminentem

197 1245 314 1312 Seneca
324 1246 490 1330 scripserit
502 1247 803 1332 Mox§3necessario
813 1250 883 1332 post
892 1250 1065 1333 generalem
1075 1252 1261 1317 sententiam

196 1353 236 1418 de
258 1353 483 1420 calamitatibus
507 1354 662 1420 interdum
684 1353 812 1419 utilibus
834 1354 866 1418 in
889 1353 989 1420 verbis
1012 1358 1150 1422 sanata
1172 1358 1262 1422 sunt

196 1457 395 1526 terminatam
418 1479 495 1526 nova
516 1459 654 1526 nascitur
675 1459 827 1526 sententia
849 1459 889 1524 ad
910 1461 1005 1526 animi
1027 1462 1260 1546 castigationem
1304 1503 1312 1518 ·

196 1567 356 1647 spectans:
400 1565 471 1632 Ubi
502 1585 632 1650 parurn
665 1565 773 1630 audit
799 1568 989 1651 precepta
1017 1569 1165 1634 animus
1192 1587 1261 1632 nec

174 1671 327 1735 curari
358 1671 515 1738 mollius
547 1676 692 1760 potest,
728 1675 862 1759 quidni
894 1674 1127 1752 consulitur,
1160 1674 1192 1739 si
1227 1672 1262 1738 ei

197 1775 297 1852 (codd.
320 1777 353 1842 si
376 1780 426 1856 et)
449 1783 675 1863 paupertas,
708 1781 941 1866 ignominia,
962 1799 1087 1846 rernm
1111 1778 1261 1846 eversio

196 1879 426 1948 adhibetur?
475 1883 534 1950 Sed
562 1886 595 1950 in
631 1887 689 1953 hac
719 1887 932 1953 affirmationis
965 1906 1020 1970 per
1050 1884 1260 1969 interrogandi

197 1988 333 2069 speciem
354 1987 454 2055 torma
477 1995 621 2059 constans
655 1995 687 2060 et
706 1993 848 2077 frequens
877 1997 908 2057 ct
929 1993 1058 2058 eliorum
1081 1993 1113 2056 et
1134 1990 1259 2059 Senecae

196 2113 270 2160 usus
292 2095 519 2162 coniunctiuum
551 2100 688 2181 postulat
720 2101 770 2180 (de
799 2120 827 2165 v.
857 2099 939 2166 beat.
964 2098 1011 2169 16,
1047 2097 1077 2172 3,
1109 2097 1147 2162 de
1175 2097 1260 2161 brev.

196 2199 251 2267 uit.
281 2203 330 2282 11,
353 2201 381 2276 2,
406 2201 445 2268 dc
466 2203 565 2269 bonel.
589 2205 625 2280 V,
647 2206 676 2269 5.
699 2205 718 2269 3
741 2209 773 2273 et
796 2207 831 2285 6,
858 2207 874 2268 1
898 2207 930 2271 et
951 2205 1002 2282 25,
1026 2205 1055 2280 2,
1076 2203 1133 2280 Vl,
1157 2203 1206 2280 19,
1231 2201 1260 2278 2,

195 2307 267 2384 VII,
289 2307 340 2390 25,
363 2307 392 2386 2,
418 2310 506 2393 epist.
530 2309 559 2383 6,
584 2313 599 2374 l
624 2314 656 2380 et
678 2309 718 2389 3,
750 2315 830 2392 cet).
875 2313 1010 2395 ltaque·
1027 2309 1054 2375 si
1076 2308 1153 2374 nihil
1175 2305 1260 2373 aliud

196 2413 304 2479 subest
326 2413 440 2492 mendi,
462 2415 657 2483 scribendum
680 2420 729 2484 est
751 2419 985 2482 consclatur.
1029 2417 1125 2494 (Nam
1158 2416 1262 2499 potest

194 2519 306 2586 inisse:
330 2519 462 2604 quidni
483 2524 706 2589 consulatur
726 2525 879 2598 durius?
912 2527 949 2588 et
971 2522 1200 2595 consulitur,
1229 2519 1261 2586 si

195 2625 280 2704 oet).
324 2626 406 2692 Illud
427 2628 546 2694 eertum
567 2631 625 2707 est,
647 2630 738 2713 paulo
759 2632 829 2714 post
847 2647 881 2694 ex
903 2631 933 2694 A
955 2627 1149 2694 scribendum
1174 2644 1259 2691 esse:

193 2729 476 2800 Adsuescamus
510 2753 597 2821 ergo
630 2755 765 2802 cenare
796 2754 906 2820 posse
937 2734 1021 2798 sine
1053 2731 1194 2817 populo
1221 2733 1260 2796 et

194 2837 321 2902 servis
352 2840 598 2919 paucioribus
630 2844 770 2906 servire
803 2843 842 2907 et
878 2841 1007 2907 uestes
1034 2855 1185 2921 parare,
1220 2838 1258 2902 in

195 2941 293 3024 qnod
327 2942 495 3010 invente
521 2948 624 3021 sunt,
647 2947 699 3012 ubi
721 2948 821 3013 editur
842 2946 996 3022 serviri,
1028 2944 1156 3010 barbare
1181 2950 1258 3021 (cer-

194 3047 262 3110 cior
294 3066 348 3132 pro
381 3068 433 3128 eo,
467 3052 546 3134 qnod
568 3055 629 3119 est:
663 3053 853 3115 minneretur·
874 3051 972 3130 mdc).
1012 3049 1112 3116 Acute
1146 3050 1255 3116 ludens

194 3151 309 3220 Senem
330 3155 483 3239 significat
508 3157 592 3240 ipsos
620 3158 761 3225 dominos
789 3159 903 3225 servire
925 3157 1031 3232 servis,
1069 3157 1178 3240 quibus
1201 3175 1256 3221 ca-

192 3277 260 3326 rere
281 3265 432 3346 nequeant
456 3265 488 3329 et
509 3282 637 3346 quorum
660 3265 785 3330 delicias
807 3265 916 3332 ferant
966 3265 983 3348 ξ
1006 3265 1036 3339 5,
1061 3264 1115 3328 nbi
1136 3261 1255 3328 codices

191 3364 322 3432 habent:
355 3368 462 3434 sient
484 3371 520 3434 ct
541 3370 691 3447 Livius,
724 3370 873 3437 editiones
895 3372 967 3436 ante
988 3370 1164 3436 Fickertum
1185 3387 1256 3452 par·

192 3470 320 3538 ticnlam
340 3474 568 3542 incommodam
590 3477 747 3554 omittunt,
775 3477 969 3542 scribendum
993 3478 1056 3540 est:
1095 3476 1197 3542 sicut
1218 3474 1254 3538 Τ.

190 3577 334 3644 Livius.
378 3581 457 3646 Tum
483 3582 563 3666 quod
585 3584 617 3648 et
647 3583 678 3647 in
701 3582 855 3648 codicibus
878 3584 979 3648 estet
1001 3582 1117 3648 editur:
1150 3582 1257 3646 sicut

184 3684 404 3772 plerisque,
440 3687 590 3771 ignaris
632 3687 744 3752 etiam
782 3687 984 3754 servilium
1017 3689 1253 3761 litterarum,

191 3787 294 3856 librix
318 3810 390 3857 non
424 3793 641 3859 studiorum
673 3793 952 3869 instrumente,
984 3795 1051 3861 sed
1079 3793 1255 3860 cenatio·

191 3915 280 3962 num
301 3903 524 3966 ornamenta
546 3903 652 3978 sunt,
685 3898 776 3963 nullae
798 3901 887 3966 erant
907 3902 1032 3968 serviles
1053 3902 1177 3979 litterae,
1200 3917 1254 3964 ne·

191 4001 266 4068 dnm
298 4003 430 4070 dominis
462 4005 664 4072 addiscendae.
727 4004 880 4088 Scriptum
916 4007 976 4074 fuit
1007 4008 1096 4073 olim:
1139 4007 1255 4072 etiam

186 4107 393 4192 puerilium
412 4109 646 4176 litterarum.
688 4110 708 4197 ξ
731 4111 750 4174 6
774 4131 809 4178 ex
835 4131 881 4187 eo,
919 4114 999 4196 qnod
1030 4115 1063 4178 in
1096 4111 1249 4180 codicibus
