3018 4634
305 301 366 365 242
582 307 586 312 ’
665 296 928 369 nib.vl1.c·p11.

262 501 379 577 titur,
400 503 443 567 ut
464 517 534 565 non
556 516 627 565 suo
648 497 816 583 quidque
840 515 979 582 genero
1007 497 1060 563 sit
1082 457 1178 574 tale,
1214 498 1333 583 quale

263 609 340 686 est,
374 626 444 673 nec
482 605 536 672 sit
571 605 609 670 in
649 604 795 672 duobus
830 605 898 670 aut
929 603 1110 686 pluribus
1142 603 1254 670 nulla
1287 622 1331 670 re

263 711 458 778 differens
479 711 560 778 ulla
581 709 864 778 communitas?
894 713 939 777 nt
970 709 1045 777 sibi
1080 710 1162 776 sint
1191 711 1229 776 et
1257 727 1329 778 ova

263 837 421 884 ovorum
452 819 491 884 et
511 835 600 901 apes
630 815 760 901 apium
781 815 1002 882 simillimae.
1059 814 1160 896 Quid
1181 833 1332 900 pugnas
1477 884 1480 892 ,

261 925 407 1010 igitur?
428 927 485 992 cet
539 921 637 988 Miror
662 922 797 1007 primum
827 921 988 988 Baiterum
1021 921 1054 987 in
1075 921 1173 988 altera
1193 921 1327 990 editione

262 1033 367 1096 vetere
390 1030 534 1097 Lambini
563 1039 663 1096 errorc
685 1027 848 1112 deceptum
870 1045 948 1106 esse,
980 1027 1016 1094 ut
1045 1027 1193 1094 scriberet
1219 1027 1329 1094 nulla

263 1137 535 1214 communitas,
557 1153 628 1200 cum
650 1134 804 1211 inpriore
826 1151 933 1200 uerum
954 1133 1122 1216 tenuisset,
1145 1132 1255 1218 positis
1278 1133 1331 1213 iis,

185 1315 192 1328 ‚
262 1261 329 1326 quoe
361 1261 418 1328 ego
451 1242 630 1310 adolescens
659 1241 742 1306 recte
775 1239 894 1322 scripsi
944 1239 972 1305 Ii
1002 1239 1096 1317 enim,
1126 1257 1256 1324 quorum
1278 1241 1330 1308 bic

264 1349 418 1415 sententia
439 1347 623 1420 detenditur,
659 1345 883 1413 contendebant
903 1364 970 1412 sno
990 1345 1161 1430 quidque
1181 1365 1330 1430 genere

263 1453 465 1531 crucicle,
487 1454 602 1538 quale
624 1455 746 1531 esset,
782 1470 849 1518 uec
869 1470 959 1518 esse
989 1453 1027 1518 iu
1050 1452 1197 1518 duobus
1219 1452 1329 1518 nulla

261 1577 300 1624 re
344 1559 595 1624 differentem
643 1559 765 1625 ullam
807 1559 1141 1626 communitatem.
1215 1559 1327 1644 Ituque

262 1665 410 1749 sequitur,
431 1667 467 1731 ut
488 1664 603 1741 dicent,
635 1666 778 1732 naturam
800 1683 860 1730 non
882 1663 957 1748 pati,
978 1665 1095 1730 utnon
1116 1665 1162 1730 ita
1183 1665 1235 1745 sit,
1256 1683 1328 1748 per·

262 1771 402 1855 timetque
422 1771 523 1854 prima
543 1770 599 1835 ille
621 1772 743 1856 negatio
768 1773 809 1838 ut
839 1791 915 1840 non
943 1769 984 1835 ad
1014 1770 1118 1837 totum
1138 1769 1220 1838 bunc
1241 1789 1327 1836 com·

248 1873 385 1958 'plerum
408 1876 570 1942 sententis
593 1893 629 1942 er
650 1874 838 1942 uffbmativo
857 1876 998 1944 membro
1026 1877 1059 1942 et
1079 1877 1224 1962 negativo
1247 1881 1328 1958 (uec

263 1982 380 2049 sic-
402 1983 495 2059 ulla)
517 1982 719 2048 constantem.
771 1981 891 2048 Deinde
925 1983 1031 2050 aniene
1051 1984 1118 2048 iure
1138 1983 1274 2050 inuretur
1293 1982 1326 2048 iu

262 2088 325 2154 illis
360 2089 401 2154 ut
428 2088 509 2154 sibi
536 2087 632 2163 siut;
668 2085 724 2153 sed
755 2085 835 2169 quod
869 2087 1012 2154 Baiterus
1048 2089 1144 2154 aW.
1176 2089 1329 2154 Muellero

261 2191 421 2277 sumptum
453 2194 555 2276 posuit
587 2195 628 2258 ut
661 2192 695 2259 si
727 2191 809 2258 sint
841 2195 882 2262 et
914 2213 985 2261 ovo
1017 2194 1329 2276 consentionem

262 2299 464 2382 disputationi
485 2299 672 2366 centrarium
695 2301 758 2375 est;
785 2317 885 2384 neque
911 2301 995 2368 cuim
1016 2301 1076 2368 hoc
1096 2301 1245 2384 tanquam
1267 2299 1326 2366 iat·

263 2424 333 2470 sum
355 2407 550 2488 comparator
581 2409 614 2472 et
643 2406 774 2490 exempli
801 2425 895 2473 causa
918 2405 1057 2486 additur,
1090 2407 1146 2474 sed
1167 2406 1328 2474 sindilima

264 2529 322 2578 ova
343 2531 481 2590 ovorum,
503 2531 577 2595 apes
599 2512 703 2594 apium
725 2531 804 2589 esse,
825 2529 950 2597 prorsus
974 2513 1165 2591 conceditur,
1197 2513 1327 2597 negetur

209 2697 217 2713 Ι
265 2621 369 2684 autem
392 2617 555 2703 quicquam
577 2617 648 2682 inde
667 2617 765 2694 adid,
786 2617 825 2684 de
835 2637 895 2703 quo
908 2618 1030 2702 agatur,
1049 2618 1221 2703 argumenti
1232 2619 1326 2686 nasci.

263 2726 372 2810 ltaque
393 2724 565 2791 rectissime
587 2742 641 2806 por
662 2742 695 2790 se
717 2724 773 2791 boo
796 2725 919 2809 ponitur
940 2724 1194 2808 concediturque:
1238 2723 1329 2809 Sint

263 2835 301 2898 et
322 2850 392 2898 ova
417 2849 580 2896 ovorum
608 2831 645 2896 et
671 2849 761 2915 apes
788 2831 914 2914 apium
947 2830 1178 2911 simillimae,
1216 2831 1327 2916 quibus

262 2957 309 3014 ea,
346 2957 413 3022 quae
446 2937 630 3020 sequnntur,
660 2937 874 3004 annectuntur.
932 2935 1158 3022 Relinquantur
1192 2935 1247 3003 illa
1285 2937 1328 3002 ut

262 3043 355 3120 sibi,
387 3041 555 3125 exquibus
577 3040 716 3119 edicitur,
739 3042 820 3126 quod
842 3043 1000 3127 superiora
1022 3042 1106 3110 recte
1129 3046 1161 3110 et
1182 3043 1253 3129 apte
1275 3062 1328 3111 er·

262 3149 364 3234 pleat:
397 3149 482 3214 nlla
515 3149 767 3214 commonitas
803 3150 884 3218 cisi.
925 3149 994 3218 Hoc
1015 3150 1099 3216 enim
1118 3151 1221 3236 ipsum
1243 3169 1327 3234 qnae·

262 3255 362 3330 ritus,
397 3254 557 3337 possintne
595 3254 663 3320 duee
705 3255 847 3338 pluresve
882 3275 932 3324 res
967 3256 1070 3325 visum
1103 3257 1326 3343 (φαντασίαν)

262 3360 349 3427 nulle
369 3380 403 3426 rc
424 3360 570 3426 differens
591 3361 727 3444 praebore
748 3379 971 3447 communeque
993 3363 1114 3430 babere.

362 3466 408 3532 lte
429 3468 497 3534 nat.
525 3467 616 3535 deor.
644 3463 695 3543 11,
723 3467 782 3532 26:
820 3486 926 3552 oquae
962 3469 1082 3535 etium
1114 3468 1326 3535 admixtum

263 3591 350 3641 esse
372 3575 541 3640 calorem
562 3574 726 3657 primum
759 3574 842 3658 ipse
863 3575 996 3659 liquor
1017 3594 1122 3660 aquae
1145 3574 1327 3640 declaret

263 3680 418 3747 effusio.
461 3678 514 3746 Sic
546 3681 665 3748 codices
697 3681 905 3766 antiquissimi
926 3679 1044 3760 (qu
1066 3679 1194 3758 Baiteri,
1216 3699 1235 3746 a
1257 3679 1326 3763 qui-

262 3789 321 3853 bus
334 3807 440 3872 reapse
452 3805 513 3854 non
528 3785 705 3854 dissentitO
720 3786 786 3869 (H),
797 3787 829 3852 iu
845 3806 904 3872 quo
914 3787 962 3853 est
979 3786 1139 3853 dederat
1161 3785 1326 3864 effusio),

263 3896 355 3977 atque
378 3893 450 3960 hino
470 3895 545 3961 nata
566 3893 746 3979 corrigendo
778 3911 846 3962 esso
877 3895 1076 3978 perspicuum
1109 3894 1172 3968 ost,
1205 3889 1324 3976 quaein

262 4000 374 4068 ceteris
397 4002 479 4078 sunt,
501 3983 676 4066 declarat
710 3999 858 4079 effusae,
892 4001 922 4066 d.
958 3999 1195 4083 effusioque,
1225 3998 1257 4063 d.
1285 3997 1326 4062 et

262 4104 417 4171 effusio.
463 4105 592 4172 Prorsus
613 4106 858 4189 improbabiliter
879 4106 1063 4173 vocubuinm
1090 4105 1219 4184 tollitur,
1246 4121 1325 4186 prae·
