3018 4634
570 287 685 346 Confi!
702 287 827 347 addi
1129 288 1191 352 255

167 487 250 554 eins
265 487 347 573 iugi
361 505 478 570 prope
492 506 647 572 nquam,
669 488 743 555 sed
757 488 946 574 silvestro
959 491 998 554 et
1011 493 1232 576 angustum,

166 593 219 661 nbi
240 593 331 662 alteri
351 593 475 661 ultime:
513 592 582 659 sed
613 594 711 662 buno
731 594 958 662 silvestrem
990 596 1028 662 ot
1059 603 1166 682 angl,
1190 597 1231 662 58

165 700 392 784 (profeotia
413 700 575 785 palude,
597 701 682 770 meli.
705 702 910 786 prospoota
931 701 1087 785 palude,
1115 719 1152 768 ex
1173 721 1232 787 quo

166 807 331 874 infeliciter
351 805 557 891 Nipperdeiue
588 807 664 875 feeit
695 807 874 891 prolaeta
895 807 1053 891 pal-ndo,
1085 809 1174 893 quasi
1194 809 1233 876 de

165 912 337 981 obiiciendo
358 913 548 980 munimento
563 916 715 1000 prodicere
735 929 866 998 nsquam
888 913 1024 993 dieutnr,
1056 933 1112 981 noo
1133 916 1232 981 multo

167 1017 287 1084 felioim
308 1017 513 1086 Hoffmannne
534 1021 719 1105 presenti
752 1018 928 1104 palude),
966 1019 1007 1082 74
1028 1033 1150 1103 (pares
1176 1040 1232 1104 pro

165 1124 267 1207 pari,
289 1123 356 1208 ipso
377 1126 525 1209 sequente
545 1125 751 1210 Nipperdeio,
786 1125 846 1192 nisi
865 1126 947 1211 qued
968 1126 1077 1211 paria
1099 1126 1231 1207 scribit),

166 1229 207 1293 75
229 1231 384 1315 (edique
405 1231 580 1312 ciuitati,
609 1232 694 1298 moll.
717 1233 855 1316 auique
878 1251 920 1298 en
941 1232 1128 1306 ciuitate,
1151 1231 1232 1315 qnod

166 1336 314 1403 uiolenter
334 1339 367 1404 et
387 1357 529 1422 peruerse
549 1338 755 1422 Nipperdoius
790 1337 926 1422 eniqne
962 1337 1106 1422 populo
1141 1354 1232 1402 enar·

166 1444 226 1522 rat,
262 1443 437 1512 abundante
470 1444 598 1512 mirilioe
630 1443 684 1511 illo
705 1445 960 1524 eneivitate),
990 1442 1077 1523 Vlll,
1109 1443 1233 1526 b(op-

165 1547 259 1633 uida
280 1549 512 1628 amiserant,
540 1551 623 1618 mell.
646 1550 792 1634 oppida
814 1549 1069 1628 dimiserant,
1092 1549 1173 1634 qnod
1195 1567 1231 1615 ex

123 1723 128 1736 ,
165 1654 508 1740 oppidamieerant
537 1675 595 1722 non
627 1657 712 1722 reete
744 1655 921 1740 eorrigeundo
943 1657 1053 1724 'omum
1087 1659 1157 1735 est),
1192 1657 1234 1720 10

166 1760 341 1842 (barbmi
362 1760 626 1840 inflabantur,
649 1762 730 1846 quod
751 1779 822 1828 onm
844 1761 987 1828 similiter
1008 1763 1123 1830 taotnm
1145 1763 1229 1829 esset

164 1866 197 1932 in
229 1867 391 1934 maliomm
421 1867 585 1954 arobotypo
606 1868 773 1936 remotiore
805 1868 1231 1948 berburinstabantnr,

165 1975 273 2042 natum
299 1975 456 2042 barbani
486 1978 746 2052 nitebantur),
781 1975 821 2040 12
844 1975 909 2054 (nbi
938 1975 971 2042 bi
1007 1973 1127 2040 oodtoes
1161 1974 1232 2057 plns

164 2081 273 2150 deeom
294 2101 401 2150 uersus
423 2085 585 2150 sanarunt
604 2084 636 2148 in
657 2083 765 2148 alteris
792 2083 940 2159 omissos,
975 2099 1047 2147 eam
1068 2079 1229 2164 archetypi

164 2188 308 2255 librarius
331 2189 508 2256 oolnmnam
526 2189 761 2269 transiluisset),
785 2188 824 2252 lb
847 2186 924 2268 (obi
945 2187 1230 2264 consederant3

165 2295 249 2363 mall.
272 2297 315 2360 ut
337 2298 650 2376 consueuerant,
684 2314 742 2379 qno
769 2297 891 2378 reoepto
914 2294 999 2379 origo
1022 2291 1228 2360 additamenti

164 2401 293 2468 subiecti
325 2419 392 2467 non
415 2400 608 2486 intelligitur,
630 2401 772 2486 qnodque
802 2402 905 2486 ipsum
935 2403 1040 2469 temen
1072 2399 1139 2466 sine
1170 2399 1230 2464 boo

165 2505 385 2585 additamento,
419 2508 499 2592 quod
521 2507 727 2592 Nipperdeine
757 2527 826 2574 oum
856 2508 966 2576 esteris
991 2508 1058 2573 lure
1090 2504 1229 2583 damnat,

163 2611 297 2698 intelligi
318 2615 453 2698 nequit),
487 2615 527 2679 29
550 2615 725 2698 (timore,
760 2614 828 2696 ipso
848 2612 1034 2697 Nipperdeio
1056 2609 1230 2692 detmieqne

164 2718 380 2802 probantibns3
417 2721 501 2790 mall.
523 2724 732 2805 tompore),
752 2719 795 2782 42
816 2720 886 2802 (ita
917 2734 1028 2803 onam
1060 2715 1231 2801 quisque

164 2825 339 2906 poteret,
362 2829 527 2894 maxime
548 2826 723 2912 insignis
751 2874 760 2892 .
783 2875 792 2893 .
815 2874 824 2892 .
851 2825 947 2892 telle
967 2823 1143 2890 boetium

164 2947 206 2996 se
227 2931 433 3012 offerebat,
456 2952 524 3018 qnae
545 2936 627 3000 reete
639 2933 820 3000 Dnebnerus
842 2932 980 3009 enmrat3
1001 2931 1033 2996 in
1049 2927 1229 2996 melioribus

164 3037 277 3104 excidit
305 3058 415 3124 quam
442 3043 515 3107 ante
547 3040 736 3124 quisque),
771 3039 813 3104 50
847 3042 899 3118 (ot
927 3033 1232 3105 nenessitndiue

164 3144 402 3232 legationis3
446 3165 482 3212 en
524 3147 678 3232 legatione
714 3147 747 3212 et
782 3147 937 3229 quaestus
968 3142 1053 3228 nond
1093 3141 1228 3224 aliquem

164 3253 252 3338 gesta
294 3253 540 3318 neemettudiaem
582 3253 688 3329 nasei,
730 3270 766 3318 ex
814 3251 961 3318 Cicerone
1004 3248 1113 3314 notum
1165 3246 1230 3321 ost;

165 3361 345 3426 emerendo
378 3359 455 3425 nibil
490 3363 538 3426 eet
569 3359 645 3438 nisi,
680 3377 747 3442 quae
780 3358 844 3424 iam
866 3354 1024 3423 nominata
1045 3355 1103 3432 est,
1135 3351 1229 3418 lami·

148 3467 283 3534 limitas
304 3466 431 3550 privatur
451 3465 548 3543 vitet·
583 3465 630 3531 Ne
652 3465 720 3549 quis
742 3465 848 3530 autem
868 3461 995 3528 meliora
1017 3458 1141 3544 quidem
1163 3459 1230 3524 haee

164 3589 231 3640 osso
252 3574 352 3656 putet,
377 3572 432 3638 sed
453 3572 628 3638 eonieotnra
649 3573 732 3649 nata,
763 3572 800 3634 'et
831 3587 869 3634 ee
902 3565 1075 3650 probibent,
1104 3583 1171 3648 qun
1195 3564 1228 3630 in

164 3680 342 3747 melioribus
364 3679 518 3746 oodioibns
540 3677 654 3744 omissa
674 3677 725 3743 hio
738 3678 861 3742 servata
876 3674 947 3740 sunt
961 3669 1046 3752 (VII,
1070 3671 1121 3749 12,
1142 3670 1232 3745 VIII,

167 3784 229 3867 12),
252 3789 284 3853 et
304 3805 341 3852 en
361 3785 488 3869 reliquia
510 3803 570 3851 non
592 3802 690 3868 panea
710 3782 757 3848 illi
778 3779 943 3864 suspicioni
963 3778 1144 3863 repugnant.

263 3891 302 3971 V,
323 3891 384 3958 30:
406 3892 447 3958 hi
469 3890 644 3978 sapient3
666 3889 699 3956 si
720 3887 882 3973 grauius
905 3880 1229 3971 qnidaooidorit,

164 3999 233 4066 abs
254 4001 293 4064 te
314 3998 514 4065 rationem
535 3997 752 4079 reposcent.
807 3995 915 4078 Inepte
936 4009 991 4075 per
1013 4009 1047 4058 se
1069 3988 1128 4056 hoo
1148 4005 1230 4070 prae-
