2918 4636
607 261 727 319 Ovidius.

287 464 402 528 limati.
427 482 441 528 s
463 479 591 544 propere
614 461 712 526 saeris
731 479 900 544 ausumque
923 459 1042 543 capillis

239 573 463 744 Laffitgdnus
500 673 593 738 hoba
631 673 741 734 dieentes
785 673 817 737 ab
858 673 970 755 (secie)
1014 673 1202 758 laurumque.

138 785 219 848 Hinc
242 781 322 847 effici
344 781 481 846 videtur:

289 889 338 952 Ile
362 887 425 967 (sal
446 889 502 968 est)
526 901 654 967 propere
676 905 697 944 e
718 884 813 948 sacris
838 884 1018 968 laurumque
1040 887 1158 968 capillis

311 1011 360 1057 om
396 1043 402 1057 .

239 1013 347 1182 Negas
361 996 450 1163 ῗηίω
473 1087 579 1180 apium
602 1096 757 1192 participii
780 1095 947 1160 ablativum
976 1098 1113 1176 (abiectis
1132 1120 1206 1181 pro-

133 1227 209 1291 pere
231 1206 343 1287 sacru)
366 1204 405 1270 ad
426 1203 547 1268 l'ticras
570 1203 602 1265 el
623 1219 746 1266 versum
768 1203 994 1267 accommodari
1015 1222 1103 1286 posse
1122 1207 1206 1287 pulo.

240 1311 295 1388 VI,
319 1310 381 1374 233
404 1330 419 1376 e
443 1309 598 1374 codicibus
621 1307 815 1372 scribendum
838 1309 899 1371 esi:

294 1417 421 1484 carbasa
442 1415 559 1476 diducit
591 1419 660 1496 (pro
683 1413 827 1494 dedomo),
863 1433 902 1479 nc
923 1432 983 1496 qua
1005 1415 1081 1480 levis
1103 1416 1208 1482 efflusi

974 1539 1057 1588 aura.

242 1631 311 1696 Non
334 1627 435 1710 agitur
457 1625 494 1690 de
516 1627 593 1691 velis
615 1625 841 1700 contrahendis,
865 1626 920 1690 sed
942 1615 979 1692 de
1001 1627 1050 1705 iis,
1075 1628 1207 1713 nequid
1318 1608 1324 1618 ’

143 1753 224 1800 aurae
247 1736 362 1815 pereat,
385 1731 570 1814 explicandis
592 1735 624 1797 ab
644 1734 676 1796 in
697 1733 795 1797 latera
817 1732 1021 1800 subrahendis.

242 1840 297 1912 Vl,
319 1837 392 1911 488,
415 1836 494 1900 489:

148 1951 153 1957 '
294 1943 427 2028 Regulos
450 1943 547 2024 epula
569 1941 684 2007 mensis
707 1949 738 2006 ei
759 1944 900 2010 Bsecbus
919 1945 953 2009 in
976 1963 1048 2009 auro

293 2051 432 2132 poniiur;
455 2050 526 2113 hinc
547 2039 665 2130 placido
688 2048 799 2114 dantur
821 2072 876 2117 sua
898 2069 1024 2135 corpora
1046 2070 1164 2116 somno.

243 2158 423 2229 Barbarum,
456 2159 491 2220 ui
523 2153 604 2237 quod
635 2156 780 2232 maxime,
811 2180 868 2218 suc
901 2175 954 2240 pro
984 2179 1096 2233 cocum,
1130 2159 1209 2242 quod

142 2265 291 2348 praeicrea
312 2264 413 2328 bobum
436 2259 581 2326 abundat.
625 2260 723 2326 Credo
749 2263 894 2347 scriplum
919 2264 993 2328 olim
1015 2264 1124 2330 fuisse:

293 2369 365 2434 binc
388 2367 509 2449 placido
534 2366 609 2432 dani
631 2367 754 2451 torpedo
777 2387 902 2450 corpora
924 2387 1038 2444 somno,

143 2479 198 2542 hoc
221 2479 279 2553 esi,
303 2475 370 2540 cibo
393 2473 526 2556 vinoque
548 2473 685 2556 implebe.

179 2665 182 2670 Δ
244 2581 315 2654 vll,
340 2578 399 2643 186
421 2579 501 2663 quod
522 2579 553 2644 in
576 2579 710 2662 antiquis
732 2580 887 2647 codicibus
910 2580 1067 2645 scribitur:

390 2687 392 2691 ’
546 2685 695 2749 Homines
717 2683 915 2765 volucresque
938 2683 1077 2767 ferasque
1188 2710 1190 2714 ·

295 2790 429 2858 solverat
451 2792 514 2856 alla
536 2791 621 2874 quies
644 2789 727 2854 nullo
753 2807 823 2854 cum
846 2809 1001 2854 murmure
1023 2809 1110 2873 sepes
1162 2800 1164 2804 '

296 2898 491 2979 immoiaeque
514 2896 606 2962 sileni
630 2896 762 2968 frondes,

146 3003 177 3068 id
198 3005 260 3068 iam
282 3005 315 3067 in
341 3001 542 3068 deterioribus
565 3003 716 3068 codicibus
741 3001 912 3068 rectissime
935 3003 1129 3071 emendatum
1153 2987 1209 3083 esi,

149 3110 201 3191 sed
223 3111 341 3174 adiecto
365 3108 487 3174 aliunde
509 3127 599 3174 versu
621 3108 739 3191 spurio:

192 3201 196 3209 ¹
549 3215 699 3280 Homines
721 3215 917 3296 volucresque
938 3212 1078 3297 ferasque

298 3322 435 3388 solverat
456 3323 520 3387 alla
542 3323 626 3405 quies
648 3320 732 3384 nullo
758 3339 825 3384 cum
849 3338 1004 3385 murmure
1026 3343 1154 3406 semeae,

297 3429 495 3509 immotaque
518 3426 609 3490 sileni
632 3425 775 3490 frondes·
1068 3407 1071 3412 ¹

149 3536 255 3600 Tacite
278 3534 373 3616 serpit
395 3533 488 3615 quies.
753 3517 755 3521 ⁸

249 3640 317 3715 vll,
343 3638 402 3700 194
425 3654 506 3720 sqq:

233 3747 341 3829 Tuque
363 3744 477 3826 tdceps
499 3743 624 3821 Hecale,
647 3763 713 3826 quas
735 3741 841 3826 coeptis
864 3742 984 3806 conscia
1004 3745 1117 3830 noslds

235 3853 425 3934 adiutrixque
448 3848 544 3928 venis,
567 3851 733 3932 cautusque
755 3851 896 3932 ariesque
918 3828 1099 3930 magorum*
1123 3893 1128 3898 -

235 3977 362 4042 quaeque
385 3975 502 4040 magos,
527 3954 641 4031 Tellus,
665 3955 849 4038 pollentibus
870 3954 995 4046 instruis
1017 3953 1127 4038 herbis.

252 4064 447 4147 Ineplissime
474 4061 554 4126 inter
582 4060 654 4143 deas
682 4061 731 4126 his
758 4062 873 4126 artibus
901 4060 1078 4142 praepositas
1106 4061 1211 4144 appel·
1306 4125 1308 4128 .

984 4165 1012 4216 6.
