2938 4630
308 288 349 352 m
666 287 929 358 mmmm

267 485 365 550 dcte
394 483 555 559 sentitur,
587 485 689 552 inesse
718 485 811 550 debet
834 484 995 567 iuer-itque,
1028 482 1055 551 si
1080 481 1114 546 id
1141 467 1328 551 nominativo

269 609 342 656 casu
379 590 598 670 acceperimus,
631 591 729 656 altera
760 590 880 674 syllaba
910 589 942 654 in
963 589 1023 654 arsi
1043 587 1211 671 producta;
1247 588 1328 672 qnod

268 714 335 778 ego,
370 697 406 758 ut
437 694 567 762 licenter
594 697 625 760 et
650 696 779 760 moleste
809 695 876 760 fieri
909 693 1041 758 concedo
1074 694 1105 759 in
1133 693 1233 760 forma
1264 693 1327 761 sols

267 801 395 885 syllaba
434 801 605 882 quantitate
637 802 676 866 ab
703 802 874 866 accusativo
894 799 1006 882 plurali
1037 802 1190 882 separata,
1223 801 1326 869 tamen

266 924 408 989 spernere
429 924 489 970 uon
512 905 607 972 audeo
629 907 660 972 in
682 909 771 972 tenta
799 905 958 972 sententiae
979 903 1196 987 perspicuitate
1217 906 1250 971 et
1270 923 1327 986 ap-

264 1012 388 1078 tissima
419 1011 476 1076 hac
508 1011 733 1078 coniunctione:
768 1009 866 1074 dulcis
898 1031 1028 1074 amaros.
1077 1013 1124 1074 Ac
1159 1009 1328 1093 crepacore

268 1117 407 1202 genitivo
429 1135 513 1192 essu,
534 1117 683 1198 producte
703 1117 734 1182 in
756 1116 817 1182 arsi
839 1116 959 1188 ultima,
975 1116 1131 1199 Vergilius
1141 1117 1245 1198 posuit
1257 1116 1326 1183 AEn.

268 1223 323 1294 XI,
360 1223 418 1298 69;
456 1222 643 1287 nominativo
666 1224 771 1291 autem
794 1226 819 1282 e'o
843 1221 987 1303 produxit
1017 1222 1049 1286 in
1074 1220 1179 1304 pulcre
1200 1221 1225 1298 Ι,
1257 1220 1328 1298 478,

267 1328 324 1394 sed
346 1328 379 1392 in
400 1328 499 1393 forma
520 1327 596 1394 nihil
618 1328 755 1412 ambigui
776 1328 917 1394 habente.

368 1432 555 1509 Deiloratio
566 1431 778 1515 copiosissima
789 1436 872 1501 esset
882 1433 1003 1498 dicendi
1015 1430 1327 1509 securissimum

266 1539 347 1604 bona
367 1539 490 1604 inventa
523 1540 702 1622 protrahere
733 1539 1015 1616 commmendare,
1041 1556 1136 1619 praua
1155 1541 1329 1605 commenta

270 1645 407 1710 refutare
441 1645 630 1728 propositum
665 1645 761 1720 esset;
792 1663 953 1724 uovomm,
983 1662 1050 1726 quse
1082 1661 1141 1710 non
1169 1643 1328 1708 uertun-

266 1750 380 1824 der'em
419 1750 473 1815 sed
495 1749 605 1832 quibus
625 1750 743 1814 ratione
765 1749 913 1816 suadente
935 1752 967 1816 et
987 1750 1114 1832 cogente
1135 1747 1328 1822 manderem,

262 1873 355 1937 parca
389 1855 449 1920 fuit
469 1871 569 1938 seges,
602 1854 634 1921 in
670 1856 863 1922 sermonibus
900 1859 932 1920 et
954 1854 1094 1936 epistolis
1116 1870 1211 1936 prope
1233 1851 1326 1918 nulla

262 1959 345 2024 Nam
368 1961 400 2025 et
419 1961 450 2024 in
475 1961 605 2026 Horatio
628 1961 739 2026 similis
763 1965 854 2044 atque
875 1963 907 2026 in
923 1961 1060 2044 Vergilio
1080 1958 1181 2024 cantio
1203 1959 1253 2022 est
1275 1975 1329 2023 nec

262 2068 368 2130 tamen
391 2064 510 2144 eadem,
533 2065 613 2147 quod
634 2069 667 2132 et
688 2066 807 2133 codices
829 2068 932 2134 minus
953 2069 1027 2134 sunt
1048 2085 1140 2148 quam
1159 2061 1329 2146 Vergiliani

262 2171 383 2252 antiqui
405 2173 437 2236 et
457 2172 727 2253 grammaticorum
749 2175 944 2256 antiquorum
973 2170 1151 2238 testimonie
1172 2169 1328 2250 aliquanto

262 2277 400 2350 rariora,
431 2276 499 2359 ipsa
531 2295 648 2360 quoque
681 2279 796 2350 scholia
834 2278 989 2345 Serviania
1023 2273 1253 2344 commentariis
1282 2272 1330 2337 vix

262 2383 490 2466 aequiperanda,
524 2385 556 2446 et
576 2383 608 2448 in
631 2385 692 2450 hoc
712 2403 820 2466 campo
841 2386 952 2466 prator
966 2383 1133 2448 multorum
1155 2381 1277 2446 manem
1300 2379 1329 2444 et

262 2488 421 2554 indoctam
444 2488 642 2554 sedulitatem
658 2491 753 2556 etium
775 2490 1023 2556 doctissimorum
1037 2491 1070 2554 et
1080 2485 1329 2554 acutissimorum

266 2593 426 2660 hominum
449 2594 617 2661 elaboravit
637 2596 798 2662 industria.
852 2595 927 2675 Quae
958 2593 992 2658 in
1013 2591 1135 2658 Horatii
1156 2608 1248 2672 opera
1269 2606 1328 2655 nou

268 2698 314 2763 ita
333 2700 447 2764 multos
470 2701 581 2766 abhinc
615 2719 712 2768 annos
744 2701 834 2766 irruit
854 2700 991 2784 pravitas
1013 2702 1045 2764 ct
1067 2697 1162 2764 libido
1180 2695 1329 2760 H'ofmen-

265 2801 475 2888 Peerlkampi
508 2806 546 2870 do
579 2825 615 2872 ea
644 2808 717 2890 qnid
749 2807 906 2894 sentirem,
939 2807 1001 2876 dixi
1021 2806 1079 2872 vol.
1107 2805 1174 2885 Ip.
1197 2799 1248 2877 93,
1276 2817 1330 2864 ¹¹⁰⁰

265 2911 304 2975 ab
341 2929 375 2976 eo
396 2911 509 2976 indicio
539 2912 664 2995 seiunge
684 2913 781 2988 illam,
818 2933 884 2994 quae
911 2931 1007 2994 nuper
1027 2909 1173 2994 prorupit
1206 2907 1329 3006 sumpto

267 3019 341 3080 ΜΘ
360 3017 392 3080 in
415 3015 524 3082 OVidi⁰
547 3019 579 3080 et
599 3018 745 3085 Iuveffle
758 3019 830 3096 (ibd.
852 3039 882 3100 p.
901 3017 957 3098 94)
972 3016 1189 3099 experimento,
1211 3007 1332 3076 Lehrsii
1457 2997 1458 3020 ³

264 3123 299 3186 et
320 3121 490 3186 Ribbeckii.
529 3122 643 3188 Contra
665 3143 739 3205 quos
761 3115 911 3191 sidicere'
927 3125 1050 3202 vellem,
1071 3123 1166 3206 longa
1186 3115 1332 3184 ordienda

266 3230 351 3292 osset
374 3226 412 3291 de
433 3227 494 3292 fide
514 3228 662 3292 historica
683 3230 716 3292 ct
734 3229 949 3312 probabilitate
971 3229 1149 3312 disputatio,
1176 3225 1262 3290 cuius
1283 3222 1338 3304 itii!

263 3333 349 3416 leges
386 3351 493 3398 omnes
531 3334 702 3400 cavillmdo
742 3334 1017 3418 calumniandoque
1049 3337 1081 3400 et
1112 3333 1254 3416 fingendo
1286 3333 1330 3396 ita
1456 3393 1457 3398 ,

263 3443 422 3520 spemunt‚
445 3442 480 3504 nt
501 3459 668 3523 nunqnam,
689 3439 762 3522 quid
776 3441 844 3506 fieri
865 3441 1065 3524 accidereque
1085 3441 1117 3504 in
1139 3440 1197 3503 hoc
1217 3455 1330 3522 genere
1456 3471 1457 3480 κ

266 3547 299 3608 et
320 3545 401 3608 unde
423 3547 488 3611 haeo
510 3546 614 3612 formes
636 3546 823 3612 testimoniis
845 3548 1034 3614 confirmata
1056 3547 1227 3612 constantia
1244 3545 1331 3610 nasci

264 3649 408 3732 potuerit,
441 3650 519 3714 serio
551 3652 605 3714 aut
634 3669 740 3715 severe
769 3651 922 3736 cogitasse
957 3653 1133 3727 vincentum
1167 3669 1247 3715 nuno
1269 3650 1331 3716 alia

265 3754 343 3820 mihi
365 3755 484 3837 agenda
507 3759 588 3834 sunt,
622 3756 761 3839 licetque,
785 3758 899 3838 opinor,
929 3761 996 3822 haec
1017 3759 1137 3824 somnia
1161 3757 1330 3840 preterire,

267 3880 334 3942 quac
368 3861 422 3925 aut
456 3861 537 3925 intra
568 3881 678 3942 paucos
711 3883 806 3929 annos
840 3864 982 3930 oblivioni
1004 3865 1118 3928 tradita
1131 3865 1243 3956 ‘erunt
1276 3864 1331 3934 ant
1455 3921 1456 3968 ἐ

265 3968 368 4030 totum
402 3967 460 4031 hoe
493 3967 689 4050 antiquarum
721 3970 895 4034 litterarum
930 3970 1076 4050 studium,
1108 3973 1253 4053 tanquam
1277 3987 1330 4034 ex-

264 4071 375 4136 hausta
396 4073 514 4138 utiliter
527 4075 682 4155 quaerendi
696 4075 838 4152 materia,
858 4075 991 4140 inaniter
1012 4079 1045 4142 ot
1064 4078 1205 4158 proterve
1220 4075 1329 4140 ludens
1353 4081 1356 4090 '
