3018 4634
275 273 337 340 m
634 277 904 350 mmmm

231 482 444 552 setanion
466 491 541 540 nem
563 475 671 542 notare
692 493 849 544 semorum
869 495 929 542 non
952 479 1009 553 est
1036 495 1093 544 nee
1113 481 1223 557 ueteri,
1247 481 1304 548 sod

233 579 567 648 tolliinteroessionem·
583 579 800 663 querebantur.
838 582 957 648 Deinde
977 601 1038 650 non
1058 585 1194 652 tollendo
1214 587 1304 670 plum

232 686 337 765 verbe,
360 685 426 765 sed,
447 689 483 752 ut
504 687 656 755 oontrsrin
677 686 803 752 interse
815 688 927 754 asorbo
944 688 1126 766 referentur,
1148 691 1300 770 addendo..

232 809 299 875 quae
309 795 380 875 post
399 793 460 860 nis
482 792 618 870 (annis)
632 791 723 858 fenile
737 792 860 871 excidit,
875 794 1066 877 propositio:
1087 815 1171 878 que
1191 815 1303 881 supe-

231 897 406 964 rioribus
421 897 529 963 onnis
539 897 651 979 (prim
660 896 903 982 ipsiusPompeii
911 899 1083 978 consulatu)
1093 901 1174 966 sine
1184 903 1302 970 ermis

231 1003 336 1068 esset
368 1002 571 1070 restituto.
594 1000 663 1097 [Sis
682 1002 906 1086 Hotomenus]
930 1005 1039 1082 (Paulo
1053 1007 1126 1089 post
1145 1026 1201 1092 ego
1223 1028 1302 1093 qno-

231 1125 290 1190 que
304 1107 512 1174 eonieoornm:
532 1107 676 1202 amisse
696 1109 925 1176 restituisse
939 1110 1118 1178 uidentur
1134 1113 1180 1178 to
1193 1116 1300 1194 na.)¹)

329 1212 398 1278 Ibd.
420 1213 475 1278 22:
507 1214 567 1280 uti
584 1231 629 1306 se
652 1232 671 1278 ιι
692 1215 1213 1286 contumeliis-inimieorum
1233 1218 1301 1285 de-

229 1317 429 1399 fenderet,
461 1323 507 1385 ut
528 1320 712 1386 tribunos
733 1319 865 1404 plebis
885 1321 925 1386 in
947 1338 990 1387 eo
1009 1340 1049 1387 re
1073 1337 1117 1388 ex
1137 1323 1301 1390 oiuitsts

230 1423 415 1506 expulsos
450 1424 493 1489 in
520 1442 624 1491 sunm
656 1425 892 1510 dignitatem
917 1427 1162 1494 restitueret.
1206 1429 1299 1513 Inep-

229 1527 388 1594 tissimum
402 1573 407 1580 -
422 1531 471 1596 est
493 1530 536 1595 iu
564 1550 605 1596 eo
627 1550 669 1598 ro
690 1549 747 1596 nee
768 1532 892 1611 molins,
924 1531 1011 1615 quod·
1039 1533 1209 1618 superiores
1231 1535 1299 1602 edi·

229 1634 311 1699 tores
331 1636 438 1700 eontra
459 1636 763 1719 mdioesposneront,
785 1655 829 1705 os
853 1655 911 1715 re;
933 1639 1038 1704 utrum
1060 1637 1143 1713 enim
1164 1640 1204 1706 ob
1224 1657 1299 1706 eon-

230 1739 374 1806 tnmeline
395 1741 590 1808 inimieorum
612 1741 743 1810 Oaessris
763 1761 803 1810 un
824 1744 864 1810 sd
885 1743 1039 1810 (lonensem
1060 1761 1080 1808 o
1101 1745 1297 1812 contumeliis

230 1843 476 1912 defendendum?
488 1846 591 1914 Censor
600 1848 732 1932 seripsit:
744 1849 919 1916 tribunos
934 1846 982 1932 pl.
994 1851 1195 1915 iniuriosi
1207 1851 1299 1916 oini-

230 1951 314 2016 tote
330 1952 521 2036 expulsos.
546 1951 616 2037 [Sic
628 1952 793 2037 Faernus]
810 1953 918 2036 (Apud
928 1953 1109 2021 Oioeronem
1120 1968 1175 2037 pro
1187 1955 1298 2024 Pluton

230 2056 269 2118 77
293 2057 374 2141 quod
395 2077 431 2124 ox
452 2058 600 2124 iniuria
620 2058 737 2124 foetum
760 2061 828 2124 eret
860 2059 898 2123 in
919 2059 1044 2138 eurio,
1080 2062 1152 2126 onte
1182 2061 1298 2128 multos

229 2180 324 2228 onnon
345 2165 483 2244 conexi.)
536 2165 652 2230 Eodem
675 2166 775 2248 sepite
798 2165 981 2248 paulopost
1003 2163 1166 2232 soribitur:
1198 2167 1297 2234 odeo

229 2286 317 2334 esso
338 2270 573 2353 perterritos
605 2269 833 2350 nonnullos,
867 2270 909 2335 ut
940 2289 1014 2336 sues
1046 2270 1137 2338 vitm
1157 2272 1298 2338 durius

229 2376 437 2453 consulere
468 2379 666 2461 rogantum
722 2375 927 2442 Scribendum
949 2376 1216 2456 ostenderetur,
1242 2377 1299 2444 hoo

229 2481 287 2555 est
308 2485 344 2548 ut
364 2483 565 2558 meditentur,
597 2482 635 2548 ut
657 2482 689 2546 in
712 2499 747 2548 eo
768 2482 820 2562 sit,
852 2483 889 2546 ut
909 2481 1073 2551 oonsulnnt
1093 2482 1148 2562 (de
1170 2483 1297 2550 oonsilio

207 2621 209 2625 ν
229 2585 352 2652 effectui
373 2591 563 2673 propinquo),
584 2590 621 2653 ut
644 2605 779 2671 persaepe
800 2588 859 2652 hoe
880 2587 973 2652 utute
994 2588 1127 2653 eonori
1158 2589 1297 2671 positum

228 2691 288 2758 vid.
308 2693 359 2760 hio
380 2714 407 2762 o.
430 2695 480 2774 20,
507 2695 570 2761 ilio.
586 2693 742 2770 Vernlll,
767 2694 794 2768 l,
817 2693 855 2772 V,
879 2693 929 2772 11,
949 2691 1025 2760 insol.
1052 2692 1101 2772 16,
1123 2691 1297 2772 sturmen,
1341 2689 1343 2694 '

228 2798 399 2880 Lueret'L
421 2801 472 2880 25,
493 2801 565 2866 937.
610 2800 680 2885 [Sie
700 2799 764 2864 ium
789 2797 968 2882 Gruterus]

228 3005 427 3013 ——--.-—

248 3157 270 3226 ¹)
300 3154 392 3226 Geni)
411 3156 441 3210 in
459 3157 613 3208 transcursu
631 3152 659 3206 in
678 3147 970 3208 memoriumrevocebo
989 3152 1125 3207 immerito
1140 3149 1293 3222 neglectum

298 3247 470 3317 Elberlingii‚
489 3246 589 3301 sodslis
608 3246 675 3300 olim
693 3247 722 3300 et
735 3245 815 3300 umioi
832 3246 894 3311 mei,
914 3247 960 3389 (otf
971 3246 1035 3298 ente
1054 3259 1115 3390 ιιὲιιι
1133 3245 1294 3390 Ηοῖοιιξιιιί)

298 3341 526 3397 emendationem:
545 3338 613 3394 sibi
631 3343 768 3408 semper
785 3338 927 3408 primam
943 3355 944 3358 ¹
961 3337 1055 3392 nisse
1094 3337 1172 3408 igni
1197 3354 1213 3392 e
1237 3352 1295 3392 em.

298 3434 369 3489 Nem
388 3433 420 3487 de
439 3431 551 3488 Cereris
577 3431 665 3500 ipsius
693 3431 827 3500 dignitate
856 3432 947 3498 (quem
968 3429 1073 3484 novitio
1099 3431 1128 3483 et
1143 3427 1294 3485 Gallorum

299 3545 351 3582 usu
368 3527 496 3582 honorem
513 3523 692 3594 appellemus)
710 3523 757 3592 egi
773 3523 898 3586 clement,
919 3537 979 3591 qun
997 3520 1186 3577 subiiciuntnr.
1204 3565 1208 3574 .
1224 3521 1292 3588 (cfr.

299 3618 363 3676 bell.
381 3619 458 3675 Alex.
476 3620 507 3674 8:
533 3616 592 3687 qni
609 3616 754 3686 primam
771 3615 984 3686 dignitatem
1002 3613 1192 3680 heberent)
1228 3613 1294 3684 (lup.

300 3714 334 3768 14
344 3713 412 3767 extr.
423 3709 569 3777 Rubenius,
588 3708 813 3780 prudentissimus
823 3707 945 3780 alioquin
962 3707 1050 3772 homo,
1070 3705 1213 3766 oberravit.
1232 3706 1294 3761 Nou

300 3803 397 3858 oiroum
424 3802 543 3858 ismiliee
572 3800 777 3872 (gladiatoriesl'
800 3802 945 3855 conventus
976 3799 1129 3868 Componis
1161 3798 1294 3854 Lentulus

300 3896 463 3968 gladiatores
488 3895 601 3951 Consuris
627 3893 755 3948 custodiae
780 3907 860 3948 conse.
889 3892 987 3947 divisit
1010 3895 1106 3961 (neque
1134 3893 1206 3946 enim
1228 3889 1291 3944 ulln

299 3991 445 4046 conventus
462 3986 571 4042 ismiliae
589 3975 680 4062 erunt,¹
701 3988 730 4040 et
748 3982 858 4040 minime
886 3987 949 4040 tuto
975 3999 1006 4038 ee
1028 3982 1149 4038 custodio
1175 3981 1292 4050 luisset),

299 4081 347 4137 sed
368 4081 467 4138 circum
484 4078 629 4136 familiares
647 4095 716 4146 snos,
735 4079 830 4152 quiin
848 4076 896 4132 illo
916 4078 1049 4132 conuentu
1067 4077 1151 4142 orent.
