2918 4652
536 283 633 355 senpn
653 281 724 340 Hist
745 283 814 355 Aug.
1109 279 1170 350 639

148 485 315 550 emnium
350 483 490 548 ertlum
517 483 582 548 eet.
634 479 813 548 Tollendum
847 486 931 566 prius
963 486 1142 561 emnium,
1176 505 1211 552 ex

147 591 243 656 altere
264 592 459 674 prseueptum.
939 613 941 618 ·

247 697 313 760 lbd.
336 696 394 758 41:
427 697 493 760 eut
513 695 691 776 perdices
712 695 818 760 inter
839 713 879 760 se
901 701 1123 781 pugnarent
1145 701 1212 766 sut

146 801 293 886 geeplae
337 803 503 884 pervolas
547 817 696 866 sursum
752 805 788 865 et
839 803 1017 870 deorsum
1063 804 1211 870 volite-

146 910 248 971 rent
298 907 386 972 Nihil
418 907 500 973 eliud
535 905 660 973 subesse
692 907 812 972 videtur
840 909 912 974 nisi:
946 914 1012 976 eut
1044 903 1212 973 aeieetoe
1291 961 1292 965 ,

146 1014 326 1096 pervelm.

246 1119 311 1184 Ibd.
324 1119 382 1184 48:
406 1112 793 1215 commendatumque
808 1121 1020 1194 militibus,
1038 1141 1056 1186 a
1072 1122 1209 1205 quibus

145 1223 373 1289 Alexander
389 1225 501 1314 unies
523 1227 744 1302 emebatur,
765 1228 893 1292 tutum
909 1227 954 1291 sd
975 1226 1095 1292 villas
1118 1245 1210 1292 suns

144 1329 203 1395 ire
225 1333 433 1414 precepit,
455 1332 492 1399 in
514 1333 656 1414 quibus
678 1332 742 1397 diu
762 1331 874 1409 ririt3
898 1331 964 1398 sed
984 1335 1077 1415 post
1098 1334 1209 1398 iussu

145 1437 396 1519 imperatoris
428 1433 582 1503 oeei'sus
616 1441 690 1512 est,
727 1437 825 1523 quod
859 1441 896 1503 et
925 1439 995 1502 ille
1018 1437 1209 1504 militaris

145 1545 252 1608 esset
274 1543 312 1607 et
332 1563 351 1607 n
372 1543 571 1608 militibus
594 1546 751 1610 eccisus
774 1548 889 1610 esset.
945 1545 1046 1610 Verba
1068 1545 1209 1628 quendem

74 1737 76 1740 Ι
145 1651 311 1726 (etelsus
344 1653 406 1714 est·
508 1651 661 1724 secisus
683 1653 802 1728 esset)
824 1652 905 1716 mele
927 1652 975 1716 bis
1004 1652 1119 1734 scripte
1140 1669 1209 1716 esse

143 1755 235 1820 multi
255 1755 480 1822 intellexerunt.
515 1753 575 1820 Sed
600 1757 628 1821 is
650 1775 732 1820 error
754 1757 908 1822 exaltem
932 1758 1015 1822 ortus
1032 1759 1091 1820 est.
1125 1747 1225 1820 Nsm'

144 1861 437 1944 sieseriptemolim
459 1865 539 1927 erat:
561 1861 768 1952 militibus,
791 1863 965 1946 aquibus
989 1863 1228 1928 Alexander
1287 1901 1289 1906 ·

143 1970 255 2033 unies
287 1968 505 2040 emebatur,
540 1967 638 2050 quod
672 1970 710 2031 et
742 1968 814 2033 ille
850 1967 1051 2033 militaris
1088 1972 1209 2048 esset,

143 2075 272 2138 tutum
305 2073 351 2138 ed
394 2075 510 2140 villas
546 2089 638 2139 sues
667 2073 724 2137 ire
753 2075 955 2167 praeeepit‚
998 2075 1035 2138 in
1069 2067 1208 2158 niuibus

1 2146 4 2266 ἶ
139 2179 208 2243 eiu
248 2179 362 2256 visin
397 2180 462 2244 sed
494 2180 581 2262 post
622 2173 774 2244 iniussu
812 2182 868 2258 (sic
900 2184 981 2246 rente
1021 2181 1208 2266 Salmasius)

142 2285 392 2368 imperatoris
421 2306 440 2351 s
471 2285 668 2350 militibus
701 2287 852 2352 occisus
883 2290 956 2351 est.
1001 2287 1125 2353 Omissa
1146 2290 1210 2371 pri-

142 2407 227 2454 mum
251 2393 345 2456 uerba
377 2389 477 2475 quod
510 2392 546 2454 et
578 2391 649 2454 ille
672 2391 747 2454 mil.
771 2393 895 2468 esset,
925 2410 994 2456 eum
1016 2393 1047 2456 in
1070 2395 1211 2478 margine
1290 2433 1293 2440 ·

1 2457 4 2496 Ξ
142 2497 284 2577 suppletu
332 2500 449 2574 essent,
493 2497 525 2561 in
569 2495 686 2560 malum
728 2498 829 2560 lenum
875 2493 1092 2580 immigrernut
1135 2499 1209 2562 etie-

143 2604 318 2684 serumque,
352 2605 386 2668 ut
413 2603 460 2667 bis
489 2621 536 2676 es,
563 2619 690 2685 quorum
720 2601 832 2666 seriem
853 2603 1096 2684 interruperant,
1132 2604 1208 2668 seri·

1 2680 4 2690 ’
141 2705 296 2782 herenius.

244 2813 309 2876 lbd.
344 2813 399 2876 49:
442 2815 520 2898 Ego
557 2831 629 2878 nnn
665 2813 796 2896 patior
827 2816 923 2892 (reete
955 2814 1023 2878 edd.
1064 2816 1207 2895 patiar)

143 2921 383 2984 mercatores
404 2921 644 3000 potestatum
667 2922 704 2984 et
727 2938 805 2992 ees,
837 2937 944 3001 quus,
974 2918 1005 2983 si
1027 2921 1207 3008 perient,

35 3029 37 3034 '
143 3023 323 3088 damnare
345 3043 415 3088 uon
438 3025 589 3106 possim.
624 3026 688 3090 Ser.
711 3030 749 3090 et
769 3043 840 3103 eos,
864 3043 964 3107 quos,
986 3025 1017 3090 si
1038 3027 1205 3110 rapiant,

142 3128 326 3193 damnare
347 3149 416 3194 non
438 3132 596 3214 possim.
643 3131 761 3210 Quibus
782 3132 848 3214 ipse
870 3130 1037 3212 imperator
1059 3131 1203 3216 honorem

65 3258 67 3262 ·
141 3234 323 3300 vendiderat
355 3237 558 3302 venundarive
594 3255 702 3319 passus
734 3237 809 3312 erat,
844 3253 905 3311 eos,
942 3236 967 3300 si
1000 3237 1114 3318 rspinis
1136 3249 1206 3320 pre-

141 3343 219 3406 tinm
243 3359 418 3424 recuperare
438 3345 636 3420 sonabantur,
659 3341 804 3408 damnare
827 3340 876 3407 vix
899 3342 1025 3424 poterat.

241 3448 307 3514 Ibd.
331 3447 386 3510 64:
416 3447 663 3529 Reprehensa
682 3449 774 3512 sunt
800 3448 846 3509 in
869 3446 1090 3512 Alexandro
1114 3448 1206 3511 hene:

224 3554 321 3638 quod
360 3571 470 3617 eures
503 3551 669 3635 privetis
702 3554 858 3637 agebat,
891 3571 972 3634 quae
1005 3552 1130 3616 omnis
1152 3553 1204 3618 ·iu

97 3671 100 3678 ’
137 3679 215 3743 rep.
251 3660 500 3725 instituere-t.
564 3657 764 3723 Scribendum
804 3657 924 3738 opiner:
961 3658 1058 3740 quod
1097 3659 1205 3721 euris

138 3765 310 3848 privatis
340 3765 514 3848 egebat,⁴
537 3781 618 3846 quae
652 3761 826 3825 omittere
857 3762 895 3826 in
929 3781 1002 3846 rep.
1038 3763 1204 3829 iustitu-

138 3874 229 3936 eret.
279 3871 397 3936 Saltem
419 3871 484 3934 haee
506 3872 743 3950 extremelqure
847 3869 1113 3948 instituerat),
1136 3889 1204 3953 quae

137 3977 229 4061 vulgo
253 3976 426 4061 seiungunt,
449 3975 653 4059 superioribus
676 3975 883 4040 eentinunudn
905 3977 984 4052 sunt,
1008 3973 1107 4040 etsub
1130 3994 1204 4039 nm·
1267 4053 1270 4062 1

137 4083 207 4148 nie
222 4082 392 4148 infinitivus
414 4085 500 4150 lutet.
