3018 4634
578 313 690 372 cesses
708 277 852 382 nouos.
1149 310 1210 374 277
1340 347 1342 352 .

178 515 342 592 tabent
394 514 503 597 Itaque
534 511 702 580 ridendum
737 511 796 590 est,
830 528 870 576 ue
900 509 1049 592 seriptum
1078 529 1097 575 e
1132 509 1252 576 Cessare

178 622 243 688 sit:
285 619 379 686 Nem
400 622 441 686 ut
461 617 507 684 ed
527 635 632 698 mere
653 616 794 682 nostrae
816 613 984 678 cotoneis
1003 632 1109 684 nouoe
1130 615 1252 700 legio·

187 723 429 793 niseuoutiae
456 731 579 801 erunt,
616 737 827 796 neeessere,
859 719 917 786 eet.
960 719 1007 800 (Ο.
1030 720 1176 789 streete
1198 723 1251 788 lu·

180 831 298 898 ninius:
336 830 498 897 edeam
533 829 683 912 purtem
714 826 969 893 munitionum
1003 824 1129 908 dueit,
1172 847 1251 912 ques

78 1005 80 1008 .
180 936 425 1020 pertinebat,
444 952 499 1018 pro
519 931 796 1018 pertinebunt)
856 931 858 936 ’

286 1039 355 1108 lte.
377 1039 433 1103 642
476 1039 614 1122 ltaque
638 1035 887 1121 quodeunque
915 1036 1132 1103 addebatur
1161 1039 1251 1104 sub·

178 1145 307 1225 sidio,
340 1145 380 1211 id
402 1145 625 1226 corruptum
646 1142 783 1208 timore
803 1140 1039 1227 fugientium
1060 1143 1251 1210 terrorem

178 1253 226 1318 et
245 1250 460 1336 perieulum
492 1249 669 1334 sugebet
724 1246 1068 1328 Nounoseribeudum:
1100 1259 1255 1334 eutropia

188 1367 264 1422 eum
284 1356 424 1424 timor-e
444 1352 678 1439 fugientium
699 1354 746 1432 (et
766 1347 855 1437 qussi
879 1353 1091 1430 contectum?

288 1462 356 1528 Ibe.
376 1461 442 1526 66:
482 1461 545 1526 lte
576 1460 794 1544 complures
821 1457 905 1526 dies
935 1461 1163 1525 manserunt
1185 1477 1252 1525 oe-

178 1568 291 1646 ·stra;
324 1567 563 1634 munitiones
595 1565 746 1650 quidem
779 1582 909 1630 omnes
934 1564 1097 1649 integros
1129 1567 1252 1631 eraut.

186 1673 242 1741 Bis
264 1673 347 1739 idem
370 1673 483 1739 dieitur
503 1671 582 1738 mire
603 1671 704 1754 posito
736 1668 906 1754 quidem,
940 1670 1029 1754 quusi
1049 1671 1172 1756 gravius
1195 1671 1254 1736 uli·

178 1778 262 1862 nuit
288 1777 435 1855 addetum
470 1777 625 1844 omittitur
654 1775 698 1850 ie,
732 1774 817 1870 'qued
848 1775 1013 1844 dicendum
1040 1776 1127 1854 erut;
1167 1783 1252 1856 (nem

82 1943 88 1957 .
188 1883 337 1968 quemue
360 1882 568 1968 supeniuerint
588 1882 700 1958 eostre,
724 1881 802 1948 nihil
824 1881 863 1948 ed
884 1899 951 1948 rem
974 1881 1132 1963 pertinet).
1188 1883 1250 1948 Ex-

178 1989 266 2058 -eieie
285 2008 344 2056 ror
364 1991 491 2072 propter
512 1987 748 2056 similitudinem
768 1985 967 2094 litterarumzv
993 1990 1055 2056 Ite
1077 1989 1251 2074 complu·

186 2114 251 2164 ros
270 2095 355 2162 dies
377 2093 511 2158 inania
532 2096 756 2160 manserunt
777 2097 907 2162 eostre
943 2095 987 2173 (et
1008 2094 1073 2161 sine
1094 2096 1253 2178 praesidio,

72 2253 74 2258 .
181 2202 245 2268 sed
268 2203 452 2268 munitionen
473 2200 555 2278 oet).
582 2200 645 2277 (Ab
670 2199 761 2268 ineu
781 2201 959 2268 oberratum
981 2200 1022 2266 sd
1042 2206 1151 2280 men.)

123 2375 126 2382 ,
287 2307 353 2374 Ibi.
366 2306 424 2372 69:
439 2305 539 2372 odeo
560 2305 616 2384 ut,
637 2324 723 2372 oum
735 2305 860 2374 (taessr
883 2307 996 2390 signu
1015 2305 1252 2390 fugientium

186 2431 299 2481 manu
313 2411 576 2495 prenderetet
596 2410 813 2480 consistere
833 2411 1005 2486 iuberet,
1027 2411 1099 2477 elii
1121 2398 1253 2479 dimis-

178 2517 244 2584 sis
268 2517 378 2602 equis
406 2516 570 2583 eundem
606 2534 760 2584 sursum
793 2517 1070 2602 confugerent,
1108 2515 1181 2582 ulii
1210 2536 1253 2582 er

186 2622 291 2691 metu
323 2622 443 2688 etium
475 2622 589 2706 sigua
624 2621 889 2702 dimitterent,
925 2625 986 2688 not.
1039 2623 1143 2704 Equos
1182 2621 1254 2687 hine

180 2727 387 2794 removendos
421 2744 488 2794 esse
524 2744 632 2794 omnes
665 2727 858 2812 intelligunt;
896 2726 935 2793 de
968 2727 1154 2794 eorreetiono
1193 2746 1253 2794 non

179 2833 336 2900 usuvenit.
398 2831 576 2897 Proximum
608 2832 729 2898 ridetur
764 2833 796 2899 ot
827 2836 953 2916 aptum:
990 2832 1065 2898 alii
1102 2833 1255 2897 diminui

179 2937 295 3022 -sequi
314 2925 488 3004 eundem
511 2956 665 3004 tursum
687 2940 977 3017 contenderent,
999 2938 1070 3006 alii
1091 2941 1151 3006 eet.
1174 2939 1252 3006 Cum

184 3041 301 3108 titteris
322 3041 405 3110 mule
426 3043 597 3112 eeniuuetis
621 3046 655 3111 et
677 3063 739 3110 uno
759 3043 866 3112 addite
878 3045 994 3112 foetum
1019 3041 1102 3110 esset
1123 3044 1254 3113 dimis-

186 3146 244 3216 sis
266 3149 392 3232 equis,
421 3149 551 3216 verbum
572 3149 729 3216 mutatum
750 3151 805 3216 est
856 3151 1040 3231 (Dimissi
1073 3171 1091 3216 s
1121 3153 1253 3232 (tensare,

187 3254 241 3338 qui
261 3253 476 3338 merendune,
497 3256 567 3340 post
588 3255 852 3335 admonitionem.)

288 3360 355 3426 Ibd.
393 3361 457 3426 71:
505 3361 586 3426 Hoc
635 3380 769 3428 nornen
814 3362 1037 3446 (imperatoris)
1082 3364 1255 3431 obtinuit

172 3464 380 3550 (Pompeius)
402 3466 516 3549 etque
537 3467 594 3532 ite
614 3485 654 3532 se
675 3470 809 3550 postea
833 3469 999 3534 salutari
1020 3487 1166 3552 passus,
1188 3469 1254 3534 sed

181 3567 225 3637 in
246 3568 415 3650 litteris,
448 3589 541 3655 quus
572 3572 741 3640 seribere
769 3575 831 3641 est
864 3573 1025 3649 solitus,
1061 3593 1181 3658 neque
1214 3576 1253 3639 in

181 3673 362 3742 inseitus
404 3665 579 3760 insignis
622 3677 764 3744 leurem
805 3681 992 3763 praetulit.
1055 3678 1255 3746 Desideustur

188 3779 273 3861 prius
308 3799 452 3866 neque;
490 3780 595 3865 itaquo
627 3782 848 3874 Nipperdeius:
883 3803 1029 3868 passus
1061 3802 1181 3867 neque
1215 3785 1253 3849 iu

187 3882 356 3961 litteris,
388 3904 487 3969 ques,
511 3887 581 3966 oet,
615 3889 647 3952 in
680 3909 740 3973 que
773 3889 919 3958 orstiouis
954 3890 1055 3957 forme
1081 3909 1142 3956 uon
1169 3892 1253 3956 reete

185 3989 279 4056 obest
301 3993 442 4060 tumen.
496 3991 558 4060 Sed
579 3994 677 4060 multo
706 3996 830 4080 grunius
862 3995 990 4062 offendit
1013 3996 1143 4068 ridieule
1165 3996 1252 4062 anei-

183 4095 255 4162 ·tmu
287 4095 384 4187 iliud:
424 4118 524 4181 *ques
562 4099 737 4167 seribere
776 4101 921 4168 solitus
957 4104 1034 4177 est,
1070 4101 1158 4185 quusi
1194 4102 1252 4168 hoo
