3018 4634
583 287 695 346 muris
712 287 781 344 Bell.
801 287 861 347 cir.
1148 289 1217 354 ’265

127 575 130 582 ⁴
294 480 364 554 lue.
388 482 446 550 64:
478 483 706 552 cernebatur
739 483 937 567 equitatus
969 488 1098 556 uestri
1124 487 1260 573 prelio

195 589 426 656 novissimos
446 588 601 657 illerum
621 589 742 673 premi
763 590 1013 658 vehementer
1033 610 1075 660 ec
1091 610 1259 662 nonnun-

195 712 304 777 quem
336 696 529 761 sustinere
573 697 781 788 entremum
814 712 946 779 agmen
980 699 1093 781 etque
1130 700 1265 792 inter-¹

193 801 326 884 rumpi.
368 800 428 881 Qui
448 801 629 884 premuntur
642 800 702 882 ipsi
723 800 893 880 novissimi,
915 800 961 866 iili
984 805 1135 885 quomode
1157 807 1260 872 entre·

194 923 280 998 mum
301 923 424 990 agmen,
445 903 525 987 qued
545 901 606 988 ipsi
628 908 709 980 sunt,
733 906 884 972 sustinere
906 905 1057 988 dicentur,
1081 929 1143 977 uon
1164 913 1259 978 iutel-

193 1009 268 1093 ligo;
298 1029 354 1077 nec
374 1010 466 1093 primi
486 1010 713 1093 insequentium
736 1014 767 1080 et
789 1011 1005 1078 lacessentium
1028 1033 1259 1099 nonnunquam,

193 1113 248 1180 sed
269 1113 390 1198 semper
411 1113 582 1180 sustinendi
604 1117 705 1192 erent;
741 1115 929 1180 nominative
954 1134 1026 1182 casu
1048 1122 1256 1186 extremum

192 1239 325 1306 egmen
347 1220 446 1304 eecipi
467 1219 552 1288 nulle
574 1219 665 1288 mede
686 1221 798 1304 petest.
849 1219 1053 1288 Scribendum
1083 1225 1178 1307 igitur
1208 1226 1256 1290 iu·

191 1325 273 1392 dice:
310 1343 351 1390 ec
374 1343 642 1410 nonnunquam
663 1325 871 1390 subsistere
892 1329 1102 1392 extremum
1123 1347 1255 1412 segmen

191 1432 308 1513 etque
331 1431 403 1493 iter
423 1431 676 1514 interrumpi,
704 1431 822 1497 suscita
843 1431 874 1495 iu
896 1431 1124 1520 interrumpi
1145 1435 1256 1500 Fench-

190 1535 342 1601 hemmeri
375 1537 439 1602 mei
461 1536 650 1614 coniectum,
681 1555 774 1618 quem
803 1536 984 1602 Duebnerus
1019 1557 1136 1622 queque
1168 1557 1256 1604 secu-

101 1674 103 1678 ·
189 1641 240 1705 tus
263 1641 319 1705 est.
358 1637 601 1724 [Subsistere
623 1639 882 1724 Veecosenus.]¹)
1219 1643 1225 1668 ¹

288 1745 356 1811 Ibd.
379 1746 435 1813 ils
486 1745 723 1812 Afranianos
746 1746 1035 1812 centrs'multis
1057 1748 1172 1812 rebus
1194 1749 1254 1812 sui

188 1851 342 1916 timoris
373 1850 485 1936 signa
513 1851 681 1919 misisse.
737 1849 824 1916 Nihil
851 1853 899 1918 est
925 1853 1075 1917 timoris
1106 1853 1253 1938 signum

188 1957 361 2035 mittere,
389 1955 647 2041 scribendumque
669 1955 840 2022 certissime
862 1957 978 2042 signe
1000 1957 1165 2036 dedisse,
1188 1957 1253 2023 fer-

187 2061 271 2127 tusse
303 2062 418 2146 signe
454 2063 532 2124 iam
564 2063 723 2128 dedisse.
777 2063 874 2129 Paule
915 2049 985 2146 pest
1022 2061 1150 2126 ridicule
1187 2063 1253 2141 heec

190 2168 431 2251 coniunguntur:
475 2165 585 2246 Quod
621 2168 655 2233 si
689 2168 945 2251 iniquitatem
974 2168 1049 2233 loci
1077 2167 1254 2243 timeret,

187 2273 320 2339 dutum
342 2271 395 2340 iri
424 2275 553 2338 temen
585 2274 719 2357 alique
750 2273 833 2338 lece
854 2273 1052 2356 pugnandi
1075 2273 1252 2339 decultu-

186 2380 279 2452 tem,
301 2376 401 2461 qued
420 2380 530 2444 certe
550 2379 639 2444 inde
662 2378 931 2444 discedendum
963 2382 1066 2444 esset
1087 2378 1252 2444 Afranio

142 2471 146 2478 ’
187 2501 258 2548 nec
279 2484 363 2548 sine
385 2501 482 2567 eque
503 2503 732 2566 permanere
761 2487 920 2567 posset.
960 2482 1037 2561 Quis
1058 2484 1141 2548 enim
1163 2483 1253 2550 duti-

188 2589 285 2667 tubet,
307 2589 496 2674 minuteque
508 2591 632 2656 emuino
650 2590 718 2656 lece
729 2589 885 2672 pugnandi
895 2589 1027 2654 fucultss
1043 2589 1147 2653 futuru
1159 2591 1251 2666 esset,

189 2694 305 2778 etquid
326 2694 387 2760 trec
406 2695 592 2762 centrarium
616 2695 710 2762 hebet
723 2695 827 2778 inique
849 2695 939 2760 lece?
982 2693 1048 2758 Nec
1069 2693 1179 2758 melius
1194 2697 1251 2768 est,

188 2799 269 2884 qued
291 2817 327 2864 en
347 2817 408 2865 une
431 2800 643 2867 recentissime
665 2800 768 2866 codice
790 2782 1009 2876 substituitur,
1041 2800 1118 2864 elio
1153 2799 1251 2865 ioco.

189 2904 256 2984 Quo
277 2909 381 2970 sutem
403 2907 539 2988 pertinet
558 2908 719 2972 tamen?
759 2905 940 2989 Scripseret,
961 2906 992 2970 ni
1012 2905 1112 2981 fuller,
1135 2903 1252 2970 Oaeserr

189 3010 318 3078 detum
353 3011 402 3076 iri
423 3011 630 3096 iusumque
662 3012 748 3078 loce
780 3011 980 3095 pugnandi
1005 3010 1252 3079 fucultatem.

190 3115 251 3194 Qui
270 3135 407 3200 pugnem
427 3119 613 3200 poscebant,
637 3120 665 3184 si
686 3117 789 3184 Gaeser
814 3117 975 3202 iniquitute
996 3116 1056 3182 leci
1078 3116 1250 3182 ememte-

191 3341 390 3352 --·-·-——---

210 3497 232 3562 ¹)
264 3498 340 3555 deu
357 3487 458 3560 editur:
477 3504 515 3556 ut
531 3503 667 3572 equites
686 3544 693 3558 .
713 3543 719 3560 .
740 3545 746 3559 .
766 3508 913 3574 possent
932 3507 1047 3561 temen
1066 3506 1172 3574 etque
1190 3520 1252 3560 su-

261 3589 380 3646 derent
406 3593 536 3648 flumen
560 3596 733 3662 tren'sire,
760 3599 899 3667 pedites
917 3613 993 3653 vere
1012 3592 1253 3651 tantummode

262 3698 464 3740 ...summo
482 3690 620 3756 pectere
638 3691 775 3744 exstare
794 3692 830 3744 et
849 3731 855 3744 .
875 3730 881 3743 .
901 3729 909 3744 .
929 3689 1183 3758 impedirentur
1201 3691 1252 3741 cet.

261 3773 379 3841 Nescius,
397 3781 608 3850 utrumpreriue
626 3781 670 3844 sit,
689 3783 838 3850 possent
861 3784 895 3836 et
913 3769 1088 3838 auderent
1107 3785 1252 3842 exstare,

261 3885 310 3924 en:
328 3871 497 3926 auderent
516 3913 523 3928 .
542 3913 549 3928 .
568 3917 574 3930 .
594 3876 630 3929 et
647 3873 919 3942 impedirentur.
963 3873 1063 3932 iiccd.
1080 3873 1155 3929 Inid.
1176 3877 1252 3929 lue-

261 3961 415 4032 cipieednsn
431 3967 609 4020 exsterent
627 3967 681 4022 iem
699 3967 828 4032 Davisius
846 3967 990 4036 uerusque
1007 3971 1036 4023 et
1053 3967 1102 4024 elii
1120 3969 1255 4024 dierunt.
