2924 4660
345 265 407 328 592
609 291 622 324 ·.
715 263 956 334 Lib.1x.Cap.1.

303 463 465 526 arcadium
489 462 767 546 solem'agunt,
800 461 1030 544 interpretando
1052 461 1160 524 natum
1182 463 1273 543 post
1295 479 1369 524 me-

304 569 467 644 ridiem,
487 569 607 633 retento
631 568 761 632 solem.
814 567 871 632 Sol
890 589 1021 650 magnus
1042 567 1120 630 nihil
1143 569 1198 630 est.

405 673 524 746 lou-3,
558 673 594 738 4:
632 674 695 756 qui
724 677 855 750 (versus)
892 674 1069 758 quoniam
1107 675 1217 747 sunt,
1254 673 1296 734 ut
1330 670 1371 732 de

304 781 420 844 illius
443 780 573 844 Plauti
596 799 695 844 more
730 779 870 854 dicam,
908 778 1224 852 Plautinissimi,
1257 795 1372 858 prop-

303 889 416 950 terea
462 887 499 948 et
530 886 778 962 meminimus
815 904 881 950 cos
925 888 964 950 ct
1006 885 1279 967 ascripsimus.
1326 881 1373 945 Sic

306 992 450 1056 Hertzius
473 1009 489 1054 e
512 980 682 1067 codicibus;
707 991 877 1072 superiores
898 992 1031 1056 Plauti
1054 991 1248 1056 omittebant.
1292 989 1373 1052 Rec-

171 1084 177 1096 ’
305 1100 371 1162 turn
395 1101 457 1162 est:
479 1101 523 1161 ut
545 1097 591 1160 de
614 1095 699 1158 illio
721 1097 857 1162 Plauti
880 1117 986 1162 more
1008 1097 1145 1162 dicam.

406 1205 472 1268 lbd.
509 1202 537 1276 7,
570 1203 605 1268 8:
651 1202 793 1268 Consul
827 1204 988 1268 tribuno
1024 1201 1243 1286 respondit,
1282 1218 1374 1264 cou-

305 1308 443 1372 silium
466 1307 622 1391 quidem
658 1307 771 1373 istud
805 1327 910 1391 aequo
932 1310 1138 1392 providens
1161 1307 1239 1371 sibi
1264 1305 1375 1369 vide·

305 1415 398 1488 rior,
423 1415 488 1489 sed
510 1417 569 1478 oet.
628 1415 679 1480 Sic
700 1415 855 1488 Horisius,
879 1418 1014 1492 secutus,
1037 1415 1188 1480 Gronovio
1214 1410 1375 1484 suadente,

305 1521 442 1585 codicem
478 1521 611 1604 regium;
648 1520 916 1585 Rotteudorfianus
952 1523 1086 1603 atque.
1144 1517 1230 1584 Ferri
1268 1517 1376 1600 nequit

306 1644 407 1708 aeque
439 1643 590 1709 nusquam
624 1625 766 1689 relatum.
825 1627 947 1691 Excidit
978 1630 1050 1692 ante
1084 1625 1193 1690 istud
1240 1624 1374 1688 alterum

304 1730 491 1796 adiectivum
527 1732 567 1795 ad
609 1732 730 1796 litteras
766 1733 926 1814 particula
971 1734 1127 1815 quidem
1170 1729 1375 1795 similitudine

306 1837 472 1902 accedens:
509 1837 712 1902 consilium
745 1839 901 1921 quidem
936 1838 1068 1924 fidele
1107 1837 1218 1902 istud
1258 1839 1376 1918 atque

306 1941 516 2025 providens
540 1943 618 2008 sibi
639 1944 824 2009 viderier.
884 1945 997 2028 (Vulgo
1026 1945 1086 2008 iam
1111 1945 1183 2008 olim
1208 1943 1374 2008 edebatur:

306 2048 521 2112 consilium
544 2049 621 2113 sibi
643 2049 767 2114 fidum
789 2054 905 2134 atque
927 2069 1040 2135 prou,
1071 2068 1130 2114 non
1152 2053 1235 2114 recte
1259 2050 1374 2114 omisso
1442 2077 1443 2086 ¹

306 2153 434 2230 istud.)
488 2153 607 2219 Certior
638 2155 743 2220 tamon
776 2160 824 2222 cst
856 2157 1031 2221 emendatio
1067 2156 1147 2220 infra
1177 2156 1194 2244 ἓ
1235 2155 1290 2232 19,
1325 2157 1377 2220 nbi

306 2260 421 2324 editur:
466 2260 652 2326 Leonidas
686 2262 785 2331 Laco
818 2264 879 2346 qui
915 2263 1015 2339 (codd.
1052 2263 1124 2326 boni
1160 2261 1246 2326 lacu
1292 2264 1372 2344 qui)

250 2375 252 2381 '
307 2366 441 2430 simile
474 2368 576 2448 apud
617 2367 905 2452 Thermopylas
938 2370 1052 2442 fecit,
1095 2369 1254 2450 propter
1287 2369 1373 2431 eius

307 2472 478 2538 virtutes
508 2473 636 2538 omnis
672 2473 825 2548 Gracia
856 2475 1021 2558 gloriam
1053 2478 1167 2558 atque
1201 2473 1373 2556 gratiam
1442 2489 1443 2506 ³

250 2625 254 2634 .
307 2578 546 2660 praeoipuam
590 2579 850 2646 claritudinis
895 2565 1373 2664 inclytissimae'decore-

306 2703 398 2748 vero
432 2687 706 2752 monumentis
740 2691 797 2751 oet.
853 2686 958 2752 Oratio
989 2704 1113 2768 prorsus
1145 2704 1204 2750 non
1241 2687 1375 2751 cohaeret
1442 2755 1443 2760 ἵ

305 2791 351 2871 (in
375 2811 433 2873 quo
466 2809 579 2874 genere
601 2791 824 2858 nihilomnino
854 2792 1049 2877 negligentia
1069 2792 1285 2876 libertatisque
1306 2813 1373 2875 pro·
1442 2823 1443 2840 r

305 2896 379 2978 priae
406 2897 525 2962 Gellius
557 2898 676 2974 habet),
708 2899 881 2982 pendetque
918 2898 1130 2978 nominativus
1168 2898 1373 2978 (Leonidas
1442 2909 1443 2922 ¹

222 2999 228 3016 ⁸
307 3002 360 3079 L),
394 3004 532 3086 mireque
554 3003 664 3066 deinde
697 3004 828 3069 infertur
861 3008 1024 3088 propter
1046 3005 1141 3068 eius.
1193 3003 1292 3068 Prave
1315 3003 1374 3066 vir·
1442 2997 1443 3052 Ψ

306 3112 389 3174 tutes
423 3109 545 3191 (plurali
588 3111 728 3193 numero)
765 3129 820 3192 pro
865 3112 979 3178 virtute
1024 3112 1237 3194 appellantur,
1283 3111 1375 3193 prave

306 3215 466 3296 propter
510 3215 685 3279 virtutes
728 3216 854 3300 gloria
898 3219 1079 3283 decorata
1120 3217 1241 3282 dicitur.
1293 3216 1374 3280 Scri·

234 3311 236 3316 ’
305 3320 455 3384 bendum:
500 3321 697 3385 Leonidas
727 3320 828 3386 Laco
863 3321 1374 3407 qoiasimileapudTher-

306 3426 484 3509 mopylss
519 3426 639 3504 feoit,
677 3437 894 3510 propterea
930 3431 1015 3495 eius
1047 3429 1213 3492 virtutis
1249 3427 1375 3492 omnis

307 3530 1376 3619 Graecia(velpotiusomoesGroectlgloriamatquegratiam
1442 3531 1443 3540 ’

305 3638 1375 3728 praecipuamelaritudinisinclytissimaedecoravere
1442 3685 1443 3712 Τ

305 3745 566 3810 monumentis
608 3746 827 3822 (monumentis
867 3747 1058 3812 claritudinis
1089 3746 1175 3824 incl.)
1233 3747 1376 3812 Extremo

306 3850 408 3931 capite
439 3849 484 3936 (ξ
527 3852 579 3932 21)
624 3868 723 3938 errore
766 3852 847 3932 apud
890 3839 1070 3918 Hertzium'
1095 3853 1246 3935 scriptum
1286 3857 1374 3933 puto:
1442 3879 1443 3922 γ

307 3954 497 4020 Claudius
534 3959 661 4020 autem
705 3955 995 4040 Quadrigarius
1039 3959 1196 4024 annalis
1239 3959 1373 4028 tertio,

189 4133 191 4137 ,
306 4061 449 4142 quoniam
482 4062 653 4144 superiores
687 4061 846 4140 (Gronorii
879 4069 1009 4148 quoque)
1039 4065 1123 4128 recte
1154 4064 1287 4131 annali
1320 4081 1374 4128 neo
