2924 4660
577 247 691 306 uanius.
956 197 959 206 ¹
1070 251 1132 318 593

104 445 269 532 quicquam
301 448 333 510 in
368 444 573 528 discrepantia
595 446 757 529 scripturas
777 449 910 514 notatur.
956 449 1058 532 Certo,
1096 453 1176 536 quod

103 552 188 635 apud
213 552 389 620 Oioerononr
423 553 520 618 semol
546 551 661 636 legitur
691 552 793 634 (Brut.
821 552 876 631 58)
904 557 935 619 et
965 557 1045 642 apud
1076 557 1176 640 Quin-

107 659 251 726 tilianum
284 659 351 736 (VI,
384 656 413 735 3,
450 657 491 722 86
527 658 558 722 in
586 658 674 735 ioco),
701 658 984 742 frequentissimum
1020 666 1067 728 ost
1095 663 1176 746 opud

103 763 252 838 Gellium,
273 765 311 829 in
333 764 472 847 primo,
490 841 491 846 ἵ
506 765 546 828 in
567 763 752 840 secundo,
774 764 814 830 in
836 766 957 832 tortio
986 768 1124 833 annali
1145 769 1178 868 ot

103 871 151 938 sio
172 889 276 953 porro;
311 869 447 953 alioquin
477 868 667 933 intortio
695 869 915 950 annalium,
940 873 1093 956 quomodo
1115 892 1176 956 non

106 977 217 1044 minus
234 977 407 1066 frequentor
427 974 571 1058 loquitur,
610 974 773 1042 dicendum
796 979 883 1048 oran..
931 978 1030 1046 Unius
1051 980 1173 1048 annalis

103 1083 179 1150 libri
200 1082 304 1166 pluras
327 1100 384 1148 nso
406 1080 600 1176 Quadrigarii
614 1099 678 1152 ,nso
700 1082 830 1150 aliorum
854 1087 952 1152 eraut.

207 1188 274 1254 Ibd.
316 1187 364 1262 10,
412 1187 466 1252 14:
521 1185 769 1268 Discrimina
811 1189 929 1282 otiam
968 1187 1177 1271 periculo·
1271 1265 1274 1273 ¹

102 1314 186 1360 rum
210 1293 266 1372 (M.
290 1294 399 1375 Varro)
421 1294 461 1357 in
483 1292 627 1358 morbis
653 1294 799 1358 maiore
832 1295 867 1358 vi
888 1292 1118 1376 fieri‘putat
1138 1280 1176 1361 in

102 1401 268 1476 diebus,
303 1400 368 1482 qui
391 1397 658 1464 conficiuntur
682 1415 902 1465 annumero
927 1402 1176 1483 septenario,
1277 1397 1281 1404 ’

101 1525 253 1590 aosque
275 1505 359 1588 rii-os
381 1504 548 1569 omnium
571 1503 748 1577 maxims,
780 1505 838 1571 ita
870 1509 913 1571 ut
937 1505 1078 1572 modioi
1110 1525 1177 1590 ap·

103 1613 278 1698 pellant,
315 1609 542 1695 κρισίμους
576 1609 638 1673 oui
670 1608 801 1674 videri
833 1612 992 1694 primam
1030 1610 1177 1677 hobdo-

103 1718 257 1786 madam
291 1717 329 1782 et
361 1713 574 1781 secundam
601 1715 833 1782 attsrtism.
877 1715 1174 1786 Siooodioesboui.
1248 1751 1252 1759 ·
1294 1730 1329 1744 “

104 1823 294 1890 Exciderunt
324 1821 480 1905 quadarn,
513 1830 583 1884 oum
613 1820 652 1884 ad
680 1820 758 1885 hano
785 1821 848 1888 fere
868 1824 1054 1889 sententiam
1077 1824 1175 1908 scrip-

101 1935 174 1996 tum
210 1932 307 1996 assei:
341 1926 575 2011 ,κρισίμους
607 1925 708 2010 [enon
739 1928 825 1992 item
847 1929 1075 2013 infantibus
1097 1951 1178 1993 ease
1213 1993 1216 2000 ,

105 2034 351 2121 κρισίμους]
373 2032 501 2098 videri
539 2031 701 2116 primam
724 2033 1083 2102 hebdomadamoat.
1118 2035 1178 2102 Ssd

103 2144 140 2208 in
165 2142 225 2208 oui
248 2140 323 2224 quid
346 2141 453 2217 lateat,
477 2140 590 2204 nosoio.
601 2139 626 2216 ¹)

211 2247 277 2314 Lib.
299 2245 360 2320 lv,
397 2245 427 2320 6,
450 2243 469 2308 2
494 2245 651 2327 (quoniam
677 2243 716 2310 ds
740 2248 768 2322 1,
790 2246 809 2308 5
832 2249 864 2312 ot
885 2245 914 2320 2,
938 2246 963 2336 5¹
979 2248 1074 2314 otium
1099 2247 1175 2316 mihi

9 2361 17 2400 ’κ
103 2355 148 2420 ab
185 2352 254 2417 aliis
288 2352 413 2433 ¹fantum
449 2349 550 2428 video)
590 2351 622 2417 in
659 2354 785 2420 senatus
828 2353 981 2426 consulto,
1037 2353 1089 2419 ubi
1132 2353 1176 2420 sio
1261 2367 1263 2372 ·

9 2467 10 2472 ’
105 2459 255 2528 Hertnius
288 2458 397 2524 edidit:
436 2456 494 2520 uti
528 2456 572 2522 M.
612 2441 810 2522 Antonius
853 2458 983 2523 consul
1025 2457 1176 2524 hostiis
1254 2445 1292 2478 “’

9 2577 10 2582 ’
105 2565 330 2634 maioribus
363 2563 448 2626 Iovi
481 2564 519 2626 ot
550 2562 670 2630 Marti
703 2565 928 2645 procuraret
959 2563 997 2626 at
1029 2565 1175 2630 catoris

10 2759 11 2772 ἵ
104 2671 184 2743 dis,
208 2669 352 2752 quibus
374 2665 595 2742 videretur,
617 2666 860 2751 placand[is].
905 2667 994 2734 Ibus
1016 2668 1073 2734 uti
1094 2689 1176 2752 pro-

110 2899 192 2906 ...ο-...-
205 2901 212 2904 .

140 3047 162 3114 ¹)
183 3047 310 3102 Hertzius
329 3051 440 3103 romunt.
460 3035 531 3102 Gall.
559 3047 603 3102 111
621 3049 714 3117 (1868)
739 3065 764 3118 p.
796 3051 828 3105 13
846 3050 875 3102 at
893 3052 927 3105 14
946 3049 1001 3102 oni
1017 3048 1177 3118 simpliciter

181 3139 261 3205 dalet,
289 3142 406 3211 reliquas
424 3139 597 3195 difficultates
615 3155 668 3193 non
687 3138 809 3208 attingit.
853 3140 881 3196 C.
908 3143 949 3205 16,
969 3141 1085 3206 norim,
1115 3157 1176 3196 oum

183 3234 239 3288 solo
259 3234 379 3304 exemplo
399 3218 544 3302 Bipontino
571 3237 674 3298 uterer,
701 3235 891 3287 annotaveram
919 3234 1088 3289 scribendum
1106 3250 1177 3291 asso:

185 3327 339 3395 septimo
367 3315 538 3389 rarenter,
562 3340 807 3393 nonnunquam
832 3335 893 3395 (pro
917 3337 1097 3395 uunquamt
1122 3342 1178 3382 oa-

182 3423 273 3485 tavo,
316 3433 403 3488 stupe
448 3431 545 3480 nono,
590 3417 852 3486 saepiusnumaro
888 3416 1018 3473 daoimo
1057 3435 1178 3474 manao.

186 3512 352 3582 Prtaooptnm
371 3508 448 3564 video
467 3524 483 3563 a
500 3509 623 3566 Meursio.
656 3508 702 3564 sad
721 3511 850 3578 spretum.
892 3508 944 3574 Qui
963 3513 1052 3579 potest
1071 3511 1179 3568 tandem
1255 3525 1257 3530 ·

181 3583 342 3672 quemquam
372 3602 539 3658 admonitum
557 3589 660 3657 ¹fullero
685 3604 794 3671 apertus
817 3617 864 3670 par
887 3599 987 3670 gratim
1004 3617 1130 3656 ascensus
1150 3605 1179 3655 at

182 3695 241 3763 ipsa
257 3697 296 3750 rei
313 3694 476 3749 necessitas?
516 3691 587 3749 Nam
616 3694 686 3763 quod
704 3696 756 3752 Iao.
776 3693 934 3757 Gronovius,
953 3694 1108 3763 prostantis
1127 3695 1180 3748 viri

184 3786 257 3841 iilius
275 3803 368 3858 parurn
397 3787 505 3849 similis,
536 3786 687 3855 opinionem
705 3785 774 3840 hano
806 3787 953 3856 (nunquam
972 3787 1066 3839 octavo
1085 3801 1176 3838 menso

183 3879 319 3934 hominem
337 3879 422 3940 nascit
441 3877 531 3933 refelli
549 3881 638 3947 putat,
658 3893 742 3948 nsque
755 3876 921 3932 'refelluntur
939 3876 994 3930 huo
1012 3877 1113 3946 postea,
1132 3877 1179 3932 sod

186 3973 385 4034 confirmantur,
417 3985 502 4040 neque
525 3969 578 4024 init
595 3986 713 4039 unquam
731 3973 787 4025 tarn
807 3969 893 4024 itnlta
911 3968 1011 4038 opinio,
1042 3985 1101 4038 qua
1120 3985 1182 4039 sap·

186 4065 253 4120 timo
272 4064 381 4134 quidem
397 4079 487 4120 mansa
506 4062 641 4118 hominem
660 4062 858 4130 nasoipnturot,¹
869 4059 1020 4118 sadootavo
1038 4077 1184 4131 nunquam.

166 4157 430 4193 ornumornum-..run
454 4158 474 4190 u.
949 4161 982 4218 ³⁸.
