2970 4648
311 251 375 315 452
671 252 950 325 momorum

369 453 437 518 Lib.
460 453 521 530 Vl,
558 453 592 528 2,
614 454 659 524 13:
703 453 792 520 Sine
815 454 931 519 dubio
955 453 995 518 id
1027 473 1138 519 unum
1165 456 1334 538 periculi

269 559 381 624 uobis
425 561 522 627 satis
565 566 688 638 esset,
731 559 827 643 quod
864 561 1032 626 tremunt
1066 563 1198 638 terrac,
1239 563 1333 645 quod

270 664 401 732 subito
448 664 695 750 dissipantur
745 684 786 731 ac
835 666 1086 750 superposita
1128 666 1331 732 deducunt

268 770 363 835 Ridet
384 771 508 847 Seneca,
541 773 577 836 ut
597 771 763 838 comedunt
784 773 816 836 et
840 791 908 855 quae
928 770 1116 838 antecedunt
1138 775 1170 838 et
1190 791 1258 855 quae
1282 791 1331 840 se·

267 879 416 958 quantur,
452 897 513 957 eos,
546 879 598 961 qui
627 882 718 943 terroe
749 880 898 944 tumores
932 876 1107 960 similiaque
1134 878 1332 943 vehementer

268 983 390 1061 timent,
421 985 509 1066 quasi
536 1002 597 1048 non
629 982 763 1066 undique
798 983 936 1050 homiues
972 984 1068 1049 etim
1100 1003 1137 1049 ex
1167 983 1330 1050 levissimis

268 1089 369 1154 causis
389 1090 527 1173 pericula
546 1089 692 1156 interitus
714 1090 923 1154 circumstent.
981 1089 1089 1172 ltaque
1118 1087 1259 1172 ineptum
1284 1092 1331 1158 est

269 1196 369 1260 satis
405 1200 517 1262 esset
577 1196 618 1261 Ilt
649 1195 768 1260 codices
799 1195 840 1278 (ll
878 1195 1003 1279 aliique)
1036 1194 1134 1261 satis
1170 1196 1327 1262 omittunt

268 1299 471 1366 scribendum
493 1303 542 1367 est
559 1303 670 1386 igitur:
714 1301 805 1366 Sine
832 1301 950 1366 dubio
970 1301 1008 1366 id
1029 1318 1141 1365 unum
1162 1301 1329 1382 periculi

267 1406 377 1472 nobis
399 1418 467 1486 est,
490 1408 586 1492 quod
607 1410 665 1473 oct.
709 1406 831 1472 Irouicc
851 1406 1027 1472 affirmatur
1050 1407 1109 1470 hoc
1132 1423 1228 1470 unum
1252 1425 1328 1484 esse,

266 1513 302 1576 ut
331 1513 530 1596 significetur,
565 1515 664 1580 multa
696 1513 758 1579 alia
788 1531 865 1578 esse.
907 1512 1063 1578 Notabilis
1092 1512 1143 1577 bic
1172 1513 1205 1576 in
1232 1512 1329 1578 ironia

267 1605 340 1684 usus
374 1638 484 1686 vocum
522 1619 608 1685 siue
639 1620 779 1698 dubio,
811 1637 879 1702 quae
910 1618 992 1702 apud
1014 1618 1163 1684 Senecam
1187 1621 1218 1684 et
1239 1619 1327 1684 buius

266 1725 367 1790 actam
388 1727 551 1810 scriptores
571 1727 602 1790 io
624 1725 820 1791 concedendo
841 1726 914 1807 poni
935 1724 1046 1804 solent,
1067 1724 1217 1807 reperitur
1232 1725 1327 1790 etiam

266 1831 352 1914 epist.
375 1831 425 1906 48,
460 1833 498 1896 6:
520 1833 607 1898 siue
629 1831 750 1898 dubio
771 1831 984 1897 verendum
1006 1832 1084 1906 est,
1105 1850 1149 1895 ue
1170 1831 1326 1914 quaudo

264 1936 303 2001 in
325 1937 557 2020 muscipula
589 1937 773 2020 syllabas
801 1938 955 2021 capiam
984 1939 1054 2002 aut
1166 1955 1325 2002 caseum

263 2043 370 2108 liber
402 2043 595 2109 comedat.
649 2044 793 2110 Proxima
826 2044 856 2127 (ξ
896 2043 930 2122 4)
965 2043 1011 2108 sic
1045 2041 1223 2108 scribenda:
1264 2043 1326 2108 Ita

264 2149 460 2214 videlicet
486 2150 573 2215 nati
595 2168 750 2227 sumus,
776 2151 855 2215 tam
877 2148 1023 2216 felicia
1050 2147 1193 2214 sortiti
1213 2167 1324 2213 mem·

263 2256 349 2333 bra,
392 2257 430 2320 io
466 2257 567 2320 hano
598 2249 919 2341 magnitudinem
942 2256 1160 2329 crevimus,
1193 2263 1234 2315 at
1259 2260 1323 2338 (pro

265 2364 316 2442 et)
338 2361 383 2426 ob
404 2361 476 2428 hoo
497 2363 578 2428 uisi
598 2361 733 2427 mundi
754 2361 943 2444 partibus
963 2361 1085 2432 motis
1192 2361 1324 2443 perire

263 2486 336 2532 uon
352 2469 551 2551 possimos
572 2474 638 2551 (pro
659 2471 894 2551 possumus).

361 2574 541 2652 11)(1.6,2;
578 2575 686 2640 sicut
714 2574 753 2638 io
783 2573 964 2657 navigiis
988 2591 1142 2657 quoque
1165 2571 1321 2647 euenit,

263 2682 321 2756 ut,
365 2680 399 2746 si
445 2679 651 2745 inclinata
688 2681 783 2744 suut
825 2681 864 2744 eb
900 2678 1090 2746 abierunt
1126 2678 1323 2754 inlatus,

263 2803 402 2869 aquam
424 2787 634 2862 sorbeant,
666 2803 748 2868 quae
780 2784 953 2849 inomni
986 2802 1150 2850 onerum
1172 2803 1321 2858 eorum,

262 2911 344 2974 quae
376 2891 504 2970 vehit,
548 2891 582 2957 si
623 2889 837 2956 immodice
873 2889 1070 2974 depressa
1107 2892 1217 2966 sunt,
1261 2892 1322 2955 aut

262 2997 575 3078 superfunditur
620 2998 685 3062 aut
727 2997 839 3060 certe
882 2995 1021 3062 dextra
1071 2997 1321 3082 sinistraque

262 3101 391 3168 solito
426 3103 554 3187 magis
587 3103 729 3188 surgit.
778 3101 828 3166 Sic
859 3101 902 3176 ll,
933 3119 988 3185 pro
1022 3121 1082 3185 qua
1111 3104 1262 3187 scriptura
1291 3104 1321 3168 iu

261 3206 329 3273 aliis
355 3207 567 3291 interpolando
590 3209 791 3275 substitutum
819 3209 881 3272 eat:
908 3205 948 3272 in
978 3209 1083 3274 omui
1110 3227 1231 3274 onere
1260 3228 1320 3274 eo·

259 3333 358 3386 rum,
394 3315 459 3380 sine
490 3333 590 3380 seusu.
647 3313 827 3398 scripserat,
856 3314 892 3378 ut
922 3313 1035 3398 opinor.
1068 3314 1201 3382 Seneca:
1240 3335 1319 3400 quse

312 3421 472 3504 patiens
492 3438 652 3486 onerum
675 3438 823 3498 eorum,
856 3439 938 3503 quae
969 3422 1099 3501 vehit,
1124 3421 1159 3487 si
1180 3423 1319 3488 immo·

259 3526 349 3592 dice
371 3526 562 3610 depressa
583 3527 692 3604 suut,
713 3528 781 3592 aut
801 3529 860 3590 cet.
1045 3581 1048 3588 r

359 3633 425 3698 lbd.
446 3633 476 3707 7,
498 3631 536 3710 5,
571 3633 624 3698 ubi
652 3632 690 3697 de
716 3633 804 3716 aquia
826 3633 858 3698 et
880 3632 959 3696 mari
987 3632 1185 3699 subterraneo
1206 3634 1315 3718 agitur,

260 3758 341 3804 nuno
363 3739 479 3804 editur:
513 3738 577 3821 qui
610 3758 686 3804 noo
716 3737 844 3804 credit
871 3739 908 3802 iu
942 3739 1174 3805 abscondito
1200 3741 1317 3805 terrae

258 3846 370 3910 sinus
391 3844 513 3910 maris
529 3843 653 3922 vasti;
675 3844 845 3926 superiores
856 3846 1016 3910 senserant
1026 3844 1196 3910 desiderari
1217 3863 1316 3924 esse,

258 3951 313 4017 secl
344 3952 412 4017 loco
440 3969 500 4016 non
529 3951 611 4014 recto
636 3952 816 4033 posueraot;
849 3949 962 4016 excidit
989 3951 1070 4015 enim
1097 3951 1179 4017 inter
1211 3955 1314 4016 eote
