2956 4648
506 316 536 372 L.
551 281 660 370 'Seneca
678 315 814 387 Epistola.
875 387 878 392 .
959 331 966 354 i
1093 317 1154 381 495

136 512 203 576 aevi
226 513 423 594 sapientia
445 515 563 578 notos.
605 513 711 596 Neque
734 514 858 578 verbum
882 515 1019 596 (perieoti
1049 519 1198 600 temporis

26 599 29 604 ’
135 619 166 681 et
187 633 241 698 per
263 637 296 682 se
320 618 470 702 positum)
502 619 608 684 abesse
638 622 741 702 potest
769 638 866 702 neque
897 621 968 685 aevi
996 622 1067 686 ferri
1091 624 1196 686 autin

136 723 281 787 orationis
324 723 454 787 termam
496 723 610 789 includi
662 736 745 802 qnam
791 726 874 790 aliud
916 728 964 792 est
1005 717 1074 792 aevi
1117 729 1194 805 sui).

136 825 304 910 Soripsernt
317 827 447 892 Seneca:
470 830 574 894 inter
595 833 740 912 septem
750 830 835 914 fuit
857 832 1055 914 sapientia
1076 837 1196 900 notos.

134 933 178 997 Ex
200 933 299 998 FUIT
320 933 435 998 fautum
458 936 506 1000 est
526 935 633 1011 EUlT,
656 935 765 1000 deinde
788 937 868 1001 aevi.
913 937 993 1001 Tum
1015 939 1032 1022 ᾗ
1058 940 1095 1000 17
1119 940 1193 1018 (15),

135 1038 187 1102 ubi
208 1039 323 1103 Seneca
345 1038 433 1102 iaoile
468 1040 500 1102 et
521 1039 587 1104 sine
610 1041 675 1105 arte
697 1037 798 1123 parari
820 1041 984 1124 haberique
1006 1043 1095 1120 dicit,
1128 1063 1197 1127 quaa

135 1143 173 1207 ad
196 1144 329 1208 calorem
361 1145 517 1228 frigusque
540 1145 700 1210 vitandum
737 1147 909 1211 neeessaria
930 1149 1000 1224 sint,
1036 1149 1195 1214 scribitur:

136 1249 234 1328 Quid
271 1253 385 1335 ergo?
417 1268 490 1314 non
530 1251 707 1316 vetustas
741 1252 865 1316 multa
898 1253 1057 1318 abdidit
1090 1255 1193 1329 looa,

135 1375 214 1438 quae
242 1406 248 1418 .
277 1405 284 1421 .
315 1406 321 1418 .
349 1357 387 1421 in
410 1373 563 1438 specum
586 1359 866 1422 recesserunt?
909 1358 942 1422 si
964 1359 1134 1424 abdidisset
1156 1379 1193 1424 ea

134 1462 259 1538 natura,
297 1461 374 1524 nihil
396 1461 538 1525 homines
560 1461 710 1528 iuvarent.
762 1461 963 1528 Scribendum
997 1467 1045 1531 est
1080 1467 1193 1529 dedit.

134 1565 225 1630 Error
248 1585 283 1630 ex
304 1568 460 1650 geminato
483 1589 502 1626 a
526 1568 615 1631 natus
640 1569 696 1632 est.
741 1571 760 1648 5
795 1568 834 1630 18
856 1569 920 1649 (17)
953 1570 1086 1652 primum
1120 1573 1194 1636 sori·

134 1671 268 1736 bendum
302 1675 365 1736 est:
409 1673 530 1736 'Poeta
571 1672 870 1756 tegumentaque
1017 1678 1053 1740 et
1096 1677 1193 1753 eibi,

134 1791 212 1860 qua
235 1777 338 1860 (vulgo
370 1780 406 1842 et
439 1783 529 1860 quae)
562 1796 661 1841 nuno
692 1776 826 1862 ingens
852 1781 1066 1864 *negotium
1089 1782 1195 1847 taeta
1278 1832 1281 1843 .

133 1885 233 1958 sunt,
268 1883 378 1948 obvia
410 1889 520 1964 erant
552 1884 589 1946 et
610 1884 801 1966 gratuita,
839 1889 907 1964 oet,
941 1887 1049 1952 deinde
1070 1889 1101 1951 in
1124 1905 1194 1969 pro·

132 1989 221 2062 ximo,
254 1988 307 2052 ubi
327 1990 359 2052 iu
393 1988 495 2053 codiee
521 1989 636 2070 optimo
659 1989 709 2066 (Β)
731 1990 888 2061 scribitur:
921 1993 1056 2056 modus
1090 1994 1192 2057 enim

133 2093 301 2158 omnium
339 2097 451 2174 prout
485 2087 711 2160 nenessitas
745 2098 843 2171 erat,
880 2115 938 2161 non
962 2097 1134 2164 addendum
1157 2117 1193 2163 ex

133 2200 243 2264 ceteris
266 2200 314 2263 est
346 2199 575 2282 postulabat
610 2201 738 2282 (prout
771 2201 865 2284 post.
895 2209 986 2279 neo),
1013 2203 1067 2268 sed
1089 2205 1193 2268 detra·

37 2289 40 2295 ⁴
132 2305 264 2370 bendum
290 2305 595 2387 interpretamentum
617 2309 786 2388 prout‚u
822 2307 1027 2389 relinquatur:
1060 2308 1215 2373 modus.

132 2411 228 2475 enim
260 2411 425 2474 omnium
458 2411 684 2475 nenessitas
721 2413 811 2477 erat.
871 2411 901 2493 (ἕ
932 2411 971 2472 26
1004 2412 1073 2496 [27]
1103 2413 1194 2478 buius

132 2517 268 2598 epistolae
301 2517 348 2582 bis
370 2515 533 2581 emendavi
563 2516 621 2581 vol.
645 2517 659 2579 I
682 2535 712 2597 p.
735 2515 774 2578 82
799 2519 831 2580 et
852 2515 914 2593 59.)
959 2517 1076 2582 Deinde
1099 2517 1115 2599 ξ
1143 2515 1194 2590 28,

133 2623 185 2686 ubi
210 2621 329 2687 oodioes
351 2621 459 2703 optimi
483 2621 523 2699 (B
546 2624 577 2686 et
601 2624 640 2693 A)
662 2621 791 2684 babent:
814 2621 902 2703 quid
926 2622 962 2685 in
984 2622 1192 2686 secundam

132 2729 325 2791 numinum
368 2727 526 2791 formam
562 2727 704 2792 animae
747 2727 972 2808 perpetitae,
1018 2727 1192 2793 faoiendum

130 2831 192 2895 est:
224 2832 321 2915 quid
344 2832 381 2896 in
404 2831 617 2898 seeundum
648 2831 843 2896 numinum
876 2832 1037 2896 formam
1061 2832 1193 2897 animae

130 2946 300 3020 recepta.
343 2937 441 3002 Valde
462 2938 540 3003 latet
560 2941 684 3002 externa
705 2937 805 3018 speeie
829 2937 1015 3014 obvelatum,
1037 2939 1192 3004 sententia

131 3043 329 3108 manifestum
362 3047 410 3109 est
442 3037 587 3108 mendum
619 3044 651 3108 in
685 3042 765 3128 §31
798 3041 882 3120 (32):'
916 3041 1004 3106 Haeo
1034 3042 1194 3109 inventa

130 3150 239 3225 suut,
273 3151 477 3232 postquam
511 3151 731 3232 sapientem
768 3148 947 3212 invenire
979 3148 1192 3216 desivimus

51 3258 55 3267 '
130 3253 167 3331 (B
191 3254 381 3332 desimus).
433 3253 558 3334 Quando
581 3255 676 3338 igitur
698 3255 837 3320 homines
860 3255 1031 3336 sapientem
1053 3255 1192 3321 invenie·

128 3361 226 3424 bant?
248 3362 280 3424 et
308 3361 428 3442 quando
452 3360 628 3425 desierunt?
681 3359 751 3424 Non
785 3359 821 3423 de
843 3360 992 3442 sapientis
1013 3361 1193 3426 inventione

128 3467 161 3529 in
184 3465 389 3550 superioribus
411 3464 526 3528 dietum
549 3467 609 3542 est,
644 3465 698 3530 sed
722 3465 760 3530 de
782 3454 912 3530 aliarum
941 3483 1042 3529 rerum
1065 3453 1191 3549 abipso

128 3573 313 3637 inventione.
373 3569 554 3636 Posidonius
592 3573 673 3636 enim
710 3571 785 3636 olim
827 3573 982 3654 sapientes
1016 3573 1114 3636 multa
1152 3572 1191 3636 ad

128 3677 200 3740 vitae
238 3696 328 3742 usum
366 3676 535 3758 repperisse
571 3676 705 3752 dixerat,
741 3679 846 3760 postea
874 3696 906 3742 se
936 3677 974 3740 ab
996 3677 1113 3741 artibus
1135 3679 1190 3742 ab·

130 3782 250 3846 duxisse
284 3781 317 3868 (ξ
340 3781 379 3844 29
402 3781 492 3864 [30]).
538 3782 662 3865 itaque
685 3782 844 3848 sententia
874 3782 1069 3864 aptissimum
1091 3785 1192 3848 esset:

128 3871 330 3970 postquam
374 3886 530 3968 sapiens
574 3888 906 3963 inveniredesiit;
951 3887 1005 3953 sed
1046 3889 1189 3969 quoniam

127 3992 186 4056 hoo
206 4053 208 4057 ,
230 3992 368 4056 oodioum
410 3991 541 4074 vestigia
574 3994 758 4084 excludunt,
792 3993 883 4058 soribi
918 3977 1040 4057 videtur
1062 3993 1188 4058 debere:
