2978 4644
301 257 361 322 rw
658 255 923 327 mmmu

258 475 338 540 quen
380 467 483 532 scal,
526 457 779 540 qeninsmodi
825 455 914 520 sict.
983 453 1071 528 eddd.
1120 473 1199 538 quaa
1242 454 1328 524 siue

258 583 385 646 quare
407 562 562 644 desint)
1313 599 1325 636 ,-

357 669 425 736 Ibd.
457 688 487 751 p.
522 668 581 732 141
607 669 709 733 cetera
742 669 796 732 ant
826 664 950 760 omuino
972 664 1056 730 recte
1077 663 1245 732 Muellerus
1267 666 1326 732 ad·

257 775 446 842 ministravit
473 773 566 858 (quod
589 772 717 846 sustulit
747 771 896 834 babent
917 771 950 834 et
970 787 1057 836 uena
1078 771 1241 836 sententis
1261 771 1323 836 iui-

256 878 622 946 tiumfocitiubisddce
643 889 677 942 et
692 877 858 963 femine)
880 877 934 942 aut
954 875 1059 959 aliqua
1080 895 1117 942 ex
1138 880 1246 962 parter
1269 877 1324 944 ssd

256 985 382 1070 reliquit
415 1003 543 1069 pravam
576 985 800 1050 sententiarum
827 981 1052 1058 confusioneme
1087 982 1133 1047 sic
1158 983 1241 1048 onim
1273 1001 1324 1050 ss·

256 1092 401 1175 psraudae
424 1097 511 1157 sunl:
533 1090 708 1176 qnodque
732 1090 774 1155 de
795 1089 858 1154 bis
881 1105 1080 1172 perpauca
1099 1091 1206 1167 suut,
1239 1105 1324 1172 qua

256 1197 427 1264 habeant
455 1195 644 1280 quandam
665 1193 981 1260 communitatem
1007 1193 1079 1260 dei.
1136 1191 1184 1258 Ill
1215 1194 1323 1260 servi

256 1303 416 1369 nomina
452 1304 511 1369 cet.
566 1302 616 1380 (V.
650 1298 974 1366 communitatem.
1017 1299 1091 1364 Dei
1129 1303 1168 1366 et
1199 1300 1324 1377 serui,

256 1407 385 1474 ridicula
418 1408 586 1474 coniunctis
619 1407 675 1473 deo
703 1405 876 1482 electris)
926 1403 973 1470 nx
1007 1404 1055 1470 bis
1082 1406 1210 1490 apparot
1231 1423 1324 1488 supra

257 1532 376 1596 quoque
410 1513 527 1580 dictum
550 1531 630 1586 esse,
664 1530 782 1577 marem
811 1513 844 1576 et
871 1511 1019 1576 feminam
1040 1528 1100 1575 non
1122 1510 1221 1576 solum
1242 1512 1325 1578 iuter

258 1638 292 1684 se
313 1620 496 1686 societatem
517 1619 640 1694 babere,
676 1617 731 1682 sed
755 1617 850 1708 atium
873 1614 1021 1692 cumdio,
1044 1616 1126 1699 quod
1146 1616 1234 1691 latet
1269 1618 1323 1683 nbi

257 1723 402 1790 scribitur
417 1746 498 1786 eum
511 1723 587 1805 hie..
603 1721 873 1788 Formacrationis
886 1721 1062 1788 huiusmodi
1071 1721 1136 1787 fero
1149 1721 1225 1788 luit:
1239 1723 1322 1790 Mas

257 1832 294 1894 et
314 1829 463 1895 femina
487 1829 633 1894 babent
652 1827 754 1893 iuter
775 1827 1168 1910 senaturaquaudam
1191 1828 1325 1894 socio-

256 1936 381 2002 tatem
403 1936 441 2001 et
461 1953 545 2010 curu
560 1934 638 2018 die5
658 1931 968 2016 neutra[uullam
989 1932 1135 1998 babent
1156 1935 1323 2001 societa-

256 2041 346 2126 tem]
367 2041 468 2126 quod
488 2041 580 2107 sunt
602 2039 763 2106 diversa
785 2039 890 2106 iuter
918 2055 957 2104 ss
979 2039 1133 2120 (perverse
1154 2039 1322 2108 Muellerus

258 2147 360 2231 quod
403 2165 472 2212 uon
515 2147 615 2226 sunt)
658 2145 829 2231 quodque
869 2137 939 2212 cet.¹
996 2143 1076 2209 Tum
1111 2145 1320 2214 scribendumr

260 2252 599 2335 Serea(ucnservi)
620 2252 773 2318 uomina
794 2251 890 2336 quod
911 2269 985 2317 non
1006 2250 1102 2316 ilem
1121 2254 1166 2317 ut
1186 2252 1322 2318 libera

254 2361 392 2425 nostra
426 2359 653 2433 transeunt,
697 2356 830 2422 cadom
867 2357 928 2422 ast
959 2375 1116 2424 causa..
1141 2359 1255 2443 Agitur
1283 2359 1323 2424 de

254 2465 416 2531 servilibus
447 2463 634 2544 nominibus,
667 2483 735 2547 quse
770 2463 867 2530 Varro
900 2483 997 2542 ema,
1029 2463 1181 2530 coutrmia
1199 2463 1324 2543 liboris·

254 2571 340 2646 dixit
372 2588 434 2636 nou
457 2569 495 2634 da
516 2569 608 2636 unius
630 2571 720 2635 servi.
777 2569 939 2636 Postremo
960 2568 1146 2646 revocanda,
1181 2569 1322 2644 adbibita

252 2677 380 2744 meliore
412 2677 637 2742 sententiarum
659 2675 863 2758 separatione,
899 2674 1040 2740 omnium
1061 2676 1202 2742 codicum
1223 2678 1321 2759 scrip,-

252 2785 323 2848 turs
342 2784 375 2848 in
397 2783 456 2858 bis,
488 2801 556 2866 quae
579 2781 762 2866 Spengelius
784 2783 818 2846 et
837 2780 1007 2847 Muellerus
1037 2780 1166 2846 Victorii
1187 2799 1320 2848 errorem

253 2889 353 2954 secuti
375 2891 589 2970 corruperunt:
609 2906 653 2952 ac
675 2887 823 2953 dieitur
843 2887 1055 2953 Terentius
1077 2887 1151 2964 vir,
1174 2888 1330 2958 Morem.

252 2993 308 3058 tis
330 2993 494 3072 femina,
528 2992 752 3060 Terentium
772 3011 903 3076 genus.
947 2993 991 3058 lu
1017 2993 1320 3076 praenominibus

230 3098 337 3184 ,ideo
359 3117 428 3164 nou
449 3098 499 3164 fit
518 3098 613 3164 itam
634 3098 694 3163 cet.

352 3203 420 3270 [bd
456 3223 485 3286 p.
522 3204 597 3269 144:
641 3203 765 3282 Quare
803 3203 840 3269 in
872 3206 1039 3289 utroquo
1075 3204 1243 3286 denique
1278 3219 1323 3266 re

251 3310 434 3376 scindere
474 3309 664 3374 nouantur
707 3308 942 3391 analogiam.
997 3312 1142 3395 Ineptum
1176 3309 1316 3392 dmiccc,

251 3417 390 3500 ineptum
418 3414 562 3480 eciem.
614 3413 701 3478 nuit:
748 3412 874 3491 Quare
911 3415 953 3480 in
980 3425 1146 3500 atroque
1177 3414 1319 3498 inique

250 3521 470 3586 rescindere
490 3521 678 3586 conantur
698 3519 933 3602 analogiam.
992 3519 1054 3587 Gir.
1076 3541 1105 3606 p.
1129 3517 1189 3582 142
1212 3525 1251 3596 (c.
1275 3517 1323 3598 38

251 3629 361 3710 extr.):
413 3626 602 3705 Quocirca
639 3626 677 3690 in
708 3624 838 3690 tribus
870 3625 1083 3708 generibus
1116 3623 1314 3690 nominum

249 3733 382 3816 inique
403 3733 556 3797 tollunt
588 3729 806 3814 analogias.
859 3729 907 3794 Ibi
928 3749 1048 3814 quoqne
1080 3729 1183 3814 inique
1205 3729 1318 3815 dopna..

249 3840 356 3904 natum
378 3838 410 3902 iu
433 3836 586 3903 codicibus
608 3835 666 3913 est,
686 3835 723 3898 ut
743 3835 876 3900 oscetin
898 3856 974 3919 queo.

349 3943 467 4009 Eadem
478 3961 549 4026 pag.
561 3941 625 4020 (ubi
637 3944 721 4006 recte
732 3940 900 4006 Muellerus
911 3942 1004 4022 verba
1023 3960 1091 4026 quse
1112 3941 1200 4019 snut:
1218 3939 1321 4020 Qui--

250 4049 319 4114 bus
343 4047 576 4131 responderi
597 4047 822 4129 polestuou
843 4065 927 4113 esse
949 4045 1314 4131 reprehendendum
