2918 4652
582 304 712 362 Iustinus.
1079 297 1141 361 627·

221 499 288 564 Lib.
321 489 462 576 XXXIV,
500 499 528 579 2,
561 501 597 564 7:
642 502 736 565 Dum
771 502 850 567 hacc
893 505 1078 586 aguntur,
1121 505 1183 568 roi

118 606 241 690 Syrie
261 605 483 672 Antiochus
505 605 726 683 Ptolemaeo,
757 607 919 674 maioris
940 610 1087 675 sororis
1109 629 1182 675 sua

117 711 231 788 filio,
264 711 346 794 regi
378 711 548 797 AEgppti,
582 713 728 778 bellum
764 715 895 779 inient.
948 711 1045 779 Scrib.
1070 715 1182 780 littere

119 815 327 904 geminatione
350 819 489 884 subluto:
526 817 666 879 maiori
696 816 839 882 sororis
875 820 1064 886 suaefilio.
1112 821 1180 887 Vid.

117 921 139 1008 ξ
161 921 192 998 8,
214 923 268 987 ubi
289 924 389 989 minor
420 924 510 989 huius
528 923 626 988 xirater
646 922 760 999 (minor
782 923 894 990 soron‘s
914 924 1008 1004 iilius)
1040 926 1179 992 nomine-

116 1032 181 1094 tur.¹
207 1028 295 1104 'lssed
329 1029 386 1094 hoc
416 1047 536 1112 quoquc
566 1030 596 1092 in
632 1029 747 1112 aliquot
769 1029 924 1095 codicibus
948 1032 1182 1098 obeditionibus

110 1136 188 1200 ‘essc
210 1135 318 1211 video.)
1157 1135 1159 1138 ’

220 1242 287 1306 Lib.
303 1241 429 1318 XXXV,
454 1239 538 1316 1,··6:
574 1241 709 1324 ltaque
731 1239 982 1323 (Antiochenses)
1003 1243 1183 1308 adiuvan-

119 1347 230 1412 tibus
255 1349 292 1412 et
313 1348 527 1421 Ptolomaeo,
554 1364 641 1429 rege
663 1345 831 1430 AElgypti‚
863 1349 900 1410 et
921 1348 1070 1422 Attalo,
1093 1367 1183 1433 roge

118 1455 233 1526 Asiae,
268 1452 548 1525 athriaratha,
581 1451 844 1535 Cappadociae,
878 1452 981 1517 bello
1009 1454 1207 1520 aDeme··
1249 1514 1252 1521 .

117 1560 195 1624 trio
224 1559 411 1640 lacessiti
439 1560 650 1624 subornant
678 1558 809 1622 Boiam
841 1558 911 1633 (hoc
929 1562 1045 1640 sparte
1077 1562 1188 1626 subest*

115 1666 148 1729 in
170 1667 389 1748 propalam)
413 1663 615 1748 quendam,
648 1663 768 1728 sortis
791 1667 972 1728 extremae
995 1665 1181 1743 iuvenem,

117 1773 175 1838 cat.
220 1771 449 1837 Antiochenses
481 1787 540 1833 non
565 1769 658 1842 'bello
690 1768 825 1834 leccaciti
854 1773 940 1834 erant
968 1789 987 1834 a
1015 1770 1182 1848 Demetrio,

117 1875 173 1940 sad
195 1893 267 1940 cum
289 1877 350 1959 ipsi
372 1877 410 1940 ab
432 1893 468 1940 eo
490 1874 684 1951 defecissent,
713 1874 858 1940 auxilium
881 1879 1064 1959 acceperunt
1084 1879 1124 1943 cb
1144 1880 1183 1944 iis

117 1983 262 2066 regibus,
299 2001 373 2066 quos
404 1980 457 2046 illc
487 1982 567 2046 bello
596 1981 781 2046 lacessisset.
834 1981 876 2044 Et
908 1983 956 2046 est
988 1981 1128 2074 lacessi
1135 1985 1190 2047 tis*

117 2089 290 2172 (geminata
321 2089 439 2169 littera)
470 2087 503 2152 in
524 2088 550 2151 ll
572 2090 604 2152 et
624 2087 742 2152 duobus
775 2086 843 2152 eliis
875 2087 991 2172 fuitque
1011 2090 1044 2153 in
1066 2108 1128 2155 uns
1152 2097 1184 2156 ot

118 2193 216 2258 altare
240 2193 377 2262 editione.
1187 2209 1190 2222 ·

216 2299 285 2365 Lib.
319 2292 465 2374 XXXVL
499 2300 526 2372 l,
566 2299 621 2364 10:
665 2299 815 2364 Iudaeos
847 2318 1012 2383 quoquo,
1044 2301 1108 2382 qui
1144 2301 1183 2364 in

115 2404 364 2470 Macedonico
399 2404 565 2486 imperio
597 2407 665 2470 sub
687 2405 884 2470 Demetrio
918 2407 1036 2487 patre
1065 2407 1183 2470 armis
1254 2439 1255 2442 ¹
1312 2419 1314 2424 ·

115 2512 215 2582 scin
249 2509 483 2574 libertatem
516 2509 835 2586 vindicaverant,
869 2507 1035 2592 subegit.
1085 2509 1182 2576 Scrib.

117 2617 181 2699 qui
210 2639 232 2678 a
263 2599 515 2680 Macedonico
545 2614 725 2695 imperio,
761 2615 820 2678 nisi
852 2633 944 2680 ausus
975 2618 1023 2681 ost
1046 2615 1183 2680 lustinus
1276 2623 1277 2626 ’

116 2719 365 2802 propositionem
387 2739 510 2803 prorsus
532 2719 720 2798 omittcra.¹)
764 2719 828 2804 [Sic
851 2717 914 2784 iam
937 2719 1100 2804 Bongam]

216 2824 286 2890 Ibd.
309 2825 348 2900 3„
376 2827 412 2890 5:
456 2826 528 2891 Sed
560 2843 630 2890 non
662 2827 783 2891 minor
814 2824 890 2890 loci
920 2825 1001 2890 eiua
1037 2825 1183 2908 aprici-

118 2932 217 2997 tatis
247 2951 361 3014 'quam
384 2932 578 2998 ubertatis
614 2930 818 2998 admiratio
841 2933 908 2996 est.
952 2933 996 2997 At
1016 2931 1095 2996 silva
1116 2934 1182 2995 tec·

119 3039 169 3101 tus
202 3040 270 3102 crat
290 3038 383 3116 locus,
418 3042 449 3103 ct
476 3038 619 3103 laudatur
648 3037 755 3102 statim
786 3036 933 3118 tanquam
968 3054 1061 3102 causa
1093 3027 1187 3102 huius¹

119 3143 291 3222 apricitatis
316 3144 509 3210 naturalis
543 3143 709 3227 quaedam
731 3160 772 3207 ac
792 3142 977 3224 perpetus
998 3143 1180 3225 opacitas.

117 3247 226 3331 ltaque
260 3249 399 3327 inerunt,
437 3249 488 3332 qui
520 3249 569 3312 hio
601 3265 719 3331 quoque
748 3246 966 3330 opacitatis
1000 3267 1070 3313 cum
1103 3247 1184 3314 mira
1221 3235 1235 3272 ⁵
1314 3310 1318 3317 ,

116 3355 287 3438 tautologia
308 3355 491 3430 ocuiberent3
526 3372 584 3419 uec
605 3372 675 3418 cum
696 3353 836 3420 ubertate
857 3355 941 3419 recta
971 3355 1025 3420 aut
1046 3353 1182 3436 opacitas

118 3461 172 3522 cut
194 3460 338 3543 apricitas
361 3479 416 3543 par
437 3479 471 3524 sa
493 3462 696 3543 comparatur.
751 3460 838 3524 Xuitt
866 3459 940 3525 loci
963 3459 1047 3524 aios
1069 3458 1180 3520 solu-

322 3668 326 3676 ι

117 3681 316 3690 -.--—.-.-..

148 3828 170 3896 ¹)
190 3828 338 3899 Subsgit
365 3831 400 3884 in*
421 3795 574 3884 memoriam
600 3832 706 3884 revocat
730 3827 877 3897 repositum
895 3821 913 3880 a'
929 3827 1019 3896 Icepio
1037 3825 1100 3891 Xll,
1118 3829 1143 3893 4,
1163 3827 1180 3880 2

188 3921 300 3976 barbare
318 3922 514 3977 subiecerat
538 3925 580 3984 (ut
598 3920 719 3975 absolute
737 3919 770 3974 dc
788 3918 935 3989 subigendo
958 3922 987 3971 et
1004 3916 1108 3987 aliquid
1125 3931 1179 3970 auae
1205 3989 1209 3998 ι

186 4011 303 4068 dicionis
321 4013 442 4068 faciendo
460 4013 574 4081 dicatur)
593 4012 716 4082 idemque
733 4011 869 4065 imitatum
887 4009 1016 4064 contrnA
1034 4007 1095 4070 vn,
1115 4013 1140 4072 3,
1153 4009 1179 4066 1.

169 4169 170 4174 ἵ
188 4103 279 4160 Etiam
297 4107 397 4170 XLIII,
417 4110 441 4172 3,
459 4109 476 4162 2
496 4104 692 4160 restituendum
711 4103 877 4158 subactis.

275 4205 286 4232 ·
799 4243 801 4247 ,
933 4192 980 4245 ao·
