3000 4638
497 311 527 368 L.
547 311 649 368 Seneca
664 312 698 367 de
715 313 774 369 uite
790 313 878 370 beuta
1118 309 1180 376 373

154 509 414 575 macriusculo
460 509 745 589 (tenuiaoculoi)
787 509 950 586 valebit,
992 483 1116 580 malet
1160 514 1221 579 ta·

154 637 238 684 mon
262 619 322 684 cet.

255 724 314 802 (Da
336 743 362 790 c.
385 723 437 803 23,
470 722 573 789 adiri
600 721 661 788 vol.
694 725 760 807 lp.
784 721 841 798 683
874 721 912 788 ole
942 723 1080 792 tollendo
1103 725 1120 810 ἕ
1142 726 1163 788 4
1185 727 1223 792 et

154 833 226 914 post
247 829 349 897 volet
370 831 433 896 ibd.
455 849 485 914 p.
508 829 605 909 39.)¹)

256 936 323 1002 Ibd.
345 937 394 1012 24,
428 935 449 1000 3
471 935 675 1002 revocandum
697 936 745 1001 est
766 954 802 999 ex
825 933 1045 1018 stellisque),
1070 938 1149 1021 quod
1171 938 1220 1004 in·

153 1043 234 1108 iuria
251 1043 405 1108 mutatum
415 1044 479 1108 ium
492 1061 511 1108 n
522 1041 726 1124 superioribus
741 1043 821 1106 erat:
843 1039 986 1106 Potest
1002 1040 1132 1126 itaque
1154 1064 1222 1128 po·

154 1150 269 1215 onnia
295 1150 414 1214 etiam
432 1149 536 1214 intra
565 1149 683 1214 limen
705 1166 816 1212 suum
831 1146 1005 1212 diffundi
1026 1149 1166 1225 (hocest,
1189 1169 1222 1217 se

154 1253 337 1333 diffundere)
359 1255 396 1320 et
414 1254 697 1321 liberalitatem
719 1271 906 1320 exercere.
949 1253 1037 1319 Nihil
1058 1256 1143 1321 vetat
1164 1257 1220 1324 boe

154 1361 196 1427 ad
215 1362 316 1444 ipsam
336 1361 498 1443 pecuniam
518 1359 689 1427 transferri.
734 1360 843 1443 (Paulo
865 1360 936 1425 unte
958 1379 1049 1443 quem
1070 1362 1130 1428 vol.
1152 1363 1169 1428 I
1190 1383 1220 1448 p.

155 1465 198 1530 39
224 1466 341 1533 correxi
363 1485 505 1547 errorem,
526 1466 636 1532 Haasii
658 1468 720 1545 est,
749 1485 810 1531 nou
834 1466 1007 1531 ceterarum
1030 1467 1221 1550 editionum.)

256 1572 325 1641 Ibd.
348 1573 399 1652 25,
432 1573 467 1640 2:
509 1573 616 1640 Pone
644 1573 683 1637 in
710 1571 985 1638 instrumentis
1015 1573 1221 1656 splendon-

152 1679 260 1745 tibus
283 1680 320 1744 et
340 1679 515 1746 delicato
537 1680 741 1764 apparatu:
763 1679 885 1744 nihilo
915 1697 972 1743 me
1004 1679 1221 1749 feliciorem

153 1785 325 1864 credam,
362 1785 460 1868 quod
488 1787 583 1852 mibi
619 1786 735 1852 molle
766 1785 840 1851 erit
868 1785 1087 1864 amiculum,
1119 1790 1221 1873 qnod

152 1909 324 1977 purpura
360 1891 537 1958 convivis
579 1893 673 1958 meis
711 1892 1008 1958 substernetur.
1074 1893 1220 1962 Multas

149 2017 331 2083 magnum
365 2017 497 2064 meam:
541 1999 667 2064 nihilo
704 1998 886 2064 miserius
919 2016 997 2074 ero,
1041 1999 1075 2064 si
1112 2001 1221 2067 lassa

150 2223 354 2234 -..-.----—--

172 2373 194 2442 ¹)
223 2369 284 2426 lbd.
296 2366 516 2440 qnodposthaec:
533 2364 687 2420 Habebit
699 2365 818 2434 itaque
832 2365 958 2434 (sapiens)
971 2380 1059 2434 opes,
1078 2365 1135 2421 sed
1149 2367 1221 2422 tau·

224 2480 321 2534 quam
343 2463 436 2518 leves
455 2461 489 2513 et
507 2457 721 2523 avolaturas3
740 2457 879 2512 neonlli
899 2457 963 2512 alii
981 2473 1040 2512 nec
1058 2457 1130 2513 sibi
1148 2475 1220 2528 gra·

224 2572 281 2610 res
298 2571 374 2610 esse
395 2552 566 2623 patietur,
583 2549 712 2606 continuo
727 2549 766 2604 sio
785 2550 914 2604 scribitur
926 2549 954 2603 in
965 2548 1114 2605 codicibus:
1132 2551 1220 2618 Quid

224 2647 385 2704 donabit?
404 2645 570 2701 erexistis
588 2657 701 2712 aures3
718 2643 802 2713 quid
824 2641 999 2712 expeditio
1018 2642 1148 2697 sinum?
1167 2643 1220 2698 ‹lo-

223 2740 323 2798 nabit
350 2741 411 2795 ant
430 2739 528 2794 bonis
547 2741 606 2793 ant
626 2737 686 2801 iis,
711 2751 794 2806 qnos
819 2735 929 2792 lacere
951 2735 1083 2804 poterit
1108 2735 1220 2805 bonor,

227 2834 444 2890 Haasiusautom
463 2832 568 2902 posuit:
587 2829 697 2895 creole,
716 2827 900 2894 erexistis,
919 2830 1044 2898 apparet,
1066 2827 1159 2916 ipepte
1178 2829 1220 2884 in·

224 2925 368 2995 terrogari:
389 2925 477 2994 Quid
490 2924 654 2980 donabit?
672 2926 732 2991 (ant
750 2921 855 2990 Quid?
874 2919 1059 2986 donabitt),
1075 2920 1123 2977 ubi
1136 2923 1221 2978 couti·

223 3019 301 3074 nuari
317 3018 399 3074 debet
416 3017 575 3074 affirmando
593 3016 684 3072 eadem
702 3015 736 3071 (le
754 3013 871 3086 sapienti
889 3011 1036 3084 prodictio,
1056 3031 1114 3084 qun
1132 3018 1221 3086 coepta

226 3113 267 3166 est
284 3112 314 3166 in
333 3110 403 3166 illis:
423 3109 569 3166 habebit
587 3151 594 3164 .
614 3151 622 3166 .
641 3151 649 3166 .
668 3108 835 3179 patietur.
862 3103 1220 3164 Contraillnderexistis

224 3219 336 3269 aures,
360 3219 470 3274 prorsus
489 3204 522 3270 ei,
541 3202 613 3272 qnod
632 3202 767 3272 seqnitur:
791 3197 872 3270 quid
891 3198 1066 3268 expeditis
1093 3201 1220 3257 sinum?

223 3296 398 3368 respondens,
432 3293 525 3349 eodem
561 3293 640 3349 modo
675 3293 787 3364 proferri
814 3291 903 3349 debet.
947 3291 1018 3361 apta
1044 3292 1130 3362 igitur
1164 3293 1234 3358 hac,

225 3391 306 3445 unius
342 3388 415 3444 vocis
450 3385 659 3457 transpositione
694 3386 777 3458 plana
809 3388 838 3440 et
867 3369 941 3440 recta
981 3377 1124 3442 effecerant
1161 3387 1219 3443 eoli-

223 3487 296 3540 tores
331 3482 395 3538 indo
427 3496 443 3536 a
473 3479 588 3536 (luriona
617 3481 681 3536 autc
705 3474 873 3536 Fickertum:
910 3477 1083 3549 partiatum
1108 3479 1219 3539 dona·

224 3574 388 3646 bithuid
418 3571 583 3628 erexistis
611 3572 728 3628 aures?
756 3571 838 3644 quid
856 3569 1039 3644 expeditis
1066 3571 1221 3646 ¹sinuml'),

224 3667 368 3724 donabit
394 3665 455 3720 aut
478 3663 581 3720 bonis
605 3667 665 3720 aut
689 3667 740 3722 cet
775 3664 818 3720 Ad
845 3665 967 3721 auditam
999 3679 1090 3720 vocem
1120 3664 1221 3722 donu-

224 3759 281 3813 bit
299 3758 403 3814 Seneca
418 3756 499 3828 lingit
516 3758 737 3828 pbilosophorum
756 3757 957 3822 obtrectatores,
977 3772 1044 3826 quos
1062 3755 1219 3828 alloquitur,

225 3867 272 3921 spe
290 3849 410 3906 muneris
427 3853 570 3921 concepta,
596 3866 674 3905 aures
692 3850 820 3914 erexisse,
849 3851 951 3918 sinum,
974 3849 1004 3904 iu
1022 3865 1103 3919 quem
1121 3849 1221 3906 donum
1325 3850 1330 3864 ‘

226 3943 381 4008 recondant,
401 3943 539 4014 expedire;
565 3943 665 4026 *deinde
682 3943 722 3998 itu
738 3944 836 4014 pergit,
855 3947 888 3998 ut
906 3959 980 4012 spem
998 3958 1090 3998 eorum
1109 3942 1220 3998 basue-

225 4039 278 4092 tur.
314 4035 458 4092 Fickertns
476 4037 555 4108 qnid
574 4037 638 4092 ante
657 4035 825 4091 erexistis
851 4033 966 4100 eumne,
992 4034 1039 4090 sed
1056 4033 1139 4090 simul
1157 4039 1221 4092 anto

224 4127 370 4184 donabit
388 4143 468 4198 praru
486 4129 608 4185 retinuit
