2978 4644
280 295 340 358 172
620 293 680 349 tib.
701 293 764 350 VII.
796 290 862 362 esp.
879 291 901 346 1.

235 496 401 580 populns
421 491 635 558 inlieietur
656 491 701 558 ed
733 491 990 575 magistratus
1024 490 1295 573 oonspootum

235 602 302 685 qni
324 600 426 666 viros
449 616 587 665 vooore
609 598 756 681 potest,
778 598 815 662 in
838 613 921 662 enm
943 595 1091 669 looum,
1114 595 1216 660 uude
1240 597 1301 662 oet.

236 705 361 789 (Vulgoz
405 705 535 789 potest
578 705 616 771 in
649 722 732 770 eum
764 701 913 780 lo'oum.)
958 701 1085 787 [Viros
1117 702 1182 768 iem
1214 701 1298 767 Mer·

235 811 420 897 quamtus]
480 810 596 876 uadem
644 810 758 894 pagins
809 811 946 876 extremo
986 807 1019 873 in
1067 808 1300 875 enumeratione

234 929 357 993 vocum,
392 933 459 1000 qnae
497 915 611 982 Graeoae
649 915 765 981 eaedem
793 917 826 981 et
856 913 975 980 Latine
1012 916 1102 992 sunt,
1135 933 1151 978 e
1186 913 1299 978 oodiois

234 1020 405 1087 Florentini
436 1021 576 1106 vestigiis
605 1021 739 1088 efficitur
767 1019 941 1103 perspicue:
969 1023 1161 1104 preterea
1189 1043 1207 1088 a
1235 1021 1300 1090 δὲ-

134 1164 140 1183 1
235 1143 332 1207 ψειν
357 1129 522 1213 depenso.

333 1234 400 1299 Lib.
423 1233 482 1298 Vll
505 1253 532 1316 p.
556 1233 596 1295 79
617 1234 689 1316 post
710 1231 853 1298 laounom
878 1231 923 1297 sio
945 1231 1141 1298 scribendum
1165 1237 1294 1301 estz...

234 1356 373 1424 repens
395 1341 508 1405 ruine
530 1338 696 1421 operuit,
729 1339 783 1400 ita
804 1337 907 1422 (vulgo
929 1343 979 1419 ut)
1002 1339 1161 1405 verbnm
1184 1361 1299 1426 quom

234 1451 275 1523 (v.
299 1447 408 1530 qood)
441 1445 635 1512 eonditum
667 1447 726 1510 est
748 1461 764 1510 e
789 1443 925 1528 quibus
946 1444 1101 1510 litteris
1123 1449 1299 1530 oportet,

233 1549 324 1616 inde
345 1553 429 1634 post
450 1549 488 1612 si
508 1549 606 1632 (eodd.
628 1551 752 1616 tontum
768 1549 1025 1635 poenalique
1047 1553 1237 1636 demptast
1257 1555 1301 1632 (v.

234 1657 490 1741 temptasti),
524 1656 727 1723 obsonrior
760 1655 810 1722 lit
838 1655 1018 1723 voluntas
1041 1657 1298 1740 imposituris.

234 1761 316 1828 Non
363 1762 729 1845 reprehendendum
767 1761 902 1848 ¹igitur
945 1765 1004 1829 oet.
1070 1762 1301 1841 (obscurior

235 1865 349 1947 Haun„
372 1867 576 1931 obscurius
598 1867 694 1947 Flor.)

333 1973 400 2039 Ibd.
423 1992 454 2055 p.
477 1971 532 2038 80:
571 1975 633 2058 qui
655 1975 784 2041 herois
806 1975 1012 2055 tritavum,
1045 1979 1201 2043 etenum
1224 1991 1298 2043 non

233 2079 409 2164 potuerit
440 2081 627 2164 reperire.
679 2081 747 2147 Non
771 2081 872 2167 agitur
893 2081 931 2147 de
954 2083 1122 2165 quaestione
1144 2083 1299 2168 mytholo-

233 2184 303 2270 gioo
325 2204 360 2250 on
382 2203 417 2250 eo
439 2205 561 2270 genere,
583 2187 693 2272 quibus
707 2187 849 2255 'liberius
862 2187 964 2253 Oaeser
986 2187 1205 2272 gremmetloos
1226 2207 1299 2254 vox-

235 2309 288 2356 ore
311 2291 431 2358 solebat
464 2291 598 2370 (Sueten.
622 2293 691 2358 Tib.
718 2294 785 2373 'lon'
818 2293 873 2360 sed
902 2294 940 2388 de
963 2296 1126 2361 verborum
1158 2294 1301 2378 prosapia

236 2397 430 2480 exquirendo.
487 2397 590 2464 Codex
620 2399 721 2465 Hono.
745 2385 768 2464 a,
784 2399 886 2482 primo
907 2401 1017 2465 meno:
1055 2401 1117 2484 qui
1139 2400 1302 2464 'erroris

237 2499 458 2570 Soribendum:
495 2507 559 2588 qui
584 2505 718 2577 uerbis
741 2506 944 2584 tritavum,
966 2507 1122 2573 atavum
1142 2524 1213 2573 non
1235 2524 1302 2589 po·

163 2641 171 2660 1
235 2609 361 2674 tuerit
382 2612 563 2692 reperire.
618 2611 740 2676 Henste
761 2611 866 2678 littere
887 2633 908 2673 u
931 2612 970 2676 ob
991 2612 1165 2694 preeoedens
1188 2612 1243 2688 ui,
1266 2629 1302 2676 ex

234 2714 313 2778 orbis
335 2717 442 2804 nutum
467 2719 517 2782 est
538 2717 625 2795 erem,
646 2719 714 2782 tum
725 2716 823 2780 toreis
844 2721 876 2782 et
887 2717 1008 2781 erroris.
1031 2717 1127 2784 Poulo
1149 2721 1227 2803 post,
1249 2717 1303 2783 ubi

235 2821 402 2887 Muellerus
425 2840 479 2905 pro
502 2819 652 2884 Latina
683 2823 786 2906 posuit
801 2821 977 2908 prolato,
1000 2825 1078 2890 mihi
1098 2823 1130 2890 in
1163 2827 1302 2892 mentem

235 2931 361 2993 venerat
380 2937 484 2990 nata.
528 2927 647 2993 Deinde
681 2929 812 2994 fortusse
833 2927 879 2994 ¹sio
901 2931 1027 3014 scripsit
1056 2931 1168 2996 Varros
1203 2951 1302 3015 pree·

235 3032 367 3098 sertim
389 3053 469 3098 oum
492 3033 600 3100 diost
621 3035 896 3120 etymologine,
926 3053 997 3102 non
1021 3037 1190 3102 omnium
1212 3056 1301 3104 ver-

235 3139 366 3204 borum
409 3139 487 3206 diei
518 3159 630 3224 posse
662 3159 833 3220 oensem,
877 3142 917 3205 ut
960 3139 1095 3226 aliqua
1136 3141 1301 3226 (plural)

236 3265 404 3328 querere
425 3267 463 3308 se
483 3247 527 3312 ed
548 3247 773 3312 medendum
796 3245 996 3312 medicina
1016 3246 1130 3329 (dioit).
1183 3247 1302 3312 Saltem

232 3350 404 3415 tenendum
420 3347 492 3431 'est
525 3370 584 3419 non
607 3354 645 3419 de
668 3353 784 3437 origine
814 3352 949 3419 nominis
978 3352 1139 3418 medioinae
1173 3353 1233 3438 agi,
1267 3352 1303 3418 ut

236 3453 403 3522 Muellerus
435 3459 544 3535 voluit,
580 3458 634 3524 sed
656 3477 726 3524 oum
748 3458 901 3525 medicina
922 3479 983 3525 non
1004 3461 1037 3525 in
1063 3459 1203 3525 omnibns
1233 3458 1303 3523 effi-

234 3560 300 3626 eeoi
328 3580 385 3628 nee
412 3563 517 3630 omnia
544 3565 701 3630 salutifere
728 3566 854 3630 tenente
886 3565 1057 3648 oompereri
1079 3564 1301 3650 etymologioen

236 3684 296 3731 non
319 3669 423 3735 omnia
444 3669 664 3754 expedientem.

336 3774 403 3838 lbd.
427 3775 484 3842 82:
522 3777 586 3842 sed
614 3765 713 3860 quod
734 3777 798 3842 ubi
819 3775 1006 3860 mysteria
1027 3774 1132 3841 liunt
1153 3778 1218 3842 eut
1239 3779 1303 3841 tu-

236 3883 347 3945 entur
367 3884 502 3947 tnesoe
523 3882 639 3948 dioto.
683 3880 895 3958 Somb.:sed‚
933 3901 962 3965 q.
984 3881 1038 3948 ibi
1059 3899 1102 3950 m.
1125 3881 1247 3956 fiunt,
1284 3903 1303 3943 a

235 3985 373 4050 tuendo
416 3987 620 4054 tuesoon.
684 3987 853 4054 Muellems
896 3981 973 4054 miro
1006 3989 1102 4054 otium
1137 3987 1301 4072 asyndeto:
