2918 4636
615 235 736 294 Ovidius.
1131 243 1172 308 99

248 436 395 501 Fontusee
407 453 447 500 ue
462 435 600 500 futurum
616 433 740 518 quidem
753 435 850 503 fuisse
865 437 950 518 dicit,
965 441 1000 504 ut
1014 439 1049 515 is,
1068 441 1105 506 ad
1122 461 1215 526 quem

144 541 263 620 scribit,
291 559 324 606 se
346 541 536 628 propion'bus
566 539 674 606 vinclis
702 543 975 626 complecteretur,
1002 545 1028 611 si
1050 545 1130 612 bone
1151 548 1215 614 lor-

146 649 223 713 tuna
240 649 388 730 pelpetuo
410 665 484 712 usus
505 649 602 722 esset;
640 645 743 728 ipsum
766 667 855 714 suum
887 669 992 716 casum
1014 652 1131 735 optimo
1160 653 1215 719 ho·

145 753 222 818 mini
242 753 366 818 initium
388 751 483 818 luisse
503 753 640 819 arctioris
666 754 819 819 amicitia.

246 853 317 924 Ibd.
340 855 397 932 111,
420 855 469 934 10,
492 855 512 918 9
534 876 598 941 sqq.

290 963 335 1028 At
356 980 426 1028 cum
448 961 548 1027 tn'stie
562 961 668 1029 ¹hiems
692 966 866 1048 squalentia
886 967 1014 1048 protulit
1035 985 1088 1032 ore

239 1129 241 1134 ,
336 1069 478 1151 terraque
500 1087 669 1134 marmoreo
691 1071 820 1136 candide
841 1072 925 1137 sacta
945 1073 1016 1157 gelu
1037 1076 1095 1152 est,

291 1173 364 1239 dum
384 1175 473 1238 vetet
494 1174 525 1238 et
547 1173 653 1240 boreas
679 1161 715 1240 et
730 1176 781 1241 nix
803 1177 943 1244 habitere
966 1178 1139 1257 suberete,

331 1283 399 1345 tum
421 1281 529 1364 liquet,
551 1279 607 1345 hes
629 1285 738 1365 gentes
761 1299 815 1347 exe
835 1283 988 1346 tremente
1009 1282 1116 1365 premi.
1195 1307 1198 1318 ¹

247 1385 383 1451 Vensum
415 1387 452 1449 11
488 1388 662 1468 corruptum
690 1403 756 1452 esse
780 1385 978 1462 consentitur,
1001 1387 1033 1452 in
1056 1406 1114 1471 quo
1135 1396 1214 1450 octat

144 1491 322 1559 coniectura
350 1489 493 1556 Merkelii
514 1490 630 1570 editur,
664 1493 819 1558 sententia
850 1491 976 1557 minime
1008 1493 1112 1567 recte,
1146 1511 1213 1576 que

145 1599 213 1664 haec
236 1597 384 1672 efficitur,
407 1596 481 1661 dum
504 1597 541 1661 ob
564 1598 688 1664 boream
712 1601 744 1664 et
764 1599 867 1664 nivem
889 1597 1023 1663 habitari
1049 1597 1106 1664 sub
1129 1599 1213 1664 arcto
1238 1679 1244 1688 =

144 1723 203 1770 uon
224 1705 338 1789 possit,
371 1705 439 1768 tum
459 1703 577 1787 liquere
606 1705 734 1787 gentes,
768 1721 834 1788 quae
857 1703 901 1768 ibi
923 1703 1065 1768 habitent
1085 1703 1134 1786 (l),
1158 1717 1213 1770 axe

144 1812 301 1876 tremente
326 1810 435 1891 premi.
486 1807 633 1875 Codicum
665 1808 818 1892 scripture
837 1829 899 1876 non
922 1809 997 1876 sutis
1020 1811 1103 1875 certo
1125 1810 1211 1874 tene·

144 1919 211 1993 tur3
246 1913 366 1981 videtur
386 1917 491 1980 temen
521 1915 553 1980 in
574 1913 729 2000 plenisque
751 1916 844 1982 fuisse
866 1917 939 1980 dom
958 1926 1064 2000 potet,
1102 1915 1212 1982 deinde

145 2019 293 2100 habitare,
317 2020 396 2104 quod
419 2022 450 2087 in
472 2039 532 2086 uno
554 2039 675 2086 erasum
691 2021 821 2100 videtur,
846 2022 1072 2106 suprascripto
1094 2022 1212 2088 iniecto.

145 2126 180 2192 Si
202 2125 341 2190 habitare
362 2127 489 2210 antiqua
504 2127 728 2218 scriptumest,
751 2129 910 2193 sententiae
931 2128 1030 2193 forme
1050 2128 1117 2193 haec
1138 2127 1211 2192 fuit:

266 2233 340 2297 dum
362 2233 444 2296 volat
465 2235 496 2298 et
518 2235 625 2300 boreas
647 2233 679 2298 et
700 2233 759 2308 nix,
782 2233 922 2299 habitere
944 2234 1001 2300 sub
1023 2236 1108 2299 arcto

331 2341 398 2403 tum
419 2336 517 2419 liquet
538 2335 593 2402 has
615 2339 733 2422 gentes,
756 2355 811 2404 exe
833 2339 987 2406 tremente
1009 2338 1116 2421 premi.

246 2444 312 2510 Ibd.
334 2441 371 2520 V,
395 2441 425 2519 8,
448 2441 488 2505 29
509 2443 541 2508 et
564 2441 605 2506 30
629 2441 679 2521 (de
704 2444 875 2528 Augustei:

251 2550 457 2634 Exemploque
480 2549 582 2626 deum,
604 2549 713 2632 quillus
736 2563 914 2615 accessurus
937 2547 1055 2630 etipse
1077 2549 1135 2627 cst,

315 2673 384 2722 cum
406 2671 503 2740 poenae
524 2653 614 2721 venia
640 2653 729 2738 plura
749 2653 884 2737 roganda
907 2653 1022 2736 petum.

248 2763 298 2829 Sic
312 2764 375 2828 fere
391 2761 519 2840 codices,
543 2760 602 2824 etsi
622 2760 654 2824 ot
675 2760 707 2824 in
728 2759 990 2843 copcodaleviter
1011 2757 1157 2838 variatur,
1182 2759 1214 2823 ct

147 2886 202 2952 pro
223 2877 325 2953 petam
346 2869 434 2932 unus
447 2865 478 2930 et
501 2865 580 2930 alter
592 2873 685 2948 potat
703 2865 819 2930 hebere
841 2863 982 2930 truditur.
1027 2863 1213 2928 Coniecturae

148 2974 286 3040 infelices
318 2972 455 3050 iucmnt3
490 2970 562 3055 quid
597 2971 645 3036 est
677 2970 777 3051 enim,
810 2973 845 3036 ut
879 2972 935 3036 hoc
967 2968 1105 3052 exemplo
1135 2972 1213 3046 utar,

148 3079 325 3164 Augustum
355 3099 423 3140 cum
447 3097 549 3164 poenoe
570 3076 657 3140 venia
672 3077 770 3160 pluro
791 3097 902 3161 copone
924 3077 1067 3139 dalocum
1090 3077 1215 3159 (ccpcrc

149 3180 275 3264 dabam?
318 3185 364 3248 Ac
389 3185 494 3248 temen
524 3181 646 3247 initium
675 3182 897 3250 emendationis
922 3185 953 3247 et
981 3181 1215 3247 fundamentum

148 3290 240 3356 facile
256 3292 305 3355 est
319 3290 441 3372 repentu
456 3307 491 3354 ac
506 3290 637 3365 certum,
658 3288 843 3372 Augustum,
866 3290 902 3353 ut
925 3287 1007 3362 dece,
1032 3306 1093 3354 non
1115 3286 1217 3358 solum

147 3415 246 3478 poenae
268 3395 459 3480 imponendae
479 3393 537 3459 sed
559 3393 652 3458 ctiam
675 3393 780 3459 veniaev
795 3393 903 3459 dundee
927 3394 974 3458 ius
997 3409 1087 3458 nosse
1109 3395 1140 3456 et
1160 3392 1214 3456 ha-

149 3503 229 3568 bere.
274 3501 383 3585 Itaque
404 3499 532 3566 Ovidius
554 3501 609 3564 eut
630 3499 674 3564 sic
696 3498 831 3581 scripsit:

248 3629 252 3636 ¹
344 3625 414 3672 cum
435 3625 532 3690 poenae
554 3607 647 3668 menica
671 3606 741 3668 iura
761 3614 873 3698 reputa
887 3611 988 3688 putat,

149 3713 208 3780 hoc
230 3715 287 3792 ost,
310 3731 380 3778 cum
403 3731 499 3795 poenae
511 3711 577 3776 iure
590 3709 732 3791 (iuribus)
743 3708 837 3776 etium
849 3710 945 3776 veniae
967 3708 1034 3774 iure
1054 3710 1122 3793 lege
1144 3727 1216 3773 con·

152 3818 263 3884 stitute
284 3819 316 3882 et
337 3818 395 3883 sibi
417 3818 507 3897 deta,
531 3819 585 3883 aut
605 3817 748 3900 proxime,
771 3816 864 3909 veniae
884 3813 954 3877 iura
976 3814 1099 3898 quidem
1121 3815 1215 3880 certe.

251 3921 317 3988 lbd.
340 3923 377 4000 V,
402 3921 449 4002 10,
473 3924 493 3986 9
513 3939 579 4006 sqq.
628 3923 795 4006 Postquam
817 3923 906 4004 poete
935 3920 1019 3996 dixit,
1047 3929 1218 4002 numquam

155 4029 215 4095 sibi
238 4031 291 4094 eut
311 4031 415 4097 noctes
435 4027 543 4094 breves
571 4029 624 4093 aut
657 4028 722 4092 dies
752 4027 818 4094 fieri
845 4025 1069 4092 adlevandum
1092 4026 1123 4090 et
1145 4042 1216 4089 con·
1334 4027 1336 4032 '

986 4131 1018 4183 ⁷}

672 4239 782 4314 (gqlwpe

663 4307 673 4402 s
683 4309 795 4410 :015ng

677 4393 777 4478 focan*
