3000 4638
493 269 526 327 L.
546 271 647 326 Seneca
665 266 698 323 de
717 269 824 338 trenqu.
842 268 935 324 enimi.
1146 267 1207 332 383

286 467 354 534 lbd.
387 467 441 547 12,
479 471 513 534 1:
558 489 601 536 ne
634 470 701 536 eut
742 469 851 535 labor
886 466 1024 532 irritus
1066 468 1119 533 sit
1163 469 1250 536 siue

185 576 337 641 effectu
366 578 431 641 aut
466 575 633 642 effectus
666 576 795 641 labore
822 572 1015 657 indignus.
1058 572 1252 640 liberabitur

187 680 287 749 oratio
311 680 456 747 vocabulo
485 682 595 749 uitiosa
616 681 720 749 inutili
741 682 773 746 et
793 682 878 746 recte
898 678 1018 761 pondus
1044 678 1093 744 bis
1115 679 1147 744 in
1168 679 1251 746 idem

185 787 368 854 vocabulum
390 786 517 866 incidet,
549 788 647 855 sisic
679 787 852 870 scripseris:
886 803 929 849 ne
961 793 1025 849 aut
1056 786 1167 851 labor
1200 786 1252 853 sit

187 892 275 959 sine
297 892 443 958 effectu
464 895 532 959 ant
554 895 719 960 effectus
741 892 873 957 labore
893 889 1089 974 indignus.
1144 892 1252 975 Sequi-

186 997 339 1079 tnr§4:
383 998 527 1064 Deinde
558 998 703 1065 domum
743 1013 824 1063 cum
867 1013 1104 1080 supervacue
1138 998 1252 1064 rede·

186 1105 302 1169 untes
323 1103 563 1169 lassitudine
583 1103 716 1169 iurant
737 1103 910 1169 nescisse
932 1121 972 1168 se
993 1102 1111 1186 ipsos,
1135 1122 1252 1187 quare

187 1209 377 1286 exieriut,
408 1207 472 1273 ubi
508 1208 675 1286 fuerint,
715 1209 774 1274 cet.
832 1208 1043 1276 Grammatico
1078 1210 1253 1291 postulabat

186 1315 353 1392 exirent,
385 1316 528 1392 essent;
561 1314 715 1380 sententia
743 1313 873 1380 ridicule
894 1316 952 1388 est,
980 1332 1022 1390 se,
1045 1331 1116 1382 cum
1139 1316 1254 1382 exirent

187 1425 238 1499 (cc
260 1420 342 1486 enim
363 1419 534 1485 necessario
564 1419 695 1486 refertur
725 1419 910 1503 periectum)
930 1420 1080 1495 nescisse,
1109 1422 1163 1487 ubi
1183 1423 1254 1504 post

187 1525 330 1591 ficissent.
388 1525 519 1590 Rectum
562 1528 625 1592 est:
668 1527 800 1593 iurant
842 1526 990 1588 nescire
1040 1544 1080 1591 sc
1127 1527 1251 1610 ipsos,

188 1649 304 1716 quare
347 1630 531 1707 exierint,
575 1633 634 1696 cet
684 1633 752 1698 Hoc
785 1633 833 1699 est
867 1632 1129 1698 concursationem
1164 1651 1253 1698 suum

188 1737 364 1802 damnantis
411 1737 641 1804 iusiurandum:
695 1737 817 1812 Nescio,
860 1757 915 1804 cur
956 1737 1091 1804 exierim.
1142 1736 1254 1815 (Nuta-

187 1843 313 1910 bornius
337 1842 443 1921 1855.)
500 1843 580 1909 Tum
601 1844 713 1909 inimic
734 1844 867 1910 Hessius
889 1843 982 1910 rediit
1004 1843 1110 1908 contre
1131 1842 1253 1909 codices

188 1948 230 2015 ed
265 1947 436 2014 editionum
472 1952 543 2016 ante
572 1949 761 2017 Gronorinm
789 1951 987 2034 scripturum:
1031 1948 1112 2014 Nou
1142 1948 1253 2014 indu·

187 2054 291 2120 stria
323 2053 534 2138 inquietos,
574 2054 640 2121 sed
673 2056 831 2122 insanos
861 2058 970 2123 falsae
1001 2074 1128 2121 rerum
1159 2057 1253 2122 ima·

189 2160 300 2245 gincs
323 2159 489 2243 agitent.
543 2159 621 2238 Non,
643 2160 717 2245 quid
738 2163 774 2226 in'
797 2163 893 2229 altero
915 2182 932 2228 e
955 2162 1071 2229 duobus
1092 2162 1255 2248 generibus

189 2284 250 2332 non
272 2264 337 2341 fiat,
360 2266 392 2330 in
415 2267 512 2333 altero
545 2267 611 2345 fiet,
645 2267 706 2334 dici
728 2268 830 2349 debet,
859 2268 913 2336 ssd
934 2269 972 2334 de
994 2271 1122 2353 utroque
1143 2285 1254 2354 genere

192 2374 365 2456 utrumque.
411 2372 474 2438 Sed
506 2374 602 2439 oratio
635 2374 681 2440 sic
701 2376 879 2460 interpungi
901 2375 993 2441 debet
1026 2377 1074 2452 (ut
1093 2374 1132 2441 fit
1151 2374 1184 2439 in
1206 2373 1255 2440 ed.

189 2478 349 2563 Bipcnt.):
393 2478 477 2545 Non
519 2479 717 2546 industria
758 2481 956 2564 inquietos
998 2482 1039 2546 et
1082 2480 1255 2555 insenos,

190 2586 303 2652 islsae
325 2603 450 2651 rerum
471 2585 667 2670 imagines
689 2587 858 2670 agitant,
880 2588 915 2651 ut
936 2585 1079 2651 audiatur
1100 2585 1210 2663 sed.²)

291 2690 359 2757 lbd.
384 2689 434 2766 14,
458 2693 473 2752 1
494 2691 641 2758 edebatur
662 2711 679 2758 e
700 2693 877 2777 vulgaribus
900 2691 1071 2757 codicibus:
1093 2709 1161 2757 nec
1181 2710 1258 2755 mu-

189 2796 365 2862 tationes
388 2799 454 2862 ant
485 2797 639 2863 consilii
667 2801 734 2864 aut
764 2801 891 2865 status
923 2797 1256 2881 pertimescamus.

192 2901 438 2969 HuesiusexA
467 2904 694 2981 mutatione;
732 2904 1151 2972 debebatmutationem.
1197 2902 1259 2967 bix·

191 3011 292 3074 tremo
315 3008 416 3092 cupite
438 3008 455 3092 ξ
479 3009 519 3072 10
540 3013 624 3090 (narn
647 3013 667 3092 5
689 3011 785 3076 iiam
807 3012 947 3078 Muretus
969 3009 1093 3088 iubet)
1123 3007 1258 3074 scriben-

213 3346 235 3415 ¹)
266 3343 651 3414 eap.1o‚eannouveram,
680 3360 728 3414 pro
753 3359 797 3412 eo,
814 3342 886 3414 quod
912 3358 984 3397 nnnc
1007 3323 1098 3398 editur
1120 3342 1178 3397 sine
1203 3341 1261 3397 ullu

265 3435 410 3494 varietatis
438 3435 591 3491 mentione:
629 3435 795 3505 Inprimis
812 3438 924 3491 eutem
948 3434 1135 3506 cogitauit,
1164 3432 1261 3491 eliud

264 3545 365 3601 posse
391 3527 589 3599 propositis
613 3527 684 3582 suis
707 3527 890 3594 resistere,
917 3527 1065 3584 nccesmrio
1092 3525 1262 3582 scribendum

264 3639 322 3679 esse
349 3621 477 3690 aliquid
498 3634 606 3691 posse.
642 3619 743 3676 Verum
766 3621 804 3674 sic
825 3623 897 3676 recte
927 3620 1054 3676 scribitur
1081 3619 1111 3673 in
1138 3618 1261 3674 omnibus

269 3714 435 3773 editionibus
459 3711 659 3782 antiquioribus
682 3712 777 3778 (etiem
801 3713 831 3768 in
853 3713 1021 3783 Bipontinc),
1050 3711 1132 3766 donec
1150 3709 1261 3774 aliud,

268 3806 358 3861 nescio
378 3805 427 3860 ubi
445 3805 593 3878 typothetu
616 3821 704 3860 errore
721 3808 810 3860 crtum
828 3809 873 3872 (-
891 3821 940 3875 ego
958 3805 987 3859 in
1005 3804 1093 3875 prime
1110 3803 1167 3857 vidi
1185 3801 1263 3858 editi·

271 3913 322 3953 one
339 3899 414 3970 lips.
432 3900 502 3956 luca
522 3901 583 3964 -)‚
607 3897 792 3968 aRubkopflo
815 3896 1061 3966 recentioribusque
1085 3897 1263 3968 propugnatum

268 3992 318 4057 eet,
337 4007 354 4045 a
371 3991 499 4046 Ficketto
516 3991 563 4057 ite,
581 3993 613 4046 ut
631 3990 663 4046 ds
682 3988 759 4048 codd.
779 3992 808 4045 et
824 3991 895 4044 vett
913 3988 973 4045 edd.
992 3991 1101 4046 taceret.
