<?xml version="1.0" encoding="UTF-8"?>
<!DOCTYPE html PUBLIC "-//W3C//DTD XHTML 1.0 Transitional//EN"
    "http://www.w3.org/TR/xhtml1/DTD/xhtml1-transitional.dtd">
<html xmlns="http://www.w3.org/1999/xhtml" xml:lang="en" lang="en">
 <head>
  <title>
</title>
<meta http-equiv="Content-Type" content="text/html;charset=utf-8" />
  <meta name='ocr-system' content='tesseract 3.04.00' />
  <meta name='ocr-capabilities' content='ocr_page ocr_carea ocr_par ocr_line ocrx_word'/>
</head>
<body>
  <div class='ocr_page' id='page_1' title='image "./adversariacriti03madvgoog/adversariacriti03madvgoog_0584.png"; bbox 0 0 2924 4660; ppageno 0'>
   <div class='ocr_carea' id='block_1_1' title="bbox 564 268 1184 342">
    <p class='ocr_par' dir='ltr' id='par_1_1' title="bbox 564 268 1184 342">
     <span class='ocr_line' id='line_1_1' title="bbox 564 268 1184 342; baseline 0.016 -9"><span class='ocrx_word' id='word_1_1' title='bbox 564 273 566 276; x_wconf 71' lang='grc'><strong>’</strong></span> <span class='ocrx_word' id='word_1_2' title='bbox 621 268 771 342; x_wconf 82' lang='lat' dir='ltr'><strong>Suetonius.</strong></span> <span class='ocrx_word' id='word_1_3' title='bbox 1069 311 1071 314; x_wconf 95' lang='lat'>·</span> <span class='ocrx_word' id='word_1_4' title='bbox 1123 279 1184 342; x_wconf 79' lang='grc'><strong>573</strong></span> 
     </span>
    </p>
   </div>
   <div class='ocr_carea' id='block_1_2' title="bbox 164 479 1227 775">
    <p class='ocr_par' dir='ltr' id='par_1_2' title="bbox 164 479 1227 775">
     <span class='ocr_line' id='line_1_2' title="bbox 164 479 1226 564; baseline -0.001 -19"><span class='ocrx_word' id='word_1_5' title='bbox 164 479 489 546; x_wconf 81' lang='lat' dir='ltr'><strong>intercessionem</strong></span> <span class='ocrx_word' id='word_1_6' title='bbox 526 479 853 556; x_wconf 87' lang='lat' dir='ltr'><strong>...nuntiatum</strong></span> <span class='ocrx_word' id='word_1_7' title='bbox 899 482 975 553; x_wconf 90' lang='lat' dir='ltr'><strong>est,</strong></span> <span class='ocrx_word' id='word_1_8' title='bbox 1017 481 1226 564; x_wconf 70' lang='lat' dir='ltr'><strong>praemissis</strong></span> 
     </span>
     <span class='ocr_line' id='line_1_3' title="bbox 166 584 1227 669; baseline -0.002 -18"><span class='ocrx_word' id='word_1_9' title='bbox 166 585 377 651; x_wconf 79' lang='lat' dir='ltr'><strong>confestim</strong></span> <span class='ocrx_word' id='word_1_10' title='bbox 399 585 498 659; x_wconf 87' lang='lat' dir='ltr'><strong>elam</strong></span> <span class='ocrx_word' id='word_1_11' title='bbox 514 584 754 660; x_wconf 74' lang='lat' dir='ltr'><strong>cohortibus,</strong></span> <span class='ocrx_word' id='word_1_12' title='bbox 770 586 1049 669; x_wconf 86' lang='lat' dir='ltr'><strong>...spectaculo</strong></span> <span class='ocrx_word' id='word_1_13' title='bbox 1070 586 1227 669; x_wconf 89' lang='lat' dir='ltr'><strong>publico</strong></span> 
     </span>
     <span class='ocr_line' id='line_1_4' title="bbox 238 690 1227 775; baseline -0.002 -17.129"><span class='ocrx_word' id='word_1_14' title='bbox 238 691 436 757; x_wconf 82' lang='lat' dir='ltr'><strong>interfuit</strong></span> <span class='ocrx_word' id='word_1_15' title='bbox 455 691 568 756; x_wconf 84' lang='lat' dir='ltr'><strong>Cursus</strong></span> <span class='ocrx_word' id='word_1_16' title='bbox 583 693 614 756; x_wconf 90' lang='lat' dir='ltr'><strong>et</strong></span> <span class='ocrx_word' id='word_1_17' title='bbox 636 691 805 774; x_wconf 84' lang='lat' dir='ltr'><strong>progressio</strong></span> <span class='ocrx_word' id='word_1_18' title='bbox 817 710 918 756; x_wconf 89' lang='lat' dir='ltr'><strong>rerum</strong></span> <span class='ocrx_word' id='word_1_19' title='bbox 941 691 1131 775; x_wconf 87' lang='lat' dir='ltr'><strong>significatur</strong></span> <span class='ocrx_word' id='word_1_20' title='bbox 1152 690 1227 756; x_wconf 89' lang='lat' dir='ltr'><strong>scri-</strong></span> 
     </span>
    </p>
   </div>
   <div class='ocr_carea' id='block_1_3' title="bbox 164 786 1417 881">
    <p class='ocr_par' dir='ltr' id='par_1_3' title="bbox 164 786 1417 881">
     <span class='ocr_line' id='line_1_5' title="bbox 164 786 1417 881; baseline -0.001 -18"><span class='ocrx_word' id='word_1_21' title='bbox 164 796 359 881; x_wconf 84' lang='lat' dir='ltr'><strong>bendumque</strong></span> <span class='ocrx_word' id='word_1_22' title='bbox 390 797 561 863; x_wconf 87' lang='lat' dir='ltr'><strong>necessario</strong></span> <span class='ocrx_word' id='word_1_23' title='bbox 589 797 803 862; x_wconf 90' lang='lat' dir='ltr'><strong>nuntiatum</strong></span> <span class='ocrx_word' id='word_1_24' title='bbox 827 808 936 872; x_wconf 80' lang='grc'>00001,</span> <span class='ocrx_word' id='word_1_25' title='bbox 972 786 1099 864; x_wconf 79' lang='lat' dir='ltr'><strong>sublato&#39;</strong></span> <span class='ocrx_word' id='word_1_26' title='bbox 1116 797 1263 863; x_wconf 89' lang='lat' dir='ltr'><strong>mendo.</strong></span> <span class='ocrx_word' id='word_1_27' title='bbox 1337 835 1338 838; x_wconf 61' lang='lat'><em>=</em></span> <span class='ocrx_word' id='word_1_28' title='bbox 1413 822 1417 830; x_wconf 66' lang='lat'>¹</span> 
     </span>
    </p>
   </div>
   <div class='ocr_carea' id='block_1_4' title="bbox 149 900 1228 1534">
    <p class='ocr_par' dir='ltr' id='par_1_4' title="bbox 164 900 1228 1086">
     <span class='ocr_line' id='line_1_6' title="bbox 164 900 1228 988; baseline 0.002 -22"><span class='ocrx_word' id='word_1_29' title='bbox 164 922 224 968; x_wconf 90' lang='lat' dir='ltr'><strong>non</strong></span> <span class='ocrx_word' id='word_1_30' title='bbox 245 922 332 980; x_wconf 84' lang='grc'>1010;</span> <span class='ocrx_word' id='word_1_31' title='bbox 355 903 413 970; x_wconf 83' lang='lat' dir='ltr'><strong>vid.</strong></span> <span class='ocrx_word' id='word_1_32' title='bbox 437 901 604 968; x_wconf 83' lang='lat' dir='ltr'><strong>emendati.</strong></span> <span class='ocrx_word' id='word_1_33' title='bbox 627 900 712 968; x_wconf 85' lang='lat' dir='ltr'><strong>Livv.</strong></span> <span class='ocrx_word' id='word_1_34' title='bbox 735 922 764 985; x_wconf 88' lang='lat' dir='ltr'><strong>p.</strong></span> <span class='ocrx_word' id='word_1_35' title='bbox 789 905 863 982; x_wconf 72' lang='grc'>1111,</span> <span class='ocrx_word' id='word_1_36' title='bbox 886 907 918 970; x_wconf 87' lang='grc'><strong>01</strong></span> <span class='ocrx_word' id='word_1_37' title='bbox 939 924 1005 988; x_wconf 88' lang='lat' dir='ltr'><strong>quae</strong></span> <span class='ocrx_word' id='word_1_38' title='bbox 1028 905 1167 970; x_wconf 86' lang='lat' dir='ltr'><strong>dicentur</strong></span> <span class='ocrx_word' id='word_1_39' title='bbox 1188 904 1228 970; x_wconf 86' lang='lat' dir='ltr'><strong>ad</strong></span> 
     </span>
     <span class='ocr_line' id='line_1_7' title="bbox 166 1007 417 1086; baseline -0.004 -11"><span class='ocrx_word' id='word_1_40' title='bbox 166 1007 245 1075; x_wconf 84' lang='lat' dir='ltr'><strong>Gell.</strong></span> <span class='ocrx_word' id='word_1_41' title='bbox 267 1010 290 1082; x_wconf 90' lang='grc' dir='ltr'><strong>Ι,</strong></span> <span class='ocrx_word' id='word_1_42' title='bbox 316 1009 367 1086; x_wconf 85' lang='grc'><strong>13,</strong></span> <span class='ocrx_word' id='word_1_43' title='bbox 388 1009 417 1074; x_wconf 86' lang='grc'><strong>5.</strong></span> 
     </span>
    </p>

    <p class='ocr_par' dir='ltr' id='par_1_5' title="bbox 149 1114 1228 1534">
     <span class='ocr_line' id='line_1_8' title="bbox 265 1114 1228 1199; baseline 0 -19"><span class='ocrx_word' id='word_1_44' title='bbox 265 1115 333 1180; x_wconf 86' lang='lat' dir='ltr'><strong>lbd.</strong></span> <span class='ocrx_word' id='word_1_45' title='bbox 355 1117 411 1181; x_wconf 80' lang='lat'><strong>47:</strong></span> <span class='ocrx_word' id='word_1_46' title='bbox 457 1114 624 1194; x_wconf 82' lang='lat' dir='ltr'><strong>servitia</strong></span> <span class='ocrx_word' id='word_1_47' title='bbox 652 1115 826 1180; x_wconf 89' lang='lat' dir='ltr'><strong>rectiora</strong></span> <span class='ocrx_word' id='word_1_48' title='bbox 858 1114 1121 1199; x_wconf 81' lang='lat' dir='ltr'><strong>politioraque</strong></span> <span class='ocrx_word' id='word_1_49' title='bbox 1158 1116 1228 1192; x_wconf 53' lang='lat' dir='ltr'><strong>ime</strong></span> 
     </span>
     <span class='ocr_line' id='line_1_9' title="bbox 164 1221 1228 1305; baseline 0.002 -20"><span class='ocrx_word' id='word_1_50' title='bbox 164 1239 292 1286; x_wconf 90' lang='lat' dir='ltr'><strong>menso</strong></span> <span class='ocrx_word' id='word_1_51' title='bbox 329 1223 455 1305; x_wconf 88' lang='lat' dir='ltr'><strong>pretio</strong></span> <span class='ocrx_word' id='word_1_52' title='bbox 485 1225 712 1303; x_wconf 83' lang='lat' dir='ltr'><strong>(comparasse).</strong></span> <span class='ocrx_word' id='word_1_53' title='bbox 766 1221 855 1286; x_wconf 88' lang='lat' dir='ltr'><strong>Prius</strong></span> <span class='ocrx_word' id='word_1_54' title='bbox 883 1221 1070 1286; x_wconf 86' lang='lat' dir='ltr'><strong>adiectirum</strong></span> <span class='ocrx_word' id='word_1_55' title='bbox 1092 1240 1150 1286; x_wconf 91' lang='lat' dir='ltr'><strong>non</strong></span> <span class='ocrx_word' id='word_1_56' title='bbox 1173 1241 1228 1304; x_wconf 93' lang='lat' dir='ltr'><strong>po·</strong></span> 
     </span>
     <span class='ocr_line' id='line_1_10' title="bbox 165 1323 1228 1410; baseline 0.001 -18"><span class='ocrx_word' id='word_1_57' title='bbox 165 1330 229 1396; x_wconf 89' lang='lat' dir='ltr'><strong>test</strong></span> <span class='ocrx_word' id='word_1_58' title='bbox 261 1327 320 1392; x_wconf 91' lang='lat' dir='ltr'><strong>nisi</strong></span> <span class='ocrx_word' id='word_1_59' title='bbox 352 1327 391 1392; x_wconf 89' lang='lat' dir='ltr'><strong>ad</strong></span> <span class='ocrx_word' id='word_1_60' title='bbox 424 1330 575 1392; x_wconf 85' lang='lat' dir='ltr'><strong>staturam</strong></span> <span class='ocrx_word' id='word_1_61' title='bbox 606 1326 838 1410; x_wconf 83' lang='lat' dir='ltr'><strong>significandam</strong></span> <span class='ocrx_word' id='word_1_62' title='bbox 860 1327 1022 1408; x_wconf 79' lang='lat' dir='ltr'><strong>pertinere.</strong></span> <span class='ocrx_word' id='word_1_63' title='bbox 1054 1323 1139 1393; x_wconf 90' lang='lat' dir='ltr'><strong>cuius</strong></span> <span class='ocrx_word' id='word_1_64' title='bbox 1161 1329 1228 1393; x_wconf 87' lang='lat' dir='ltr'><strong>laus</strong></span> 
     </span>
     <span class='ocr_line' id='line_1_11' title="bbox 149 1432 1228 1534; baseline 0.001 -36"><span class='ocrx_word' id='word_1_65' title='bbox 149 1453 264 1517; x_wconf 80' lang='lat' dir='ltr'><strong>¹neque</strong></span> <span class='ocrx_word' id='word_1_66' title='bbox 302 1432 507 1516; x_wconf 84' lang='lat' dir='ltr'><strong>comparativo</strong></span> <span class='ocrx_word' id='word_1_67' title='bbox 552 1435 623 1514; x_wconf 88' lang='lat' dir='ltr'><strong>apte</strong></span> <span class='ocrx_word' id='word_1_68' title='bbox 672 1433 800 1516; x_wconf 84' lang='lat' dir='ltr'><strong>exprimi</strong></span> <span class='ocrx_word' id='word_1_69' title='bbox 836 1453 935 1517; x_wconf 92' lang='lat' dir='ltr'><strong>neque</strong></span> <span class='ocrx_word' id='word_1_70' title='bbox 972 1453 1042 1500; x_wconf 90' lang='lat' dir='ltr'><strong>cum</strong></span> <span class='ocrx_word' id='word_1_71' title='bbox 1080 1434 1228 1534; x_wconf 85' lang='lat' dir='ltr'><strong>politioris</strong></span> 
     </span>
    </p>
   </div>
   <div class='ocr_carea' id='block_1_5' title="bbox 164 1538 1328 1624">
    <p class='ocr_par' dir='ltr' id='par_1_6' title="bbox 164 1538 1328 1624">
     <span class='ocr_line' id='line_1_12' title="bbox 164 1538 1328 1624; baseline 0.002 -20"><span class='ocrx_word' id='word_1_72' title='bbox 164 1540 280 1624; x_wconf 81' lang='lat' dir='ltr'><strong>ingenii</strong></span> <span class='ocrx_word' id='word_1_73' title='bbox 320 1539 411 1604; x_wconf 88' lang='lat' dir='ltr'><strong>laude</strong></span> <span class='ocrx_word' id='word_1_74' title='bbox 454 1538 536 1602; x_wconf 87' lang='lat' dir='ltr'><strong>reete</strong></span> <span class='ocrx_word' id='word_1_75' title='bbox 572 1539 714 1622; x_wconf 83' lang='lat' dir='ltr'><strong>coniungi</strong></span> <span class='ocrx_word' id='word_1_76' title='bbox 750 1538 872 1603; x_wconf 85' lang='lat' dir='ltr'><strong>videtur</strong></span> <span class='ocrx_word' id='word_1_77' title='bbox 914 1545 1011 1623; x_wconf 86' lang='lat' dir='ltr'><strong>neque</strong></span> <span class='ocrx_word' id='word_1_78' title='bbox 1053 1544 1118 1606; x_wconf 87' lang='lat' dir='ltr'><strong>tam</strong></span> <span class='ocrx_word' id='word_1_79' title='bbox 1160 1561 1230 1606; x_wconf 88' lang='lat' dir='ltr'><strong>rara</strong></span> <span class='ocrx_word' id='word_1_80' title='bbox 1326 1567 1328 1573; x_wconf 95' lang='lat'>·</span> 
     </span>
    </p>
   </div>
   <div class='ocr_carea' id='block_1_6' title="bbox 164 1643 1230 2364">
    <p class='ocr_par' dir='ltr' id='par_1_7' title="bbox 164 1643 1230 2364">
     <span class='ocr_line' id='line_1_13' title="bbox 164 1643 1229 1730; baseline 0.002 -20"><span class='ocrx_word' id='word_1_81' title='bbox 164 1646 277 1714; x_wconf 84' lang='lat' dir='ltr'><strong>fuisse.</strong></span> <span class='ocrx_word' id='word_1_82' title='bbox 320 1649 356 1710; x_wconf 91' lang='lat' dir='ltr'><strong>ut</strong></span> <span class='ocrx_word' id='word_1_83' title='bbox 389 1644 533 1710; x_wconf 89' lang='lat' dir='ltr'><strong>immensi</strong></span> <span class='ocrx_word' id='word_1_84' title='bbox 564 1643 657 1728; x_wconf 91' lang='lat' dir='ltr'><strong>pretii</strong></span> <span class='ocrx_word' id='word_1_85' title='bbox 694 1663 786 1710; x_wconf 82' lang='lat' dir='ltr'><strong>cause</strong></span> <span class='ocrx_word' id='word_1_86' title='bbox 821 1644 918 1730; x_wconf 88' lang='lat' dir='ltr'><strong>fieret.</strong></span> <span class='ocrx_word' id='word_1_87' title='bbox 973 1646 1086 1729; x_wconf 89' lang='lat' dir='ltr'><strong>Opinor</strong></span> <span class='ocrx_word' id='word_1_88' title='bbox 1122 1645 1229 1712; x_wconf 84' lang='lat' dir='ltr'><strong>Sueto·</strong></span> 
     </span>
     <span class='ocr_line' id='line_1_14' title="bbox 164 1749 1230 1838; baseline 0.001 -21"><span class='ocrx_word' id='word_1_89' title='bbox 164 1753 250 1817; x_wconf 91' lang='lat' dir='ltr'><strong>nium</strong></span> <span class='ocrx_word' id='word_1_90' title='bbox 284 1751 479 1814; x_wconf 74' lang='lat' dir='ltr'><strong>erectiora</strong></span> <span class='ocrx_word' id='word_1_91' title='bbox 500 1749 658 1830; x_wconf 90' lang='lat' dir='ltr'><strong>scripsisse</strong></span> <span class='ocrx_word' id='word_1_92' title='bbox 694 1750 731 1816; x_wconf 90' lang='lat' dir='ltr'><strong>dc</strong></span> <span class='ocrx_word' id='word_1_93' title='bbox 764 1751 920 1816; x_wconf 84' lang='lat' dir='ltr'><strong>animost</strong></span> <span class='ocrx_word' id='word_1_94' title='bbox 953 1749 1076 1835; x_wconf 87' lang='lat' dir='ltr'><strong>ingenio</strong></span> <span class='ocrx_word' id='word_1_95' title='bbox 1111 1753 1230 1838; x_wconf 80' lang='lat' dir='ltr'><strong>(ausge-</strong></span> 
     </span>
     <span class='ocr_line' id='line_1_15' title="bbox 165 1855 1135 1948; baseline -0.002 -24"><span class='ocrx_word' id='word_1_96' title='bbox 165 1856 303 1935; x_wconf 82' lang='lat' dir='ltr'><strong>weckte).</strong></span> <span class='ocrx_word' id='word_1_97' title='bbox 350 1857 415 1940; x_wconf 80' lang='lat' dir='ltr'><strong>[Sic</strong></span> <span class='ocrx_word' id='word_1_98' title='bbox 438 1855 768 1941; x_wconf 71' lang='lat' dir='ltr'><strong>Baumg‚·Crusius.]¹)</strong></span> <span class='ocrx_word' id='word_1_99' title='bbox 968 1933 970 1938; x_wconf 45' lang='grc'>,</span> <span class='ocrx_word' id='word_1_100' title='bbox 1131 1939 1135 1948; x_wconf 34' lang='grc'>,</span> 
     </span>
     <span class='ocr_line' id='line_1_16' title="bbox 265 1960 1230 2049; baseline 0.006 -23"><span class='ocrx_word' id='word_1_101' title='bbox 265 1963 332 2027; x_wconf 86' lang='lat' dir='ltr'><strong>Ibd.</strong></span> <span class='ocrx_word' id='word_1_102' title='bbox 376 1960 441 2027; x_wconf 56' lang='lat'><strong>785</strong></span> <span class='ocrx_word' id='word_1_103' title='bbox 478 1962 569 2028; x_wconf 88' lang='lat' dir='ltr'><strong>adeo</strong></span> <span class='ocrx_word' id='word_1_104' title='bbox 612 1961 838 2047; x_wconf 85' lang='lat' dir='ltr'><strong>indignatus</strong></span> <span class='ocrx_word' id='word_1_105' title='bbox 882 1963 950 2040; x_wconf 85' lang='grc'>011,</span> <span class='ocrx_word' id='word_1_106' title='bbox 976 1969 1034 2030; x_wconf 90' lang='lat' dir='ltr'><strong>-ut</strong></span> <span class='ocrx_word' id='word_1_107' title='bbox 1075 1967 1230 2049; x_wconf 90' lang='lat' dir='ltr'><strong>procla-</strong></span> 
     </span>
     <span class='ocr_line' id='line_1_17' title="bbox 166 2067 1229 2159; baseline 0.001 -24"><span class='ocrx_word' id='word_1_108' title='bbox 166 2070 331 2136; x_wconf 84' lang='lat' dir='ltr'><strong>maverit</strong></span> <span class='ocrx_word' id='word_1_109' title='bbox 459 2072 496 2134; x_wconf 89' lang='grc'><strong>01</strong></span> <span class='ocrx_word' id='word_1_110' title='bbox 518 2087 588 2134; x_wconf 90' lang='lat' dir='ltr'><strong>nec</strong></span> <span class='ocrx_word' id='word_1_111' title='bbox 609 2067 811 2159; x_wconf 89' lang='lat' dir='ltr'><strong>destiterit</strong></span> <span class='ocrx_word' id='word_1_112' title='bbox 831 2089 894 2152; x_wconf 90' lang='lat' dir='ltr'><strong>per</strong></span> <span class='ocrx_word' id='word_1_113' title='bbox 916 2070 1122 2136; x_wconf 87' lang='lat' dir='ltr'><strong>continuos</strong></span> <span class='ocrx_word' id='word_1_114' title='bbox 1145 2070 1229 2136; x_wconf 87' lang='lat' dir='ltr'><strong>dies</strong></span> 
     </span>
     <span class='ocr_line' id='line_1_18' title="bbox 165 2174 1228 2260; baseline 0.001 -20"><span class='ocrx_word' id='word_1_115' title='bbox 165 2177 371 2260; x_wconf 89' lang='lat' dir='ltr'><strong>quicquam</strong></span> <span class='ocrx_word' id='word_1_116' title='bbox 393 2176 569 2259; x_wconf 90' lang='lat' dir='ltr'><strong>cuiquam</strong></span> <span class='ocrx_word' id='word_1_117' title='bbox 595 2174 672 2240; x_wconf 90' lang='lat' dir='ltr'><strong>nisi</strong></span> <span class='ocrx_word' id='word_1_118' title='bbox 688 2175 763 2240; x_wconf 49' lang='lat' dir='ltr'><strong>snb*</strong></span> <span class='ocrx_word' id='word_1_119' title='bbox 778 2176 1003 2258; x_wconf 80' lang='lat' dir='ltr'><strong>exceptione</strong></span> <span class='ocrx_word' id='word_1_120' title='bbox 1026 2177 1228 2259; x_wconf 90' lang='lat' dir='ltr'><strong>polliceri:</strong></span> 
     </span>
     <span class='ocr_line' id='line_1_19' title="bbox 165 2281 1230 2364; baseline 0.001 -17"><span class='ocrx_word' id='word_1_121' title='bbox 165 2282 197 2347; x_wconf 89' lang='lat' dir='ltr'><strong>si</strong></span> <span class='ocrx_word' id='word_1_122' title='bbox 229 2285 357 2347; x_wconf 90' lang='lat' dir='ltr'><strong>tamen</strong></span> <span class='ocrx_word' id='word_1_123' title='bbox 389 2300 454 2364; x_wconf 90' lang='lat' dir='ltr'><strong>per</strong></span> <span class='ocrx_word' id='word_1_124' title='bbox 496 2281 674 2346; x_wconf 91' lang='lat' dir='ltr'><strong>Pontium</strong></span> <span class='ocrx_word' id='word_1_125' title='bbox 713 2281 892 2363; x_wconf 86' lang='lat' dir='ltr'><strong>Aquilam</strong></span> <span class='ocrx_word' id='word_1_126' title='bbox 924 2281 1095 2348; x_wconf 85' lang='lat' dir='ltr'><strong>licuerit.</strong></span> <span class='ocrx_word' id='word_1_127' title='bbox 1160 2283 1230 2350; x_wconf 90' lang='lat' dir='ltr'><strong>Non</strong></span> 
     </span>
    </p>
   </div>
   <div class='ocr_carea' id='block_1_7' title="bbox 162 2375 1230 2473">
    <p class='ocr_par' dir='ltr' id='par_1_8' title="bbox 162 2375 1230 2473">
     <span class='ocr_line' id='line_1_20' title="bbox 162 2375 1230 2473; baseline 0.001 -20"><span class='ocrx_word' id='word_1_128' title='bbox 162 2387 269 2460; x_wconf 79' lang='lat' dir='ltr'><strong>uideo,</strong></span> <span class='ocrx_word' id='word_1_129' title='bbox 305 2387 357 2470; x_wconf 91' lang='lat' dir='ltr'><strong>qui</strong></span> <span class='ocrx_word' id='word_1_130' title='bbox 380 2387 517 2452; x_wconf 89' lang='lat' dir='ltr'><strong>excusari</strong></span> <span class='ocrx_word' id='word_1_131' title='bbox 538 2386 634 2467; x_wconf 89' lang='lat' dir='ltr'><strong>possit</strong></span> <span class='ocrx_word' id='word_1_132' title='bbox 651 2375 652 2379; x_wconf 57' lang='grc'>’</span> <span class='ocrx_word' id='word_1_133' title='bbox 667 2388 706 2451; x_wconf 90' lang='grc'><strong>01</strong></span> <span class='ocrx_word' id='word_1_134' title='bbox 737 2405 804 2452; x_wconf 89' lang='lat' dir='ltr'><strong>nee</strong></span> <span class='ocrx_word' id='word_1_135' title='bbox 836 2387 1042 2454; x_wconf 85' lang='lat' dir='ltr'><strong>destiterit</strong></span> <span class='ocrx_word' id='word_1_136' title='bbox 1072 2388 1139 2473; x_wconf 86' lang='lat' dir='ltr'><strong>(pro</strong></span> <span class='ocrx_word' id='word_1_137' title='bbox 1162 2408 1230 2454; x_wconf 92' lang='lat' dir='ltr'><strong>nec</strong></span> 
     </span>
    </p>
   </div>
   <div class='ocr_carea' id='block_1_8' title="bbox 164 2630 361 2640">
    <p class='ocr_par' dir='ltr' id='par_1_9' title="bbox 164 2630 361 2640">
     <span class='ocr_line' id='line_1_21' title="bbox 164 2630 361 2640; baseline 0 -2"><span class='ocrx_word' id='word_1_138' title='bbox 164 2630 361 2640; x_wconf 76' lang='lat'><strong>...—.--...--</strong></span> 
     </span>
    </p>
   </div>
   <div class='ocr_carea' id='block_1_9' title="bbox 138 2779 1246 4156">
    <p class='ocr_par' dir='ltr' id='par_1_10' title="bbox 138 2779 1246 4156">
     <span class='ocr_line' id='line_1_22' title="bbox 148 2779 1246 2870; baseline 0.005 -29"><span class='ocrx_word' id='word_1_139' title='bbox 148 2863 152 2870; x_wconf 24' lang='lat'>¹</span> <span class='ocrx_word' id='word_1_140' title='bbox 193 2786 215 2850; x_wconf 89' lang='lat'><strong>¹)</strong></span> <span class='ocrx_word' id='word_1_141' title='bbox 234 2786 298 2857; x_wconf 80' lang='lat' dir='ltr'><strong>Cap.</strong></span> <span class='ocrx_word' id='word_1_142' title='bbox 329 2790 363 2844; x_wconf 84' lang='lat'><strong>58</strong></span> <span class='ocrx_word' id='word_1_143' title='bbox 391 2786 463 2857; x_wconf 88' lang='lat' dir='ltr'><strong>qnod</strong></span> <span class='ocrx_word' id='word_1_144' title='bbox 490 2785 603 2841; x_wconf 85' lang='lat' dir='ltr'><strong>Wolfins</strong></span> <span class='ocrx_word' id='word_1_145' title='bbox 631 2790 713 2857; x_wconf 81' lang='lat' dir='ltr'><strong>negat</strong></span> <span class='ocrx_word' id='word_1_146' title='bbox 745 2803 773 2841; x_wconf 89' lang='lat' dir='ltr'><strong>se</strong></span> <span class='ocrx_word' id='word_1_147' title='bbox 801 2791 936 2857; x_wconf 80' lang='lat' dir='ltr'><strong>exputare,</strong></span> <span class='ocrx_word' id='word_1_148' title='bbox 970 2790 1101 2859; x_wconf 81' lang='lat' dir='ltr'><strong>quomodo</strong></span> <span class='ocrx_word' id='word_1_149' title='bbox 1131 2779 1246 2862; x_wconf 78' lang='lat' dir='ltr'><strong>aliquis</strong></span> 
     </span>
     <span class='ocr_line' id='line_1_23' title="bbox 138 2871 1230 2954; baseline 0.005 -22"><span class='ocrx_word' id='word_1_150' title='bbox 138 2949 140 2954; x_wconf 14' lang='grc' dir='ltr'><strong><em>Α</em></strong></span> <span class='ocrx_word' id='word_1_151' title='bbox 175 2881 177 2884; x_wconf 83' lang='grc'><strong>’</strong></span> <span class='ocrx_word' id='word_1_152' title='bbox 235 2878 340 2944; x_wconf 78' lang='lat' dir='ltr'><strong>(debuit</strong></span> <span class='ocrx_word' id='word_1_153' title='bbox 374 2879 489 2934; x_wconf 87' lang='lat' dir='ltr'><strong>scribere</strong></span> <span class='ocrx_word' id='word_1_154' title='bbox 524 2883 660 2949; x_wconf 76' lang='lat' dir='ltr'><strong>qaisquam)</strong></span> <span class='ocrx_word' id='word_1_155' title='bbox 696 2880 725 2933; x_wconf 91' lang='lat' dir='ltr'><strong>in</strong></span> <span class='ocrx_word' id='word_1_156' title='bbox 762 2871 1022 2951; x_wconf 81' lang='lat' dir='ltr'><strong>plusquamperfecto</strong></span> <span class='ocrx_word' id='word_1_157' title='bbox 1057 2885 1230 2953; x_wconf 85' lang='lat' dir='ltr'><strong>exploras·</strong></span> 
     </span>
     <span class='ocr_line' id='line_1_24' title="bbox 235 2971 1230 3043; baseline 0.008 -17"><span class='ocrx_word' id='word_1_158' title='bbox 235 2974 287 3026; x_wconf 91' lang='lat' dir='ltr'><strong>set</strong></span> <span class='ocrx_word' id='word_1_159' title='bbox 315 2975 435 3043; x_wconf 88' lang='lat' dir='ltr'><strong>(neque</strong></span> <span class='ocrx_word' id='word_1_160' title='bbox 477 2973 513 3028; x_wconf 89' lang='lat' dir='ltr'><strong>in</strong></span> <span class='ocrx_word' id='word_1_161' title='bbox 542 2971 763 3028; x_wconf 82' lang='lat' dir='ltr'><strong>Britanniam</strong></span> <span class='ocrx_word' id='word_1_162' title='bbox 798 2971 1013 3040; x_wconf 77' lang='lat' dir='ltr'><strong>transvexit,</strong></span> <span class='ocrx_word' id='word_1_163' title='bbox 1044 2977 1116 3031; x_wconf 87' lang='lat' dir='ltr'><strong>nisi</strong></span> <span class='ocrx_word' id='word_1_164' title='bbox 1150 2982 1230 3034; x_wconf 86' lang='lat' dir='ltr'><strong>ante</strong></span> 
     </span>
     <span class='ocr_line' id='line_1_25' title="bbox 236 3066 1230 3139; baseline 0.005 -20"><span class='ocrx_word' id='word_1_165' title='bbox 236 3081 298 3133; x_wconf 84' lang='lat' dir='ltr'><strong>per</strong></span> <span class='ocrx_word' id='word_1_166' title='bbox 342 3082 375 3120; x_wconf 88' lang='lat' dir='ltr'><strong>se</strong></span> <span class='ocrx_word' id='word_1_167' title='bbox 419 3068 540 3136; x_wconf 90' lang='lat' dir='ltr'><strong>portus</strong></span> <span class='ocrx_word' id='word_1_168' title='bbox 699 3067 927 3136; x_wconf 85' lang='lat' dir='ltr'><strong>explorasset)</strong></span> <span class='ocrx_word' id='word_1_169' title='bbox 969 3066 1068 3122; x_wconf 81' lang='lat' dir='ltr'><strong>harere</strong></span> <span class='ocrx_word' id='word_1_170' title='bbox 1102 3071 1230 3139; x_wconf 79' lang='lat' dir='ltr'><strong>potuerit,</strong></span> 
     </span>
     <span class='ocr_line' id='line_1_26' title="bbox 239 3157 1239 3230; baseline 0.007 -20"><span class='ocrx_word' id='word_1_171' title='bbox 239 3174 343 3213; x_wconf 88' lang='lat' dir='ltr'><strong>summe</strong></span> <span class='ocrx_word' id='word_1_172' title='bbox 363 3158 421 3214; x_wconf 89' lang='lat' dir='ltr'><strong>iure</strong></span> <span class='ocrx_word' id='word_1_173' title='bbox 442 3157 583 3214; x_wconf 76' lang='lat' dir='ltr'><strong>Ernestins</strong></span> <span class='ocrx_word' id='word_1_174' title='bbox 603 3159 726 3215; x_wconf 77' lang='lat' dir='ltr'><strong>haeserat.</strong></span> <span class='ocrx_word' id='word_1_175' title='bbox 760 3158 853 3229; x_wconf 86' lang='lat' dir='ltr'><strong>Neque</strong></span> <span class='ocrx_word' id='word_1_176' title='bbox 872 3159 945 3215; x_wconf 87' lang='lat' dir='ltr'><strong>enim</strong></span> <span class='ocrx_word' id='word_1_177' title='bbox 963 3157 996 3214; x_wconf 85' lang='lat' dir='ltr'><strong>de</strong></span> <span class='ocrx_word' id='word_1_178' title='bbox 1014 3161 1054 3216; x_wconf 89' lang='lat' dir='ltr'><strong>rei</strong></span> <span class='ocrx_word' id='word_1_179' title='bbox 1073 3161 1149 3218; x_wconf 71' lang='lat' dir='ltr'><strong>laeta</strong></span> <span class='ocrx_word' id='word_1_180' title='bbox 1167 3179 1239 3230; x_wconf 51' lang='lat' dir='ltr'><strong>eon·¹</strong></span> 
     </span>
     <span class='ocr_line' id='line_1_27' title="bbox 235 3250 1236 3322; baseline 0.005 -17"><span class='ocrx_word' id='word_1_181' title='bbox 235 3250 339 3308; x_wconf 86' lang='lat' dir='ltr'><strong>dicione</strong></span> <span class='ocrx_word' id='word_1_182' title='bbox 357 3253 422 3308; x_wconf 90' lang='lat' dir='ltr'><strong>ante</strong></span> <span class='ocrx_word' id='word_1_183' title='bbox 439 3251 552 3322; x_wconf 82' lang='lat' dir='ltr'><strong>impleta</strong></span> <span class='ocrx_word' id='word_1_184' title='bbox 570 3252 669 3308; x_wconf 88' lang='lat' dir='ltr'><strong>rectius</strong></span> <span class='ocrx_word' id='word_1_185' title='bbox 687 3253 785 3308; x_wconf 85' lang='lat' dir='ltr'><strong>Latine</strong></span> <span class='ocrx_word' id='word_1_186' title='bbox 811 3251 911 3308; x_wconf 87' lang='lat' dir='ltr'><strong>dicitnr</strong></span> <span class='ocrx_word' id='word_1_187' title='bbox 931 3273 978 3304; x_wconf 79' lang='lat' dir='ltr'><strong>aon</strong></span> <span class='ocrx_word' id='word_1_188' title='bbox 996 3259 1075 3322; x_wconf 71' lang='lat' dir='ltr'><strong>ficit,</strong></span> <span class='ocrx_word' id='word_1_189' title='bbox 1099 3259 1151 3310; x_wconf 27' lang='lat' dir='ltr'><strong>*aet</strong></span> <span class='ocrx_word' id='word_1_190' title='bbox 1176 3270 1236 3310; x_wconf 78' lang='lat' dir='ltr'><strong>aare·</strong></span> 
     </span>
     <span class='ocr_line' id='line_1_28' title="bbox 193 3344 1230 3416; baseline 0.011 -20"><span class='ocrx_word' id='word_1_191' title='bbox 193 3403 195 3408; x_wconf 47' lang='grc'>,</span> <span class='ocrx_word' id='word_1_192' title='bbox 235 3346 383 3412; x_wconf 73' lang='lat' dir='ltr'><strong>explorasset</strong></span> <span class='ocrx_word' id='word_1_193' title='bbox 397 3346 456 3414; x_wconf 90' lang='lat' dir='ltr'><strong>(pro</strong></span> <span class='ocrx_word' id='word_1_194' title='bbox 485 3360 516 3399; x_wconf 91' lang='lat' dir='ltr'><strong>ec</strong></span> <span class='ocrx_word' id='word_1_195' title='bbox 534 3344 606 3414; x_wconf 83' lang='lat' dir='ltr'><strong>qnod</strong></span> <span class='ocrx_word' id='word_1_196' title='bbox 633 3348 685 3400; x_wconf 88' lang='lat' dir='ltr'><strong>est:</strong></span> <span class='ocrx_word' id='word_1_197' title='bbox 713 3362 775 3402; x_wconf 86' lang='lat' dir='ltr'><strong>non</strong></span> <span class='ocrx_word' id='word_1_198' title='bbox 794 3385 801 3401; x_wconf 90' lang='lat'><strong>.</strong></span> <span class='ocrx_word' id='word_1_199' title='bbox 822 3349 1059 3416; x_wconf 84' lang='lat' dir='ltr'><strong>..antequam</strong></span> <span class='ocrx_word' id='word_1_200' title='bbox 1078 3352 1126 3403; x_wconf 82' lang='lat' dir='ltr'><strong>eut</strong></span> <span class='ocrx_word' id='word_1_201' title='bbox 1149 3367 1230 3408; x_wconf 88' lang='lat' dir='ltr'><strong>nnn·</strong></span> 
     </span>
     <span class='ocr_line' id='line_1_29' title="bbox 236 3436 1230 3513; baseline 0.008 -23"><span class='ocrx_word' id='word_1_202' title='bbox 236 3453 334 3507; x_wconf 83' lang='lat' dir='ltr'><strong>quam</strong></span> <span class='ocrx_word' id='word_1_203' title='bbox 349 3478 356 3493; x_wconf 84' lang='lat'><strong>.</strong></span> <span class='ocrx_word' id='word_1_204' title='bbox 374 3477 383 3492; x_wconf 90' lang='lat'><strong>.</strong></span> <span class='ocrx_word' id='word_1_205' title='bbox 401 3475 408 3491; x_wconf 93' lang='lat'><strong><em>.</em></strong></span> <span class='ocrx_word' id='word_1_206' title='bbox 427 3437 499 3491; x_wconf 90' lang='lat' dir='ltr'><strong>nisi</strong></span> <span class='ocrx_word' id='word_1_207' title='bbox 517 3437 700 3506; x_wconf 87' lang='lat' dir='ltr'><strong>explorato</strong></span> <span class='ocrx_word' id='word_1_208' title='bbox 718 3436 761 3492; x_wconf 81' lang='lat' dir='ltr'><strong>vel</strong></span> <span class='ocrx_word' id='word_1_209' title='bbox 779 3437 850 3492; x_wconf 93' lang='lat' dir='ltr'><strong>nisi</strong></span> <span class='ocrx_word' id='word_1_210' title='bbox 868 3442 1131 3510; x_wconf 86' lang='lat' dir='ltr'><strong>perscrutatus),</strong></span> <span class='ocrx_word' id='word_1_211' title='bbox 1150 3459 1230 3513; x_wconf 88' lang='lat' dir='ltr'><strong>qnam</strong></span> 
     </span>
     <span class='ocr_line' id='line_1_30' title="bbox 236 3528 1230 3599; baseline 0.004 -17"><span class='ocrx_word' id='word_1_212' title='bbox 236 3530 259 3583; x_wconf 88' lang='lat' dir='ltr'><strong>si</strong></span> <span class='ocrx_word' id='word_1_213' title='bbox 281 3529 437 3584; x_wconf 72' lang='lat' dir='ltr'><strong>Germanice</strong></span> <span class='ocrx_word' id='word_1_214' title='bbox 455 3528 538 3584; x_wconf 77' lang='lat' dir='ltr'><strong>dicas:</strong></span> <span class='ocrx_word' id='word_1_215' title='bbox 567 3551 599 3582; x_wconf 88' lang='lat' dir='ltr'><strong>er</strong></span> <span class='ocrx_word' id='word_1_216' title='bbox 617 3534 686 3584; x_wconf 79' lang='grc'>1101</span> <span class='ocrx_word' id='word_1_217' title='bbox 702 3551 734 3584; x_wconf 87' lang='lat' dir='ltr'><strong>es</strong></span> <span class='ocrx_word' id='word_1_218' title='bbox 752 3534 838 3584; x_wconf 76' lang='grc'>1110111</span> <span class='ocrx_word' id='word_1_219' title='bbox 863 3532 906 3598; x_wconf 84' lang='lat' dir='ltr'><strong>(de</strong></span> <span class='ocrx_word' id='word_1_220' title='bbox 925 3548 953 3586; x_wconf 85' lang='lat' dir='ltr'><strong>re</strong></span> <span class='ocrx_word' id='word_1_221' title='bbox 977 3547 1031 3586; x_wconf 77' lang='lat' dir='ltr'><strong>una</strong></span> <span class='ocrx_word' id='word_1_222' title='bbox 1049 3531 1139 3599; x_wconf 78' lang='lat' dir='ltr'><strong>facta),</strong></span> <span class='ocrx_word' id='word_1_223' title='bbox 1164 3554 1230 3586; x_wconf 81' lang='lat' dir='ltr'><strong>wenc</strong></span> 
     </span>
     <span class='ocr_line' id='line_1_31' title="bbox 236 3620 1231 3696; baseline 0.007 -22"><span class='ocrx_word' id='word_1_224' title='bbox 236 3643 263 3674; x_wconf 80' lang='lat' dir='ltr'><strong>er</strong></span> <span class='ocrx_word' id='word_1_225' title='bbox 292 3625 356 3676; x_wconf 78' lang='lat' dir='ltr'><strong>niele</strong></span> <span class='ocrx_word' id='word_1_226' title='bbox 384 3663 391 3678; x_wconf 90' lang='lat'><strong>.</strong></span> <span class='ocrx_word' id='word_1_227' title='bbox 420 3664 427 3678; x_wconf 92' lang='lat'><strong>.</strong></span> <span class='ocrx_word' id='word_1_228' title='bbox 456 3663 463 3678; x_wconf 90' lang='lat'><strong>.</strong></span> <span class='ocrx_word' id='word_1_229' title='bbox 490 3626 626 3676; x_wconf 81' lang='lat' dir='ltr'><strong>aarersuctr</strong></span> <span class='ocrx_word' id='word_1_230' title='bbox 658 3626 728 3678; x_wconf 68' lang='lat' dir='ltr'><strong>tetre.</strong></span> <span class='ocrx_word' id='word_1_231' title='bbox 778 3623 829 3678; x_wconf 82' lang='lat' dir='ltr'><strong>sed</strong></span> <span class='ocrx_word' id='word_1_232' title='bbox 868 3620 993 3696; x_wconf 83' lang='lat' dir='ltr'><strong>quoniam</strong></span> <span class='ocrx_word' id='word_1_233' title='bbox 1032 3625 1158 3682; x_wconf 84' lang='lat' dir='ltr'><strong>mendum</strong></span> <span class='ocrx_word' id='word_1_234' title='bbox 1189 3632 1231 3682; x_wconf 88' lang='lat' dir='ltr'><strong>est</strong></span> 
     </span>
     <span class='ocr_line' id='line_1_32' title="bbox 236 3715 1231 3790; baseline 0.007 -21"><span class='ocrx_word' id='word_1_235' title='bbox 236 3716 318 3771; x_wconf 86' lang='lat' dir='ltr'><strong>etiam</strong></span> <span class='ocrx_word' id='word_1_236' title='bbox 350 3716 379 3770; x_wconf 87' lang='lat' dir='ltr'><strong>in</strong></span> <span class='ocrx_word' id='word_1_237' title='bbox 409 3731 466 3785; x_wconf 87' lang='lat' dir='ltr'><strong>per</strong></span> <span class='ocrx_word' id='word_1_238' title='bbox 493 3731 544 3780; x_wconf 81' lang='lat' dir='ltr'><strong>ee,</strong></span> <span class='ocrx_word' id='word_1_239' title='bbox 586 3715 657 3787; x_wconf 87' lang='lat' dir='ltr'><strong>quod</strong></span> <span class='ocrx_word' id='word_1_240' title='bbox 685 3719 713 3772; x_wconf 93' lang='lat' dir='ltr'><strong>et</strong></span> <span class='ocrx_word' id='word_1_241' title='bbox 740 3717 855 3772; x_wconf 85' lang='lat' dir='ltr'><strong>historia</strong></span> <span class='ocrx_word' id='word_1_242' title='bbox 880 3717 1016 3773; x_wconf 84' lang='lat' dir='ltr'><strong>convincit</strong></span> <span class='ocrx_word' id='word_1_243' title='bbox 1047 3722 1075 3774; x_wconf 90' lang='lat' dir='ltr'><strong>et</strong></span> <span class='ocrx_word' id='word_1_244' title='bbox 1104 3719 1231 3790; x_wconf 86' lang='lat' dir='ltr'><strong>loquendi</strong></span> 
     </span>
     <span class='ocr_line' id='line_1_33' title="bbox 235 3793 1230 3888; baseline 0.004 -24"><span class='ocrx_word' id='word_1_245' title='bbox 235 3825 300 3864; x_wconf 88' lang='lat' dir='ltr'><strong>usus</strong></span> <span class='ocrx_word' id='word_1_246' title='bbox 315 3811 389 3876; x_wconf 85' lang='lat' dir='ltr'><strong>(nam</strong></span> <span class='ocrx_word' id='word_1_247' title='bbox 406 3808 479 3879; x_wconf 89' lang='lat' dir='ltr'><strong>ipse</strong></span> <span class='ocrx_word' id='word_1_248' title='bbox 489 3793 639 3865; x_wconf 66' lang='lat' dir='ltr'><strong>‘orandum</strong></span> <span class='ocrx_word' id='word_1_249' title='bbox 658 3812 734 3878; x_wconf 84' lang='lat' dir='ltr'><strong>erat),</strong></span> <span class='ocrx_word' id='word_1_250' title='bbox 754 3827 841 3888; x_wconf 89' lang='lat' dir='ltr'><strong>neque</strong></span> <span class='ocrx_word' id='word_1_251' title='bbox 857 3811 985 3867; x_wconf 85' lang='lat' dir='ltr'><strong>correctio</strong></span> <span class='ocrx_word' id='word_1_252' title='bbox 1002 3811 1150 3881; x_wconf 86' lang='lat' dir='ltr'><strong>probabilis</strong></span> <span class='ocrx_word' id='word_1_253' title='bbox 1168 3829 1230 3884; x_wconf 63' lang='lat' dir='ltr'><strong>supa</strong></span> 
     </span>
     <span class='ocr_line' id='line_1_34' title="bbox 235 3902 1229 3974; baseline 0.004 -18"><span class='ocrx_word' id='word_1_254' title='bbox 235 3902 314 3972; x_wconf 85' lang='lat' dir='ltr'><strong>petlt,</strong></span> <span class='ocrx_word' id='word_1_255' title='bbox 333 3902 422 3957; x_wconf 84' lang='lat' dir='ltr'><strong>locum</strong></span> <span class='ocrx_word' id='word_1_256' title='bbox 440 3906 569 3959; x_wconf 89' lang='lat' dir='ltr'><strong>notatum·</strong></span> <span class='ocrx_word' id='word_1_257' title='bbox 583 3903 820 3974; x_wconf 74' lang='lat' dir='ltr'><strong>pretermittamue</strong></span> <span class='ocrx_word' id='word_1_258' title='bbox 837 3920 923 3974; x_wconf 89' lang='lat' dir='ltr'><strong>neque</strong></span> <span class='ocrx_word' id='word_1_259' title='bbox 947 3902 1085 3974; x_wconf 76' lang='lat' dir='ltr'><strong>prefracte</strong></span> <span class='ocrx_word' id='word_1_260' title='bbox 1102 3919 1229 3974; x_wconf 77' lang='lat' dir='ltr'><strong>negemus</strong></span> 
     </span>
     <span class='ocr_line' id='line_1_35' title="bbox 238 3979 1228 4068; baseline 0.005 -20"><span class='ocrx_word' id='word_1_261' title='bbox 238 3997 396 4050; x_wconf 88' lang='lat' dir='ltr'><strong>Suetonium</strong></span> <span class='ocrx_word' id='word_1_262' title='bbox 415 3996 444 4050; x_wconf 89' lang='lat' dir='ltr'><strong>in</strong></span> <span class='ocrx_word' id='word_1_263' title='bbox 463 3996 576 4060; x_wconf 79' lang='lat' dir='ltr'><strong>formam</strong></span> <span class='ocrx_word' id='word_1_264' title='bbox 594 3995 726 4052; x_wconf 86' lang='lat' dir='ltr'><strong>orationis</strong></span> <span class='ocrx_word' id='word_1_265' title='bbox 744 3979 834 4052; x_wconf 83' lang='lat' dir='ltr'><strong>minue</strong></span> <span class='ocrx_word' id='word_1_266' title='bbox 851 4000 950 4056; x_wconf 79' lang='lat' dir='ltr'><strong>rectam</strong></span> <span class='ocrx_word' id='word_1_267' title='bbox 963 3995 1082 4052; x_wconf 82' lang='lat' dir='ltr'><strong>insidere</strong></span> <span class='ocrx_word' id='word_1_268' title='bbox 1100 3998 1228 4068; x_wconf 82' lang='lat' dir='ltr'><strong>potuisse,</strong></span> 
     </span>
     <span class='ocr_line' id='line_1_36' title="bbox 236 4085 680 4156; baseline 0.009 -16"><span class='ocrx_word' id='word_1_269' title='bbox 236 4085 314 4141; x_wconf 87' lang='lat' dir='ltr'><strong>modo</strong></span> <span class='ocrx_word' id='word_1_270' title='bbox 332 4102 365 4140; x_wconf 90' lang='lat' dir='ltr'><strong>ne</strong></span> <span class='ocrx_word' id='word_1_271' title='bbox 383 4086 534 4156; x_wconf 82' lang='lat' dir='ltr'><strong>legitimam</strong></span> <span class='ocrx_word' id='word_1_272' title='bbox 552 4085 680 4144; x_wconf 84' lang='lat' dir='ltr'><strong>dicamne.</strong></span> 
     </span>
    </p>
   </div>
   <div class='ocr_carea' id='block_1_10' title="bbox 0 0 1469 4660">
    <p class='ocr_par' dir='ltr' id='par_1_11' title="bbox 0 0 1469 4660">
     <span class='ocr_line' id='line_1_37' title="bbox 0 0 1469 4660; baseline 0 0"><span class='ocrx_word' id='word_1_273' title='bbox 0 0 1469 4660; x_wconf 95' lang='lat' dir='ltr'><strong> </strong></span> 
     </span>
    </p>
   </div>
  </div>
 </body>
</html>
