3018 4634
576 233 688 294 Omnis
706 234 737 290 B.
760 233 833 290 (tul.
1135 235 1194 298 251

274 433 342 501 lbd.
365 434 421 499 27:
457 433 509 498 ut.
602 435 875 510 ooourrorent,
898 432 1055 517 equites
1076 453 1178 514 voro,
1198 436 1238 502 nt

171 541 459 626 turpitudinem
479 539 583 623 ingre
603 540 758 605 virtuto
779 539 973 617 delerent,
996 542 1176 608 omnibus
1198 541 1237 607 in

173 647 275 714 loois
307 647 481 732 pugnent
513 663 582 730 quo
604 664 643 712 se
666 645 897 730 legionariis
919 647 1121 714 militibus
1141 666 1238 731 prm-

172 756 329 821 iorrent.
384 753 436 820 dio
470 751 589 818 romeos
622 751 765 818 meliores
802 751 870 818 sino
902 751 968 816 ulle
1002 753 1167 831 voriototer
1205 755 1238 819 in

171 860 364 944 interpolatis
386 858 597 926 substituitur:
631 858 810 924 omnibns
841 857 883 922 in
914 857 1011 924 loois
1039 879 1174 946 pugneo
1195 879 1238 928 so

172 966 248 1053 leg.
269 971 326 1051 pr,
350 985 387 1033 or
408 983 468 1050 quo
489 962 566 1029 illud
587 965 690 1030 ortum
711 983 770 1030 nou
793 979 871 1036 osse,
893 964 969 1030 setis
990 967 1129 1048 apparot
1174 967 1235 1034 Sed

173 1071 253 1159 qnod
274 1071 481 1155 Nipperdeius
514 1073 684 1156 pugnent
716 1088 787 1155 quo
815 1069 911 1135 dolori
943 1071 1020 1150 vult,
1053 1071 1143 1156 frugi,
1176 1091 1238 1138 non

171 1179 242 1246 dioo
277 1176 487 1262 probabiliter,
523 1176 577 1241 sod
610 1175 807 1244 mediomiter
843 1177 1089 1258 improbabiliter
1121 1180 1236 1262 nequit,

171 1305 226 1351 eur
247 1286 315 1370 quis
338 1283 414 1350 dnos
436 1299 527 1350 vooos
559 1283 634 1348 odeo
662 1285 856 1350 esenteutiu
878 1285 910 1348 et
932 1284 1157 1350 construetione
1181 1287 1238 1352 ob·

174 1409 264 1458 sonos
286 1390 396 1456 modies
420 1388 549 1454 moduni
571 1389 718 1456 leoillimo
741 1387 913 1456 deourronti
936 1389 1133 1457 interiores-it.
1171 1391 1237 1459 Neo

171 1497 249 1564 sotis
273 1495 443 1580 perspicue,
480 1495 564 1560 nullo
596 1495 712 1574 addito,
748 1496 866 1580 equites
899 1487 1128 1580 ss'legionariis
1159 1510 1239 1579 prn-

172 1603 280 1670 tnlisso
303 1602 455 1668 dicuutur.
508 1600 679 1684 Soripeoret
700 1601 822 1668 Oaesorr
851 1602 1034 1668 omnibus
1065 1602 1105 1667 in
1138 1603 1237 1669 loeis

167 1709 386 1794 propriando
410 1725 449 1772 se
470 1706 709 1790 legionariis
731 1709 808 1773 mil.
828 1707 1074 1790 proferrent.

272 1813 338 1880 Lib.
362 1812 419 1891 111,
454 1812 510 1878 14:
529 1813 586 1878 ut
605 1830 729 1897 neque
752 1831 794 1880 ox
814 1813 1005 1880 inferiore
1026 1815 1109 1880 loeo
1135 1814 1237 1881 sotis

172 1919 364 1986 oorumode
395 1918 477 1984 tolo
508 1917 613 1984 edici
633 1923 795 2002 possent
822 1919 862 1984 et
888 1920 1009 1986 missu
1038 1919 1084 1984 eb
1102 1919 1238 1998 'Gallis

170 2026 331 2110 gravius
370 2023 605 2090 eoeidorent.
639 2023 717 2090 -Sio
747 2027 813 2103 (out
844 2025 982 2104 odiioi)
1013 2025 1116 2091 editur
1154 2025 1240 2092 nulle

172 2131 413 2198 commemorate
443 2129 601 2196 verietate.
660 2131 705 2196 At
736 2132 789 2210 lv,
822 2130 862 2193 23
885 2131 918 2196 et
940 2130 1059 2196 codices
1080 2129 1239 2214 utriusque

172 2237 333 2322 generisot
354 2235 505 2302 editiones
525 2235 675 2319 seriptum
696 2235 827 2303 hebent:
859 2235 918 2301 uti
940 2254 984 2300 ex
1004 2235 1108 2302 looir
1129 2255 1239 2318 supo-

171 2344 343 2409 rioribns
374 2342 411 2408 in
453 2343 552 2408 litus
584 2343 703 2408 telum
736 2344 848 2428 adipi
878 2343 1025 2426 posset,
1070 2344 1103 2409 et
1133 2342 1171 2406 Β.
1203 2341 1237 2408 C.

172 2449 230 2530 ΙΙΙ,
264 2449 320 2515 bl:
356 2449 399 2516 ut
432 2449 557 2515 telum
597 2451 794 2516 tormento
827 2449 985 2516 missum
1019 2449 1129 2532 adipi
1167 2468 1239 2514 non

171 2558 323 2638 posset,
343 2554 457 2621 ubine
478 2555 608 2620 minime
628 2555 750 2654 quidem
772 2553 980 2638 diseropontio
1009 2555 1142 2620 notetur.
1198 2555 1239 2620 lit

172 2664 279 2728 temen
300 2661 369 2745 quis
390 2661 485 2745 neget
505 2677 630 2744 prorsus
660 2659 744 2726 idem
772 2659 820 2726 bis
846 2660 944 2725 tribus
965 2658 1039 2724 loeis
1061 2659 1238 2744 significari,

173 2768 271 2833 telum
295 2785 364 2832 enm
390 2763 588 2850 perveniendi
610 2767 719 2832 effeotu
742 2767 938 2832 ooutortuml
979 2765 1086 2848 Atqui,
1122 2766 1158 2830 ut
1177 2765 1238 2844 hio,

172 2871 218 2937 sio
250 2873 291 2948 ΙΙ,
323 2871 362 2934 21
397 2871 558 2938 scribitur:
590 2871 745 2956 longius
768 2921 775 2939 .
800 2921 808 2936 .
829 2919 839 2938 .
860 2889 975 2956 quom
1014 2889 1085 2954 quo
1115 2871 1239 2937 telum

172 2978 298 3044 ediioi
319 2977 448 3059 (odiri)
470 2981 614 3062 posset,
647 2978 707 3044 nisi
739 2977 822 3062 qnod
842 2976 907 3044 ood.
931 2975 1114 3044 Gnieoianns
1133 2976 1238 3061 adigi

172 3085 318 3150 babuisse
339 3084 468 3165 dieitur,
488 3084 538 3150 et
558 3085 596 3150 B.
620 3083 685 3150 Gir.
706 3084 765 3161 ΙΙΙ,
787 3082 828 3146 56
851 3083 966 3150 editur:
998 3084 1154 3149 tentum

174 3191 230 3256 uti
251 3209 295 3256 ue
316 3191 397 3256 tolo
418 3190 658 3257 tormentoro
679 3188 947 3272 odioipossot,
968 3187 1160 3272 hooqutrlem
1172 3188 1237 3254 loeo

174 3295 355 3381 eSoeligeri
367 3297 543 3362 oonieoturo
556 3295 662 3361 oontru
682 3293 815 3375 oudinus,
837 3294 891 3378 qui
912 3293 1017 3378 adigi
1038 3294 1151 3361 bebere
1172 3297 1239 3360 tm-

174 3401 298 3480 duntnr,
325 3421 511 3486 quemquem
543 3419 629 3485 eoque
660 3398 756 3482 p'ruvr
783 3402 856 3466 eunt
882 3399 979 3462 oriem
993 3397 1063 3462 telo
1093 3398 1181 3483 adipi
1207 3402 1239 3464 et

173 3509 276 3584 adiici,
298 3510 531 3592 neooesurioque
555 3525 624 3573 eum
648 3505 802 3589 Stephano
825 3504 1021 3571 'scribendum
1044 3506 1094 3570 est
1115 3505 1238 3570 tolum

174 3616 477 3692 tormentumvo,
519 3613 556 3678 ut
588 3617 631 3677 os
654 3613 704 3675 51.
757 3610 935 3694 Eodemque
964 3609 1171 3676 inoonstontiu
1201 3610 1238 3674 Β.

174 3719 422 3787 Asubtediturr
443 3737 514 3804 qno
535 3719 661 3784 telum
679 3716 874 3802 exoppido
889 3716 1076 3784 odioinon
1098 3717 1239 3798 posset,

174 3828 339 3892 annotetur
370 3828 485 3903 autem,
520 3827 553 3891 in
588 3823 742 3892 oodioibns
774 3841 843 3890 esso
878 3821 979 3888 ebioi
1010 3823 1065 3886 eut
1096 3820 1237 3898 obiioi,

174 3931 384 4016 praepositione
405 3929 692 4012 manifestumne,
727 3929 782 3995 sod
808 3946 835 3994 o.
860 3927 918 3992 72:
952 3927 1011 3993 oui
1032 3926 1136 4010 perti
1158 3945 1240 3992 eor-

174 4038 386 4120 poris‘oius
407 4034 529 4101 telum
549 4034 665 4102 focile
698 4034 806 4120 odigi
838 4034 980 4116 posset.
1033 4033 1151 4097 Verum
1172 4051 1240 4116 queo
