2956 4648
296 265 358 328 sea
653 263 926 334 minnista-v.

208 477 211 482 “
255 465 555 548 sanguine,‘...,
578 455 689 543 atq'ue
721 462 948 546 scorpiones
982 462 1020 526 in
1053 465 1175 532 totum
1197 467 1319 532 nullis

254 589 405 644 nocere,
445 567 583 651 quibus
629 584 699 630 non
742 567 794 632 sit
836 567 1006 650 sangnis.
1065 570 1227 640 ablativus
1266 575 1319 639 illo

254 679 389 760 magna
409 673 489 738 adr.
513 671 603 736 buiu'e
624 671 737 744 atatis,
758 671 852 736 Plinii
873 673 1006 739 maxime
1037 677 1070 740 at
1090 677 1200 756 Taciti,
1233 697 1318 746 more

253 782 376 865 ponitur
397 777 639 860 epiphonematis
662 777 694 842 ot
714 775 819 840 indioii
840 776 923 842 looo:
952 799 1038 862 ,quaa
1060 801 1174 868 magna
1192 787 1241 850 est
1263 786 1319 850 ad-

254 887 404 952 versitas“
419 883 565 966 (oinemm
581 883 678 966 ipsius
701 881 868 964 scorpionis
890 884 1009 950 mederi
1029 887 1106 952 intui
1128 888 1226 971 eius);
1254 890 1316 968 uid,

253 991 403 1062 XXXVI,
447 981 508 1050 11'4
545 988 697 1070 (inaudito
736 987 827 1049 etiam
865 999 973 1072 postea
1012 1011 1121 1074 penore
1163 992 1316 1072 luania),

253 1097 381 1172 XXXV,
399 1093 441 1158 80
452 1091 658 1176 (memorabili
663 1103 827 1177 praerepto,
835 1115 942 1157 nocere
953 1117 1032 1180 aoepe
1042 1097 1172 1159 nimiam
1186 1097 1318 1181 dilipen-

254 1204 352 1284 dium),
389 1199 478 1273 XIIl,
507 1197 568 1261 100
590 1198 717 1281 (mopno
739 1219 840 1262 errore
861 1221 964 1263 eorum
986 1203 1068 1279 oet),
1095 1187 1224 1285 aliaque,
1250 1223 1318 1286 quae

254 1307 391 1390 Silligiru
421 1305 461 1369 ad
488 1302 628 1376 XXXIV,
662 1303 703 1365 92
731 1304 866 1388 eollegit,
901 1305 999 1371 Tacit.
1031 1306 1102 1372 bist.
1127 1309 1158 1385 l,
1189 1310 1319 1383 laura

255 1425 422 1496 imper-am
451 1410 619 1492 felicitate),
653 1427 724 1475 ann.
757 1407 827 1486 XII,
864 1411 901 1472 17
939 1417 1066 1495 (mapna
1096 1411 1198 1496 pluria
1230 1433 1317 1476 eaer-

248 1521 330 1608 ¹n'tas
352 1515 510 1595 Ronmni).
557 1514 690 1589 Defioxit
723 1518 827 1580 antem
850 1515 909 1580 buo
930 1516 1099 1583 ablativus.
1118 1537 1137 1582 a
1157 1519 1248 1584 modo
1271 1520 1317 1584 rei

253 1629 330 1691 actae
352 1613 560 1708 significando.
608 1619 758 1704 [Nullis
790 1639 845 1703 pro
876 1623 976 1687 nulli
1004 1627 1204 1706 proposuerat
1226 1625 1316 1690 Dele-

252 1728 416 1813 eampins]
1181 1749 1185 1758 ·

354 1835 420 1898 lbd.
444 1833 504 1894 223
538 1852 554 1896 e
588 1832 650 1896 eod.
675 1832 874 1915 palimpsesto
906 1831 1116 1898 scribendum:
1160 1834 1317 1898 Proflu-

253 1927 352 2005 rium
387 1939 467 2002 eius
491 1938 674 2022 (sanguinis)
705 1939 769 2002 uni
790 1938 897 2002 filiu
920 1926 1187 2022 madidaripro
1212 1941 1318 2005 nari·
1458 1999 1459 2002 ,

252 2048 335 2122 bns)
367 2044 526 2120 bomini,
563 2043 653 2122 aliis
691 2061 781 2107 nare
814 2043 1008 2108 alterutra
1047 2044 1112 2109 vel
1144 2047 1317 2129 utraque,

252 2150 481 2236 quibusdam
514 2169 576 2232 pe·
611 2149 765 2214 inferna
786 2153 843 2214 eat.
902 2140 970 2213 Non
1003 2149 1061 2216 boo
1084 2151 1162 2215 didit
1183 2151 1316 2229 Plinius,

251 2258 304 2322 uni
325 2257 442 2322 bomini
474 2256 598 2320 daubus
619 2261 709 2333 (nonr
733 2255 773 2316 io
803 2255 940 2334 naribus)
964 2257 1145 2338 sanguinem
1166 2257 1317 2340 profluere

252 2370 336 2440 (nam
358 2363 460 2445 inepta
471 2361 651 2427 adderetur:
673 2359 900 2443 quibusdam
921 2379 988 2444 por
1007 2361 1186 2440 inferna),
1208 2363 1317 2428 sedin

251 2488 311 2535 uuo
333 2487 444 2553 genere
465 2469 598 2533 hnmano
612 2467 750 2532 accidere
770 2466 851 2530 idem
872 2466 903 2530 in
925 2465 1073 2554 maribus,
1088 2467 1170 2549 quod
1184 2469 1316 2551 alioquin

251 2575 373 2639 tantum
395 2574 427 2636 in
462 2573 595 2638 leminis.
626 2634 634 2650 ,
657 2572 709 2636 Ad
730 2571 875 2640 orationis
897 2571 1026 2636 formam
1050 2572 1231 2637 eonferenda
1251 2574 1318 2638 haeo
1352 2650 1355 2656 ,

251 2679 279 2764 ξ’
294 2678 371 2743 232ε
415 2679 599 2745 Mammas
621 2679 726 2744 homo
749 2678 852 2743 solus
874 2697 890 2742 e
910 2676 1079 2742 maribus
1100 2677 1223 2742 habet.

352 2782 418 2849 nu.
451 2783 522 2859 aaa,
557 2783 634 2868 2843
678 2783 830 2848 Homini
866 2802 935 2848 non
970 2782 1106 2866 unqua
1140 2786 1316 2865 septumo
1368 2861 1370 2866 ,
1456 2749 1457 2760 '

253 2889 330 2972 (die)
353 2888 488 2956 letalis
509 2889 654 2963 inedia;
687 2889 845 2955 durasse
877 2891 913 2955 et
943 2888 1047 2953 ultra
1076 2879 1316 2953 undecimum

195 2995 199 3004 ’
251 2997 454 3079 plerosque
488 2994 634 3059 eertum
675 2995 748 3072 est,
802 2993 907 3088 mori
941 2992 1136 3086 esuriendi
1169 3011 1317 3075 semper

227 3099 486 3184 inexplebili
537 3097 737 3164 aviditate.
796 3099 866 3164 Uni
910 3099 1131 3166 animalium
1174 3099 1317 3165 bomini

251 3206 421 3292 quaedam
457 3201 598 3269 'rursus
634 3203 768 3288 exiguo
802 3208 916 3288 gustu
951 3205 1089 3270 famam
1130 3224 1171 3270 aa
1206 3205 1316 3270 'sitim

252 3312 387 3378 sedant
429 3311 735 3393 conservantque
779 3309 986 3386 vires,‘ut
1034 3311 1210 3394 butyrum
1258 3310 1316 3374 oet.
1455 3309 1456 3328 *

252 3419 302 3482 Sie
322 3414 537 3482 Detlolsenius
552 3414 644 3479 rerba
665 3413 821 3490 distinxit3
854 3415 924 3480 alii:
955 3419 1103 3482 eertum
1125 3418 1184 3481 est
1205 3413 1318 3491 mori,
1454 3485 1455 3496 χ

253 3521 451 3587 esuriendi
578 3519 773 3586 avidItate
808 3521 871 3586 uni
903 3521 1129 3586 animalium
1163 3519 1315 3585 bomini.

253 3626 427 3705 Quaedam
461 3629 520 3692 oet.
578 3625 613 3690 ln
638 3627 748 3690 neutra
777 3625 973 3692 distinetione
1005 3627 1059 3692 aut
1087 3625 1241 3702 sententia
1262 3627 1319 3690 aut

253 3733 439 3799 constructio
471 3733 603 3808 sonalat,
639 3731 988 3814 manifestissimumque
1019 3734 1068 3798 est
1088 3732 1220 3816 primam
1243 3749 1317 3795 sen·
1453 3745 1454 3782 l

196 3867 198 3874 ’
252 3841 382 3906 tentiam
405 3839 485 3904 finiri
518 3838 583 3904 bist
616 3836 775 3902 durasse
808 3840 845 3901 et
866 3836 971 3902 ultra
991 3837 1076 3904 und.
1098 3838 1145 3921 pl.
1169 3840 1317 3902 eertum

254 3950 321 4011 est.
375 3943 542 4010 Subiieitur
569 3941 689 4026 'aliquid
722 3941 854 4007 bominis
888 3942 979 4007 unius
1007 3944 1162 4025 proprium
1185 3943 1217 4008 et
1237 3941 1320 4024 alte,-

253 4071 321 4117 rum
344 4051 538 4115 eontrarium.
583 4048 619 4113 Id
641 4047 816 4114 huiusmodi
839 4050 902 4114 est:
940 4046 1096 4110 Morbos
1117 4047 1317 4112 esuriendi
