3000 4638
306 273 368 336 w
664 273 977 344 mmmm

263 477 304 539 ut
319 473 483 539 absurde
504 472 756 556 gravissimis
770 471 940 538 virorum
953 471 1133 556 operibus
1147 475 1330 554 inserens,

263 579 440 664 maligna
461 579 656 646 relatione
687 577 1023 661 comprehendam,
1052 579 1134 655 sed,
1156 577 1244 664 quia

263 685 452 768 producta
478 685 523 750 ad
552 683 731 768 populum
836 683 936 748 nihil
965 704 984 750 a
1009 687 1158 751 tuorum
1187 683 1332 768 ampli·

262 790 398 856 tudine
432 791 691 875 degenerasti,
734 789 929 855 honorata
968 791 1152 860 memoria
1193 809 1333 874 prore-

263 915 386 980 quar.·
418 897 452 962 Si
483 915 517 962 se
545 895 733 961 insertorum
762 893 977 978 Semproniam
1014 895 1155 962 Valerius
1191 897 1335 981 negaret,

263 1003 431 1068 absurde
457 1006 654 1076 inserens,
692 1016 753 1065 nou
781 1001 823 1065 ut
843 999 921 1069 abs.
952 1002 1023 1067 ins.
1060 1003 1243 1086 scripsisset
1273 1021 1330 1068 neo

262 1109 331 1174 tum
353 1109 490 1194 maligna
511 1107 622 1174 relatio
647 1109 739 1180 esset,
760 1106 816 1171 sed
837 1105 944 1189 inepta
964 1111 996 1173 et
1016 1111 1122 1174 stulta.
1172 1109 1216 1175 Ut
1240 1109 1334 1176 Som-

262 1214 401 1296 prouiam
436 1213 599 1290 Valerius,
623 1212 695 1298 quia
716 1211 865 1294 producta
885 1215 925 1279 ad
945 1215 1092 1298 populum
1114 1233 1174 1281 non
1197 1215 1332 1300 degene-

262 1319 343 1384 rarit
370 1337 389 1384 a
416 1319 490 1398 suis,
524 1319 673 1386 honorata
707 1322 856 1387 memoria
881 1321 1089 1404 prosequitur,
1122 1321 1167 1386 sic
1193 1320 1332 1406 maligna

264 1425 374 1490 relatio
396 1425 500 1491 futura
521 1429 597 1504 erat
619 1428 752 1492 sisecns
773 1427 813 1492 de
835 1427 900 1494 eius
922 1425 961 1493 ad
982 1427 1128 1510 populum
1149 1425 1236 1492 aditu
1248 1425 1333 1492 iudi-

264 1531 395 1606 caretur,
416 1529 508 1615 idque
528 1531 677 1598 iudicium
699 1533 761 1598 illis
782 1533 884 1599 uerbis
913 1536 955 1599 ut
974 1532 1136 1598 absurde
1157 1551 1203 1616 gr.
1225 1549 1254 1600 v.
1275 1551 1331 1616 op.

259 1635 447 1702 inserens
474 1637 622 1703 contineri
652 1637 755 1704 debet.
805 1637 978 1721 scripserat
998 1637 1158 1712 Valerius,
1190 1639 1329 1722 quamvis

262 1741 362 1806 audax
385 1742 527 1810 rideatur
548 1745 712 1811 correctio:
747 1763 821 1811 non
851 1749 895 1810 ut
926 1743 1092 1810 absurde
1121 1753 1155 1805 te
1174 1745 1331 1828 gravis-

263 1843 375 1913 simis
397 1849 569 1915 virorum
598 1851 780 1933 operibus
809 1851 1038 1914 inserentem
1066 1848 1239 1934 maligna
1267 1843 1332 1914 ‘ro-

262 1951 407 2018 lationa
443 1956 781 2038 comprehendam,
825 1957 893 2022 sod
934 1957 992 2020 eet
1047 1954 1186 2036 Apparet
1225 1957 1330 2020 brnen
1422 1945 1424 1950 ’
1483 2013 1484 2030 ,

261 2060 373 2125 erroris
395 2061 481 2146 origo
504 2079 541 2126 ex
562 2061 600 2126 te
621 2065 691 2144 post
717 2061 760 2126 de
782 2062 895 2128 omisso
927 2061 960 2125 et
981 2079 1016 2125 ex
1037 2059 1239 2126 inserente
1260 2059 1332 2126 ante

261 2187 293 2228 m
315 2167 446 2250 scripto,
479 2165 549 2231 dein
573 2185 668 2250 prave
689 2168 820 2232 mutato.
864 2165 944 2244 (lbd.
961 2165 1012 2231 n.
1032 2166 1052 2227 b
1073 2164 1138 2248 iarn
1166 2165 1220 2230 alii
1246 2167 1331 2231 recte

260 2289 372 2354 quam
392 2271 496 2337 metu
515 2289 570 2355 pro
592 2291 700 2356 quam
721 2272 761 2337 in
783 2273 907 2348 metu.)
1250 2267 1254 2274 ’

360 2377 427 2441 Lib.
451 2376 505 2454 IV,
529 2378 556 2452 l,
582 2377 636 2442 12:
678 2378 882 2443 Acerrime
914 2395 995 2442 cum
1017 2375 1203 2458 Scipione
1225 2375 1342 2442 Afri-.

259 2499 353 2546 cano
386 2481 558 2565 (Metellus)
587 2482 866 2550 Macedonicus
899 2481 1146 2548 dissenserat
1181 2499 1342 2548 eorum-·
1484 2539 1485 2548 ,

260 2605 331 2670 quo
359 2588 404 2653 ab
434 2589 681 2655 emulatione
706 2587 873 2655 virtutis
904 2587 1083 2672 profecta
1113 2585 1329 2654 concitatio

259 2691 304 2758 ad
356 2711 493 2776 graues
545 2695 795 2778 testatasque
844 2693 1075 2758 inimicitias
1124 2711 1329 2778 progressa

258 2796 396 2862 fuerat,
443 2797 494 2864 Sic
515 2799 558 2875 B·;
582 2799 701 2866 codices
723 2800 890 2866 deteriores
912 2798 1124 2864 contentio.
1178 2797 1215 2862 In
1244 2797 1327 2864 eodi-

259 2901 303 2968 cis
324 2903 352 2966 B
375 2905 526 2988 scriptura
548 2905 675 2971 subesse
697 2904 820 2972 videtur
842 2907 1086 2972 concertatio.

358 3009 424 3075 Ibd.
443 3009 480 3074 ll.
506 3011 526 3074 9
548 3012 635 3094 (nam
654 3010 691 3076 de
718 3011 751 3089 1,
785 3010 824 3072 14
853 3009 1041 3075 dictumest
1069 3008 1127 3074 vol.
1160 3009 1174 3073 I
1203 3029 1234 3094 p.
1263 3009 1341 3088 91)¹¹

258 3113 310 3179 ubi
332 3113 492 3181 scribitur:
529 3115 681 3200 gratias
708 3133 828 3200 agere
857 3114 998 3201 populo
1026 3113 1090 3178 Ro.
1112 3131 1184 3178 uon
1209 3114 1328 3179 dissi-

258 3220 462 3286 mulanter
483 3219 599 3294 tulit,
631 3221 681 3286 rin
702 3221 770 3287 fieri
801 3222 915 3303 potest,
947 3220 983 3284 ut
1008 3237 1067 3285 non
1089 3219 1263 3288 addendum
1285 3219 1329 3284 sit

257 3346 293 3388 ee
314 3324 480 3410 (gratias
501 3345 537 3387 ae
565 3333 701 3410 agera).

358 3427 426 3496 Ibd.
447 3431 475 3505 3,
514 3431 550 3494 4:
596 3431 785 3514 Deinceps
808 3435 845 3498 et
866 3430 917 3498 iis
936 3449 1135 3510 vacemus,
1167 3447 1326 3514 quorum

257 3537 411 3602 animus
453 3535 585 3620 aliquo
627 3536 666 3601 in
698 3539 887 3602 momento
919 3535 1086 3623 ponendi
1120 3535 1326 3619 pecuniam

257 3660 455 3726 nunquam
490 3639 666 3707 vacavit.
708 3641 777 3708 Non
810 3643 909 3708 solum
941 3663 995 3727 per
1021 3662 1054 3708 sc
1083 3639 1343 3725 improbabiliter·

256 3747 426 3832 ponendi
459 3745 488 3811 h.
524 3747 545 3811 l.
586 3747 618 3811 in
654 3745 832 3832 ponendo
868 3749 1015 3824 mutatur,
1050 3767 1122 3812 eum
1153 3744 1325 3830 presertim

258 3853 411 3919 efficiatur
432 3853 586 3920 structura
608 3853 757 3921 rarissimi
778 3871 863 3948 usos,
892 3857 928 3920 ut
949 3853 1052 3920 dativo
1072 3839 1213 3938 gennadii
1234 3865 1325 3916 uocu-

257 3959 374 4028 satirus
412 3959 624 4044 subiungatur,
666 3957 721 4026 sed
763 3959 991 4041 ineptissimum
1033 3959 1082 4025 est
1123 3959 1182 4024 hoc
1224 3958 1340 4025 totum,
1413 3969 1419 3976 ·
1484 3933 1485 3944 ἵ

258 4085 365 4129 occare
381 4065 519 4150 pecuniae
539 4065 571 4128 a'rr
595 4065 699 4151 aliquo
721 4063 1048 4150 monteceprario,
1075 4065 1163 4149 quasi
1181 4063 1225 4132 ad
1250 4081 1333 4130 eam.
