3000 4638
320 297 381 361 m
663 295 944 366 mmmn

278 500 346 563 Non
370 499 473 562 moret
493 495 669 585 Kritziom,
702 493 785 577 qnod
806 510 898 558 nemo
919 493 1059 558 veterum
1081 491 1114 558 ia
1134 494 1194 561 lroo
1215 495 1344 564 Claudio

281 604 452 669 doctrinam
484 602 637 675 landavit3
673 603 706 665 et
738 604 842 664 emen
876 615 999 664 morere
1025 598 1167 666 nonnihil
1198 601 1343 679 deleme

280 729 352 775 nam
386 711 413 775 si
444 727 503 792 qua
533 705 709 772 huiusmodi
738 705 821 770 fama
843 705 882 771 de
910 724 945 772 eo
964 705 1085 784 fuisset,
1115 707 1275 788 probabile
1296 709 1347 776 est

279 835 338 881 non
361 816 545 880 omissurum
568 831 637 878 eam
659 813 754 878 luisse
784 811 978 878 Suetonium
1030 811 1094 878 sod
1122 815 1235 879 eortina
1266 813 1346 880 illae

280 925 337 1000 est,
370 922 523 986 neminem
555 919 683 996 (saltem
714 918 747 982 ln
793 935 884 999 prosa
913 918 1064 991 oratione)
1099 919 1221 982 deenen
1257 920 1348 1002 inge·

280 1029 366 1091 nium
389 1026 570 1109 appellasse,
592 1023 673 1107 qnod
695 1026 837 1105 separata
856 1013 964 1087 snat
956 1023 1115 1107 ingemum
1135 1025 1171 1088 et
1192 1024 1347 1099 doetrinae

280 1133 433 1198 excultum
455 1130 595 1196 doctrina
626 1129 784 1214 ingenium
810 1127 964 1194 landatur.
1020 1131 1050 1194 Δ
1071 1129 1189 1195 Velleio
1211 1130 1348 1272 positam

278 1243 352 1323 puto
374 1238 592 1300 rectissimi.

379 1377 447 1442 lod.
473 1375 543 1439 82·
534 1375 608 1441 mit:
650 1375 729 1454 Qua
760 1375 894 1439 aestate
917 1374 1045 1440 cesar
1066 1375 1144 1442 tem
1164 1396 1348 1461 prospere

280 1483 430 1548 Libium
452 1485 489 1547 in
515 1481 653 1548 Sicilia
684 1481 777 1546 bene
800 1479 953 1545 fortuna
983 1481 1020 1545 in
1041 1479 1191 1548 Caesare
1213 1484 1250 1548 et
1270 1501 1349 1568 rep.

280 1589 470 1654 militavit
486 1589 529 1652 ad
545 1587 751 1680 Orientem.
775 1585 844 1651 Non
857 1585 1055 1666 estdubium‚
1070 1587 1142 1671 quin
1156 1589 1188 1653 in
1200 1587 1349 1654 Libium

279 1695 381 1777 ipsum
395 1695 436 1770 id,
453 1695 534 1778 quod
549 1693 741 1759 desideratur
752 1693 785 1756 in
796 1691 925 1756 relativa
938 1695 1102 1774 sententia,
1120 1691 1248 1759 verbum
1259 1693 1348 1774 insit;

281 1803 400 1864 eertum
425 1799 533 1864 deinde
556 1800 613 1874 est,
635 1797 715 1882 quod
737 1795 904 1883 Sohegkins
931 1798 1023 1876 vidit,
1056 1801 1151 1866 bene
1171 1820 1225 1884 pro
1244 1819 1349 1884 paene
1464 1841 1472 1856 -

281 1911 402 1990 (pene)
415 1906 562 1988 seriptum
575 1923 652 1970 ease.
675 1902 726 1969 Ad
738 1903 804 1970 haeo
816 1921 875 1970 non
888 1906 1056 1973 difficulter
1066 1907 1243 1992 adiungitur
1253 1907 1348 1984 verbi,

281 2012 360 2095 qnod
391 2015 439 2078 est
466 2009 673 2087 militavit,
702 2011 890 2088 emendatio,
922 2013 958 2077 nt
983 2014 1028 2079 sio
1061 2014 1225 2080 scribatur:
1269 2013 1350 2094 Qua

281 2119 418 2182 aestate
449 2117 573 2182 Caesar
605 2117 682 2181 tam
719 2137 902 2202 prospere
939 2119 1097 2182 bellavit
1128 2123 1166 2188 in
1196 2119 1350 2200 Sicilia,

281 2242 385 2305 paene
407 2223 562 2296 fortuna
591 2231 626 2285 et
659 2219 840 2287 Coeaarem
863 2226 899 2289 et
920 2246 1032 2310 remp.
1070 2224 1270 2288 rnutilaoit
1305 2228 1351 2295 eol

283 2327 491 2394 Orientem.
534 2329 705 2412 Aptissima
730 2327 919 2414 significatui·
939 2331 1120 2416 magnitudo
1146 2331 1254 2407 eladio,
1281 2351 1349 2416 quae

285 2435 411 2517 aoeepta
433 2436 525 2510 esset,
561 2435 621 2500 nisi
645 2435 760 2518 captivi
781 2436 915 2502 Romani
935 2438 1047 2503 indioio
1070 2440 1200 2503 eervatae
1222 2436 1350 2502 Antonii

282 2541 420 2626 legiones
446 2543 559 2616 essent,
537 2541 633 2607 tad
655 2542 807 2608 Caesarem
830 2562 965 2628 quoqne,
1002 2545 1054 2629 qni
1085 2562 1189 2674 arep
1213 2543 1349 2626 separari

283 2666 342 2713 non
344 2648 493 2732 poterat,
514 2648 681 2730 pertinens

240 2883 244 2888 Ι
384 2789 451 2856 lbd.
474 2789 524 2864 86,
547 2789 581 2852 2.
603 2789 651 2862 ad
673 2789 814 2862 solium
834 2790 1022 2856 alarant'
1013 2809 1052 2854 ιιι
1073 2790 1202 2872 prisea
1223 2789 1350 2874 grani-

282 2896 365 2960 tate
397 2893 648 2960 celeberrimi
677 2894 891 2974 rideamne
926 2896 990 2961 diu
1022 2896 1232 2962 clementia
1262 2895 1350 2960 luo-

303 3003 387 3066 atus
409 3019 478 3065 sua
502 3000 627 3066 Caesar
648 3001 822 3067 servarit
842 3001 1083 3068 ineolumem
1125 3003 1235 3069 Priora
1258 3019 1350 3068 sana-

284 3107 329 3170 vrt
350 3106 508 3172 Puteanus
530 3106 593 3182 (At
624 3105 773 3172 Sosium
805 3107 840 3170 Ia
869 3108 1067 3184 Arruntii,
1103 3126 1155 3192 pr.
1186 3127 1237 3191 gr
1268 3106 1349 3186 oet,

282 3211 412 3288 fides),
449 3211 509 3276 nisi
531 3209 642 3294 quod
633 3231 664 3276 ιιι
696 3211 808 3277 adt
762 3213 841 3279 latet
862 3211 942 3280 Sosii
959 3232 1147 3307 praenomen.
1191 3213 1350 3296 (Fortasse

280 3357 283 3362 -
283 3319 355 3385 ante
391 3318 457 3382 haeo
486 3319 564 3400 praet
566 3335 599 3382 er
630 3319 811 3384 vocabulum
847 3319 999 3386 modum
1032 3321 1121 3402 plura
1156 3319 1349 3394 exciderunt3

283 3425 374 3490 valde
396 3424 478 3490 enim
500 3421 628 3505 abrupte
649 3423 705 3490 hoo
732 3444 828 3492 unum
854 3415 1029 3508 exemplum
1060 3425 1232 3492 elementiae
1253 3425 1351 3492 inter·

283 3531 408 3608 iioitur.)
451 3529 512 3594 Sed
533 3529 564 3592 in
586 3531 731 3596 extremis
754 3531 869 3596 residet
888 3531 1052 3608 mendum;
1084 3531 1162 3597 nihil
1197 3532 1245 3596 eat
1266 3531 1351 3596 enim

250 3633 252 3638 ’
283 3637 444 3713 (absolute)
467 3635 578 3698 luctari
598 3636 755 3699 elementia
778 3659 849 3716 aaa,
884 3655 941 3702 neo
964 3637 1150 3702 diutumitae
1171 3635 1351 3702 laetationis

285 3743 356 3824 apte
378 3746 646 3810 commemoratur.
701 3739 778 3805 Com
805 3743 969 3810 elementia
998 3763 1054 3809 sua
1081 3741 1182 3808 Caesar
1213 3741 1350 3806 laetatus
1487 3745 1488 3765 ¹

284 3868 345 3914 non
369 3851 425 3926 est,
448 3848 502 3914 sed
524 3848 552 3912 ei
575 3848 698 3925 (Velleii
729 3847 852 3928 iudicio)
876 3849 1080 3916 libentissime
1109 3849 1221 3934 pa'ruit.
1266 3846 1351 3914 sni-

285 3955 419 4020 bendum
442 3959 504 4022 est:
534 3975 630 4030 mon,
662 3955 789 4018 odium
814 3955 1240 4048 elementiaeluototna
1272 3972 1351 4019 sua.
