2918 4652
297 265 360 329 m
674 263 917 338 mmmm

357 467 425 534 lod.
447 467 502 532 65:
536 484 616 532 enm
650 464 720 532 ille
741 465 918 549 (Traienm)
952 465 1103 532 direret
1125 467 1324 534 Domitia·

256 593 343 640 num
365 573 573 657 pessimum
610 571 747 648 fuisso,
782 571 927 638 amieos
962 573 1324 640 entembonosha·
1439 591 1440 632 r

258 681 403 755 tuisse,
441 676 664 762 atqueirloo
700 678 814 744 illum
849 677 969 762 magis
991 677 1324 763 odiolnissequae
1439 679 1440 684 ’

256 803 371 876 remp.
405 783 601 868 temporie
629 785 719 849 uitas
751 783 821 850 illo
853 782 946 868 qnia
967 783 1106 850 melius
1129 787 1191 850 est
1211 805 1325 851 unum

257 892 396 958 malum
429 890 512 974 pati
545 890 830 973 quammultos
884 891 920 956 In
943 889 1326 972 oouuptielitlerissnb·
1440 937 1441 940 ,

256 1001 320 1064 oet:
354 1000 467 1080 atque
503 995 588 1060 ideo
622 996 737 1061 illum
775 996 899 1080 magis
931 995 1018 1060 odio
1053 995 1179 1064 fuisse
1207 1019 1325 1082 quam

258 1123 374 1186 remp.
412 1103 601 1186 temporie
633 1101 697 1164 eni
728 1100 1031 1185 lueissrsqum
1066 1105 1125 1168 oet
1191 1103 1325 1172 Gravius
1441 1139 1442 1152 κ

254 1209 360 1276 odium
392 1209 452 1274 luit
473 1225 566 1292 quam
588 1208 661 1290 reip.
684 1227 792 1291 reapse
818 1209 975 1274 damnum.
1023 1199 1215 1286 ¹(Salmasius
1235 1209 1326 1274 aber·

258 1317 347 1382 rarit
395 1316 439 1380 Er
472 1314 728 1396 temporissui
760 1319 863 1382 ortum
895 1314 1086 1398 temporis
1110 1315 1162 1388 ui,
1197 1317 1265 1380 tum
1290 1333 1326 1378 ex

258 1422 295 1488 ui
316 1423 362 1489 1ae
383 1421 500 1488 laetum
522 1420 629 1498 uita,
650 1439 687 1486 ex
709 1421 808 1488 sisso
830 1425 935 1488 antem
956 1420 1049 1497 ille.)

357 1527 426 1594 Ibd.
470 1525 526 1590 67:
588 1525 689 1604 Seio,
732 1528 958 1610 imperator,
1010 1528 1104 1610 quod
1147 1528 1327 1611 perieulo

255 1636 353 1710 <reete
375 1634 466 1717 vulgo
500 1635 533 1698 et
552 1632 759 1700 Berolinensis
781 1633 829 1700 ed.
858 1653 928 1717 quo
951 1634 1141 1716 perioulo)
1163 1634 1243 1700 ista
1264 1633 1327 1698 di·

245 1741 399 1807 'oantur
430 1738 526 1823 apud
563 1739 858 1822 imperatorem,
891 1739 955 1822 qui
987 1740 1134 1810 talibus
1170 1741 1326 1818 serviit,
1443 1775 1444 1792 ι

258 1844 325 1912 sed
366 1844 475 1912 salva
526 1863 621 1928 rep,
666 1849 923 1929 posteaquam
973 1845 1219 1914 intellexisti
1264 1850 1325 1912 oet.

258 1949 340 2017 Son:
373 1950 534 2026 serviit3
557 1951 623 2016 sod
657 1951 803 2014 salvare
823 1973 934 2036 resp,
956 1955 1204 2035 posteaquam
1238 1954 1295 2018 eet.

359 2056 485 2123 Maxim.
501 2051 561 2123 dno
578 2058 612 2122 2:
629 2057 676 2122 Et
697 2059 734 2122 in
753 2057 1042 2140 primoquidem
1063 2057 1235 2140 pueritia
1252 2057 1328 2122 fnit
1444 2073 1445 2130 r

258 2165 408 2245 pastor,
442 2180 726 2246 nonnumquam
747 2164 864 2230 etiem
886 2165 1082 2245 procerte,
1118 2165 1183 2247 qui
1202 2165 1325 2230 latro·
1444 2139 1445 2170 i

260 2269 373 2336 nibus
395 2268 656 2335 insidiaretur
687 2273 723 2336 et
746 2287 837 2336 snos
859 2269 905 2336 ab
925 2269 1219 2336 incursionibus
1242 2270 1326 2334 rin·
1445 2328 1446 2348 ,

257 2374 422 2442 eionrer
478 2375 558 2440 Mire
594 2375 868 2460 nyssennareeun:
906 2374 1023 2440 etiam
1056 2376 1161 2444 latro
1200 2377 1324 2448 uerte,
1445 2359 1446 2370 ¹

257 2481 325 2548 sire
347 2488 460 2546 nomen
482 2483 547 2546 sire
569 2481 748 2548 adverbium
771 2481 953 2548 oonsideres.
1011 2480 1212 2548 Seribendum
1240 2480 1326 2546 vide-
1445 2549 1446 2578 ¹

182 2600 184 2606 ’
260 2591 326 2654 tur:
363 2605 633 2670 nonnunquam
663 2586 780 2652 etiam
805 2587 845 2648 in
873 2585 1078 2670 procinctu
1111 2584 1180 2662 (hoo
1207 2589 1266 2664 est,
1294 2587 1325 2652 in
1445 2579 1446 2608 ;

260 2694 355 2760 armis
387 2696 419 2758 et
453 2692 662 2776 expeditione3
696 2693 749 2758 olr.
783 2694 837 2758 vit.
866 2692 968 2760 Valer.
1004 2694 1036 2756 l:
1071 2709 1153 2756 nem
1185 2692 1256 2758 ille
1288 2693 1324 2756 in

260 2799 461 2884 propinotu
482 2799 705 2864 oaneoio
726 2803 818 2866 tuno
840 2798 1003 2884 agebat).

360 2905 427 2971 lbd.
451 2905 486 2968 6:
531 2903 673 2982 Quinta
708 2923 857 2988 qunaque
889 2904 950 2970 die
983 2903 1143 2970 iubebat
1177 2901 1326 2966 milites

259 3010 483 3086 decurrere,
500 3009 541 3074 'in
564 3028 605 3074 se
639 3009 851 3076 simulacre
885 3010 1076 3076 bellorum
1098 3025 1232 3094 agere,
1269 3009 1327 3072 oet.

261 3117 369 3182 Fuisse
395 3117 514 3200 opinor:
543 3115 773 3194 decurrere,
806 3117 906 3180 inter
936 3134 976 3180 se
1008 3113 1220 3180 simulacra
1241 3113 1326 3178 bel·

260 3223 383 3288 lorum
406 3239 536 3306 agere,
560 3225 618 3288 oet.

361 3326 427 3391 loo.
451 3327 486 3390 92
509 3325 571 3409 qui
594 3327 627 3391 oi
650 3345 747 3410 sape
770 3327 1048 3394 miserirordiae
1075 3324 1328 3410 paupertatis

153 3507 156 3514 ¹
262 3449 378 3498 eausa
412 3431 598 3516 ploraque
635 3431 879 3500 donaverant.
937 3432 1001 3498 Ser.
1038 3427 1328 3494 misericordia.

263 3537 431 3624 [Salmas]

362 3645 428 3710 lbd.
462 3644 514 3708 12:
560 3646 851 3710 oiroumrentns
895 3643 1094 3724 assellus
1120 3643 1202 3708 reolo
1233 3640 1328 3724 vulgo
1370 3655 1375 3666 ·

262 3769 316 3833 pro
338 3754 409 3829 ost)
432 3770 451 3816 a
472 3750 690 3828 Germanis,
718 3751 793 3816 nisi
826 3768 917 3816 eum·
932 3733 998 3815 suo
1020 3745 1330 3830 eqnoinhaeren-

262 3859 336 3922 tem
354 3857 607 3922 liberassent.
622 3855 807 3923 Germanino
821 3856 1011 3924 liberarunt?
1024 3855 1107 3920 Bene
1119 3854 1235 3930 temen,
1248 3851 1329 3936 quod

263 3980 324 4030 non
346 3962 444 4030 elieno
478 3979 555 4046 eqno
586 3962 796 4028 amonentem.
838 3960 902 4028 Ser.
935 3960 1012 4026 nisi
1045 3979 1122 4024 eum
1142 3961 1207 4024 aar·
1231 3965 1357 4042 equo

261 4068 520 4134 inhaerentem
555 4069 621 4134 lib.
674 4065 718 4132 Er
751 4085 836 4132 eum
868 4067 984 4132 laetum
1016 4083 1114 4142 eum,
1152 4066 1220 4132 tum
1251 4082 1328 4132 suo.
