2938 4630
344 263 384 328 ω
699 259 966 332 mmmm

401 462 516 539 1bd1,
551 460 599 539 13,
638 461 676 524 19
698 463 730 525 et
751 461 801 522 20.
858 461 924 528 Hoc
945 460 1096 525 distichon
1130 461 1161 526 in
1184 459 1288 528 oodiee
1310 480 1366 545 op·

303 568 381 634 timo
404 567 432 633 P
452 567 603 645 (Parisino
626 566 796 648 Puteaneo)
819 567 864 632 sio
885 566 1043 633 scribitur:

401 674 506 755 Atque
528 673 635 737 eadem
658 691 803 756 sponsum
825 671 924 738 cultos
946 674 1019 738 ante
1042 672 1121 738 atria
1141 673 1250 748 mittis,

443 780 534 844 unius
556 781 591 844 ut
612 779 697 844 verbi
718 778 846 862 grandia
867 779 981 844 damna
1001 779 1117 856 feraut3

303 884 356 968 qui
392 884 420 948 ei
452 884 607 966 proximus
640 887 697 962 est,
735 884 755 948 S
788 883 1034 966 (Sangallensist
1069 906 1213 968 sponsam
1238 885 1368 948 consulti

301 990 405 1056 habet.
465 988 554 1068 Quod
584 989 750 1055 Merkelius
784 1009 801 1054 e
830 990 1020 1054 Lachmanni
1058 991 1232 1056 oonioetura
1264 993 1367 1074 posuit

302 1118 416 1180 sponsa
449 1096 572 1169 vinctos,
604 1115 703 1178 neque
724 1097 837 1161 astate
869 1095 981 1160 dieitur
1014 1097 1046 1160 et
1077 1099 1213 1180 tempore
1236 1117 1366 1181 pravum

302 1203 373 1281 esl3
410 1204 529 1267 Aurora
554 1202 636 1266 enim
657 1222 716 1267 non
749 1204 812 1266 iam
846 1202 1005 1284 sponsione
1038 1203 1181 1286 alligatos
1214 1203 1254 1268 ad
1287 1205 1367 1270 atria

301 1310 401 1376 mittit
424 1309 548 1391 (inquo
579 1328 640 1372 non
663 1311 795 1384 Aurora,
823 1308 879 1373 ssd
899 1307 932 1372 id
954 1307 1088 1389 tempus,
1120 1327 1177 1391 quo
1200 1329 1233 1374 se
1255 1310 1367 1394 alligo-

304 1417 439 1490 vissent‚
476 1413 658 1496 reprehendi
689 1417 820 1496 posset),
854 1413 908 1478 sed
941 1415 976 1477 ub
1009 1414 1203 1496 sponsionem
1238 1415 1365 1492 faciant,

300 1521 381 1587 unde
401 1524 472 1604 post
496 1519 643 1584 damnum
664 1521 788 1584 oritur.
821 1520 929 1604 Itaque
951 1521 1148 1586 omnimodo
1169 1520 1364 1586 retinendum

297 1649 452 1712 sponsum.
510 1625 583 1690 Veri
607 1625 800 1690 simillimum
822 1626 958 1692 videtur:

397 1734 500 1816 Atque
523 1731 630 1795 eadem
652 1749 797 1814 sponsum
819 1731 956 1794 incautos
978 1733 1048 1796 ante
1066 1731 1146 1796 atria
1167 1732 1276 1797 mittis.

299 1839 408 1904 Prima
442 1837 561 1922 syllaba
589 1837 727 1901 vocabuli
754 1837 890 1900 incautos
911 1837 1022 1901 hausta
1043 1839 1091 1902 est
1109 1837 1301 1918 praecedente
1325 1861 1368 1900 aa
1451 1825 1452 1874 1

298 1945 389 2010 Atria
410 1947 483 2009 snut
503 1939 629 2015 Licinia,
651 1941 845 2006 auctionaris.

399 2049 466 2114 Ibd.
489 2049 514 2122 Ι,
531 2045 587 2124 13,
610 2045 666 2110 39:

435 2154 480 2217 At
502 2153 536 2225 si,
559 2170 652 2234 quem
674 2151 774 2229 malis,
798 2151 967 2235 Cephalum
989 2151 1147 2233 complexa
1168 2154 1290 2218 teneres

479 2257 645 2320 clamares:
689 2257 787 2321 Lente
810 2256 934 2330 ourrite,
956 2256 1054 2320 noetis
1082 2257 1167 2338 aquil

300 2365 418 2430 Pravus
441 2361 653 2427 ooninnetivus
670 2363 734 2440 est;
758 2361 877 2427 oodioas
900 2361 1014 2446 mepta
1038 2362 1232 2427 scribendum
1254 2362 1366 2444 igitur:

303 2491 392 2556 quem
412 2468 519 2530 mavis.

401 2574 468 2640 Ibd.
490 2573 533 2650 ΙΙ,
558 2575 585 2648 9,
610 2575 647 2640 1:

444 2681 470 2747 0
492 2699 662 2764 numquam
683 2699 737 2764 pro
759 2701 809 2746 me
831 2683 906 2747 satis
928 2681 1087 2766 indignato
1110 2679 1235 2763 Cupido,

489 2805 507 2851 o
527 2789 560 2850 in
583 2787 673 2852 oorde
694 2805 763 2853 meo
785 2789 937 2854 desidiose
958 2807 1043 2870 puer,
1156 2861 1159 2872 Ι

445 2892 518 2976 qnid
538 2910 590 2955 me
612 2892 668 2955 oet.

404 2991 562 3077 Quomodo
584 2997 676 3080 poeta
695 2998 843 3078 postulat,
867 3000 902 3062 ut
923 2996 1039 3080 Cupido
1061 3013 1114 3080 pro
1136 3013 1169 3060 so
1191 2993 1369 3078 indignetur

304 3105 353 3186 (ob
374 3101 411 3167 de
433 3121 494 3186 qna
514 3102 655 3177 rela'et,
676 3101 755 3183 quod
778 3121 836 3168 non
860 3104 935 3168 satis
957 3101 989 3166 id
1010 3099 1128 3175 feeerit,
1151 3099 1369 3182 reprehendit?

306 3209 345 3274 Se
367 3209 470 3292 ipsum
491 3225 647 3288 nunqnam
669 3206 745 3270 satis
766 3225 820 3287 pro
842 3226 888 3285 eo,
910 3226 945 3272 aa
967 3206 1085 3282 debeat,
1106 3205 1260 3290 indignari
1280 3224 1368 3288 posse
1451 3253 1452 3288 p

180 3380 187 3394 ,
307 3313 345 3379 de
366 3312 417 3392 iis,
439 3331 506 3396 quae
529 3311 645 3396 Cupido
667 3312 698 3376 in
721 3331 754 3376 se
775 3312 884 3376 feeerit
903 3311 1063 3396 faciatque,
1085 3312 1177 3380 dioit:

375 3694 430 3748 alia
456 3708 537 3762 rugus
560 3710 652 3759 quoqne
675 3693 795 3746 excutere
818 3691 903 3761 (quod
926 3696 996 3747 esset
1018 3695 1150 3762 explicare)
1174 3693 1297 3759 iubetur,
1323 3691 1368 3747 sed

376 3786 459 3841 etiam
486 3783 676 3848 eustominus,
704 3800 762 3854 quae
788 3784 957 3840 severitatem
984 3785 1117 3854 affectent,
1145 3790 1276 3843 exentera.
1313 3771 1377 3840 Neo

375 3878 466 3934 minus
483 3877 553 3932 fode
570 3894 596 3932 v.
616 3880 650 3934 65
667 3878 830 3948 relinquitur
847 3881 1019 3946 quinquatria,
1039 3895 1099 3935 oum
1117 3881 1188 3934 nihil
1207 3879 1305 3934 bertius
1324 3895 1368 3933 eo·

377 3972 461 4042 gitari
479 3972 565 4042 possit
583 3987 663 4040 quam
681 3971 742 4027 hoo':
772 3973 827 4024 Nec
844 3983 865 4024 te
884 3973 1005 4039 decipiunt
1022 3984 1109 4024 vetem
1127 3977 1194 4026 circa
1213 3976 1280 4026 atrio
1297 3990 1366 4034 ceros,

379 4065 509 4120 maiorum
526 4065 700 4136 imaginaret
717 4063 854 4118 nobilitas.
