3018 4634
587 267 688 326 lucetii
705 267 775 327 nen.
794 267 878 328 Atrio.
1158 271 1219 336 28?

193 465 227 534 in
251 465 403 551 protendo
425 461 540 530 verbs
560 462 834 547 proloquebsutun
865 488 956 530 neca
976 468 1156 555 proloqui
1177 471 1261 538 sino

193 571 372 656 periculo
392 569 485 636 licem
508 567 661 635 volebant
705 569 771 653 [Sic
792 571 987 642 Vaecosenus
1009 576 1041 642 et
1061 575 1114 642 ulii
1136 575 1221 660 edd]

296 676 330 744 O.
362 675 406 740 37:
426 674 512 751 extr„
544 672 586 738 38
607 673 675 742 init.
720 675 866 742 Codices:
906 697 1064 761 quernus
1100 659 1258 760 (turrium)

190 781 298 866 opud
319 781 497 848 ultimum
518 779 742 862 presidium
763 783 801 847 et
822 781 942 847 stutio
962 782 1037 850 fuit
1054 784 1261 868 Scipionis.

194 885 429 954 Post‘daeser
448 884 492 983 ed
512 884 886 969 iugum...eecendit
907 887 963 952 cet
985 887 1169 956 Tollendum
1183 890 1261 956 sisu

192 993 326 1078 pliciter
339 993 436 1076 post
489 987 605 1054 Oculus
627 989 746 1060 librarii
766 991 901 1074 primum
921 993 1076 1060 sbemvit
1097 995 1137 1061 ud
1158 997 1261 1079 post·

190 1117 306 1183 quem
329 1096 445 1164 dnobus
467 1094 607 1170 susibus
628 1095 708 1162 iube
725 1097 875 1180 positum,
904 1099 978 1180 post
1008 1101 1139 1182 primum
1162 1100 1261 1186 sylle-

194 1205 267 1270 bem
290 1223 323 1270 se
352 1199 518 1268 revocavit
571 1199 652 1264 snm
685 1218 721 1266 ex
754 1201 935 1270 docuisse
968 1205 1049 1282 (cod.
1077 1205 1147 1270 Pur.
1176 1206 1196 1268 2
1228 1208 1261 1273 et

193 1309 340 1388 vindob.)
367 1304 575 1375 effici-debet
596 1304 715 1368 docui
736 1305 863 1390 foisse
894 1314 961 1391 (pro
989 1313 1099 1389 esse).
1157 1309 1191 1378 G.
1217 1309 1261 1378 40

190 1413 363 1482 tollendum
396 1412 614 1496 postquem,
651 1409 791 1477 additum
824 1431 843 1476 a
875 1414 1000 1481 librario
1022 1414 1113 1482 initio
1132 1415 1260 1498 periodi,

193 1539 254 1588 non
279 1518 492 1586 animaduerso
512 1516 600 1601 sequi
632 1533 730 1594 cum,
762 1536 822 1601 quo
853 1537 966 1603 genero
990 1519 1102 1587 iturum
1124 1522 1260 1588 erretm

189 1628 244 1694 est
267 1625 365 1693 cbo.
1024 1683 1027 1692 .
1201 1641 1206 1650 ⁸

294 1730 329 1796 0.
357 1729 415 1794 47:
451 1727 516 1795 sed
550 1727 589 1792 iu
625 1726 746 1795 tertio
780 1729 997 1814 quartoque
1029 1729 1089 1797 dio
1125 1749 1260 1814 proco-

192 1835 316 1902 dendo
336 1834 571 1918 propiusque
591 1833 738 1900 bostem
762 1831 976 1902 secedendo
998 1838 1127 1904 cestre
1153 1855 1260 1904 com·

191 1940 403 2008 muniebat.
447 1938 544 2006 Serib.
570 1937 786 2008 sestertio
807 1959 954 2024 quoquc
979 1951 1163 2026 quartoue
1184 1940 1259 2008 dio.

193 2047 279 2112 Infra
299 2065 316 2111 e
335 2045 475 2112 codicum
493 2043 633 2129 vestigiis
655 2045 803 2111 efficitur:
825 2045 964 2129 ltaque
985 2045 1116 2112 subito
1137 2045 1269 2112 imbre·

190 2152 462 2250 guendineqne
496 2151 713 2216 consecuta
744 2151 908 2234 gravate
944 2151 1002 2226 (sic
1034 2148 1137 2232 codd.)
1164 2167 1260 2232 pou·

190 2257 285 2323 dere
308 2255 682 2328 scotorioocottcodd.
704 2254 893 2336 tenebris)
914 2272 1095 2339 equoque
1116 2254 1155 2319 vi
1176 2255 1262 2320 eub-

192 2364 280 2428 rutn
300 2360 549 2444 disiectaque
570 2361 627 2438 (sic
640 2359 749 2439 codd).
785 2359 1003 2426 Teutonorum
1014 2377 1125 2428 nomen
1137 2361 1262 2426 subesse

154 2490 156 2498 ’
196 2465 334 2534 Oudond.
350 2466 479 2532 videret.
779 2503 783 2511 ·
1125 2547 1127 2552 ι
1251 2505 1255 2512 -

294 2572 328 2640 O.
348 2571 390 2634 54
412 2570 589 2657 euestigiis
614 2568 766 2648 codicum,
801 2589 868 2654 quae
890 2570 1067 2636 huiusmodi
1099 2574 1190 2636 sunt:
1220 2573 1261 2636 et

193 2679 314 2762 magis
335 2679 375 2744 in
397 2668 596 2746 seditione
619 2674 946 2758 concidendisque
966 2674 1165 2742 militibus
1188 2674 1261 2740 od-

116 2838 118 2843 .
191 2784 468 2850 versariorum
506 2786 726 2852 uestrorum
761 2781 1007 2864 imperatoris
1043 2798 1154 2863 quem
1189 2797 1261 2864 pn·

123 2869 131 2884 ’
191 2887 301 2955 doris
334 2877 617 2972 modestiaeque
650 2886 807 2953 fueritis
850 2875 1125 2967 studiosiores,
1161 2883 1263 2950 offiot·
1314 2953 1316 2957 ,

98 3028 115 3050 ⁴
193 2994 260 3060 tur:
300 2993 532 3057 adversandi
564 3002 691 3056 vestro
716 2991 954 3076 ‘imperatore'
975 3009 1083 3075 qnam
1104 2985 1260 3074 pudoris

193 3099 474 3183 modostiaeque
496 3096 949 3164 fueritis-studiosiores.

295 3203 329 3268 0.
361 3204 401 3266 57
439 3202 636 3270 scribendum
667 3203 803 3270 videtur:
848 3202 941 3268 Cum
977 3200 1103 3267 nihilo
1132 3201 1260 3266 minus

193 3308 277 3377 eins
299 3328 516 3380 sermonem
537 3309 693 3374 nuntius
715 3308 761 3373 nd
787 3306 1007 3392 Scipionem
1036 3307 1095 3386 (sic
1116 3304 1260 3373 Davisius

194 3434 249 3499 pro
271 3415 316 3481 ed
337 3419 390 3492 se)
412 3414 600 3489 referret*
617 3435 653 3477 oc
674 3419 740 3497 (pro
763 3413 842 3490 sed)
862 3414 1024 3488 restare,
1045 3412 1260 3497 utroliqus,

196 3521 230 3586 si
259 3520 384 3586 vellet
406 3518 507 3595 (codd.
528 3517 685 3602 relique
706 3537 786 3602 quse
807 3517 840 3584 si
860 3517 1011 3602 vellet),-
1037 3517 1260 3602 perageret,

194 3627 328 3692 vietor
362 3617 648 3718 praeteree'cet.
718 3623 780 3690 Sed
812 3623 844 3689 in
881 3625 931 3701 iis,
972 3644 1040 3708 que
1072 3625 1259 3707 sequunturt

196 3751 305 3817 quem
346 3734 415 3798 ent
450 3729 652 3814 Scipionis
691 3731 982 3814 obtemperasse
1018 3729 1159 3796 nuntio
1195 3727 1261 3793 unt
1347 3740 1351 3749 ’

196 3837 360 3904 Gesseris
391 3835 562 3904 eiusdem
594 3835 717 3918 portis
751 3835 899 3902 civibus
919 3835 1162 3902 incolumem
1197 3850 1260 3898 re·

195 3942 300 4008 uerti
314 3942 442 4022 molle,
453 3942 576 4010 etiamsi
586 3959 640 4026 pro
651 3939 728 4007 ees
738 3941 819 4006 eris
831 3959 902 4012 cnm
914 3937 1098 4006 editionibus
1114 3937 1258 4004 eLeid.l

195 4048 421 4115 substituemus
454 4049 581 4128 ensis,
613 4065 707 4136 mern
728 4044 863 4112 tenebre
885 4047 970 4124 sunt,
1000 4063 1061 4123 non
1084 4044 1184 4112 solnm
1221 4045 1259 4110 ob
