2970 4648
543 275 574 328 L.
593 273 697 330 Seneca
715 273 853 344 Epistola.
1122 275 1183 338 461

165 471 275 557 egendi
308 474 402 538 etiam
434 471 563 538 alteram
597 471 808 557 gradationem
852 473 1023 539 adiunxerit
1059 493 1077 540 a
1112 495 1227 560 magna

163 579 251 661 parte
277 560 429 662 (magna
451 596 538 662 pars
571 579 658 643 vitae
679 579 776 644 male
798 585 868 662 ng.)
890 578 928 642 11
950 580 1116 645 maximam
1140 585 1228 658 (mn-

163 684 261 748 xima
282 683 385 749 nihil
408 687 570 768 agent),
600 685 642 749 ab
663 684 721 749 hac
743 685 783 748 11
804 685 901 748 totam
924 684 1023 749 vitam
1045 685 1225 761 ascendens,

163 807 233 855 oum
265 791 438 874 pracsertim
467 810 527 855 non
559 791 695 874 potuerit
728 789 852 856 Seneca
884 789 915 853 in
945 794 1083 856 mentem
1112 791 1227 868 venire,

50 965 52 968 ,
164 897 303 977 quamuis
336 898 457 962 austere
478 895 638 976 iudicanti,
667 895 818 962 maiorem
852 897 970 978 partem
995 897 1066 961 vitae
1089 896 1121 960 in
1143 895 1227 961 male

164 1001 282 1085 agendo
319 1021 410 1086 quam
447 1003 479 1066 iu
516 1002 593 1067 nibil
628 1002 746 1088 agendo
780 1002 917 1068 consumi
949 1002 1061 1066 dicere.
1120 1001 1227 1085 Neque

164 1107 265 1174 minus
288 1110 406 1173 certum
428 1109 476 1173 est
498 1127 543 1190 ep.
565 1108 603 1190 4,
626 1107 645 1170 3
668 1107 815 1174 Senecam
838 1108 1005 1190 scripsisse,
1038 1107 1164 1171 atinde
1187 1107 1227 1172 eb

162 1211 345 1278 Erasmiena
366 1212 463 1300 altera
484 1213 522 1278 ad
545 1213 740 1296 Bipontinam
763 1213 923 1281 edebatur:
945 1213 1104 1279 Nullum
1125 1231 1227 1296 mag·

162 1337 246 1384 num
282 1320 436 1398 malum,
486 1320 580 1402 quod
618 1322 832 1386 extremum
865 1322 941 1394 est,
976 1337 1161 1403 quemqnam
1195 1319 1226 1383 in

164 1423 338 1501 codicibus,
373 1428 409 1490 ut
433 1425 465 1492 in
496 1425 719 1492 recentissimis
752 1427 935 1492 editionibus
967 1425 1135 1508 (praeeunte
1156 1443 1225 1489 raro

163 1532 196 1594 et
221 1529 339 1596 infelici
370 1533 507 1615 exemplo
534 1531 729 1615 Rnhlropiio),
765 1531 919 1597 omittitur
950 1532 1109 1611 malum,
1144 1529 1226 1612 qnod

161 1637 232 1718 post
252 1655 429 1721 maguum
463 1637 553 1704 111111
576 1637 697 1703 excidit.
752 1636 831 1702 Nam
855 1655 954 1720 neque
981 1637 1092 1701 Latine
1114 1635 1228 1700 dicitur

161 1741 280 1806 ullum
302 1761 482 1826 magnum
502 1762 557 1826 pro
572 1761 618 1818 eo,
639 1742 721 1826 quod
744 1746 791 1808 est
812 1745 1018 1827 quicquam
1040 1761 1225 1826 magnum

163 1847 331 1932 (magni),
367 1868 465 1933 neque
487 1850 579 1914 mali
611 1867 732 1926 nomen,
766 1849 799 1914 in
835 1868 894 1932 quo
923 1850 1027 1914 omnia
1054 1849 1225 1922 vertuntur,

162 1953 258 2018 111111
280 1954 392 2036 potest,
415 1971 511 2038 neque
532 1955 563 2020 id
586 1957 696 2040 agitur,
721 1975 908 2040 magnumno
931 1955 972 2020 sit
993 1974 1088 2033 mors,
1110 1953 1165 2019 sed
1187 1971 1225 2018 an

161 2059 278 2124 malum
312 2061 353 2126 sit
389 2062 421 2124 et
449 2079 607 2146 magnum.
667 2061 727 2128 Sed
753 2063 801 2128 his
834 2061 951 2127 duobus
981 2061 1058 2126 loeis
1095 2059 1224 2142 simplex

161 2165 268 2230 mendi
298 2167 396 2232 forma
417 2169 481 2244 est,
514 2169 611 2236 altero
644 2171 819 2252 permutata
852 2167 981 2232 duamm
1014 2185 1121 2232 vocum
1144 2165 1225 2240 sede,

162 2269 260 2336 altero
295 2273 408 2338 omissa
440 2292 500 2338 nna
532 2292 621 2351 voce;
666 2276 698 2340 in
731 2274 811 2351 aliis,
842 2292 912 2338 oum
944 2273 1040 2338 semel
1075 2272 1224 2337 offensum

162 2378 253 2450 esset,
288 2377 378 2459 plura
410 2379 535 2452 confusa
565 2381 637 2445 sunt
670 2383 702 2445 et
730 2379 865 2464 graviter
894 2379 1081 2462 perturbata.
1125 2376 1225 2456 Quam

163 2481 300 2548 Hessius
336 2485 420 2567 praef.
452 2507 481 2568 p.
509 2486 557 2550 111
587 2488 618 2551 11
639 2487 683 2552 IV
703 2487 776 2551 iacit
798 2484 1002 2567 suspicionem
1028 2483 1065 2548 de
1089 2483 1226 2564 epistolis

162 2607 222 2653 non
256 2592 295 2654 ab
327 2590 394 2674 ipso
432 2590 547 2656 Seneca
577 2591 667 2656 editio
701 2594 732 2657 et
765 2593 802 2656 de
835 2590 999 2656 subtractis
1036 2589 1075 2654 ab
1110 2588 1225 2652 editore

110 2755 112 2758 ,
161 2695 320 2760 hominum
342 2696 524 2762 nominibus
544 2700 591 2774 (ut
614 2717 660 2780 ep.
681 2696 711 2775 3,
750 2698 765 2760 1
790 2696 881 2762 amici
902 2694 1025 2774 Lucilii)
1050 2696 1080 2759 et
1102 2696 1224 2759 senten·

159 2802 222 2880 tiis,
247 2822 313 2886 qnae
336 2803 533 2868 offensionem
554 2803 667 2868 habere
689 2803 824 2886 possent,
847 2819 884 2866 ea
905 2819 975 2865 vero
1000 2802 1068 2865 tota
1090 2798 1224 2864 inaniter

161 2908 235 2974 fieta
258 2911 315 2975 ast.
359 2908 468 2992 Neque
499 2909 670 2992 qmsquam,
701 2910 753 2992 qui
783 2909 838 2974 has
861 2907 1006 2990 epistolas
1023 2905 1174 2990 perlegit,
1198 2904 1225 2968 si

159 3013 343 3081 liberorum
369 3016 513 3094 1111111111,
537 3015 677 3081 dubitare
701 3015 813 3098 potest,
837 3013 908 3098 quin
930 3013 1035 3079 omnia
1056 3013 1131 3090 haec,
1157 3030 1224 3095 quau

162 3121 202 3185 11
223 3121 333 3185 Lucilii
356 3123 387 3186 11
416 3120 539 3188 Senecae
571 3140 720 3205 personas
753 3121 940 3205 pertinentia
960 3122 1133 3201 ponuntur,
1163 3136 1223 3182 non

162 3227 342 3309 singulatim
377 3246 413 3291 111
444 3227 574 3293 veritate
616 3245 719 3292 rerum
754 3230 892 3292 1111111111
923 3227 1045 3303 tracta,
1091 3224 1145 3289 sed
1185 3215 1251 3288 ad'

162 3331 360 3413 epistolarum
393 3333 524 3396 formem
556 3333 738 3398 imitandam
762 3334 853 3398 etad
875 3331 1111 3398 declamandum
1133 3332 1224 3395 acute

161 3438 198 3502 de
221 3437 295 3503 loeis
318 3438 531 3503 communibus
554 3439 645 3504 1111
674 3437 803 3503 decretis
826 3438 1076 3520 philosophorum
1099 3436 1170 3500 ficta
1193 3437 1226 3499 et

160 3543 332 3624 composita
365 3543 437 3620 sint,
470 3544 554 3610 velut
584 3546 616 3609 in
651 3545 779 3628 epistola
804 3544 898 3608 tertia
920 3544 960 3608 ad
981 3541 1223 3625 disputationem

160 3650 199 3714 de
225 3650 360 3716 amicitia
382 3649 578 3729 ordiendam
618 3669 674 3715 1111
703 3651 803 3734 magis
830 3648 880 3714 hio
902 3648 1064 3714 sententia
1086 3647 1224 3729 disputa·
1355 3678 1356 3681 ¹

159 3755 320 3838 tionesque
341 3755 435 3822 libere
458 3756 614 3840 soluteque
638 3755 873 3840 progrediuntur
890 3743 1009 3819 etalio
1032 3753 1224 3820 transferun-

159 3864 324 3944 torquem
355 3862 387 3926 in
415 3861 525 3927 ceteris
556 3861 678 3928 Senecae
700 3861 802 3939 libris,
838 3859 898 3924 nisi
927 3859 1008 3943 qnod
1031 3859 1080 3924 hic
1102 3875 1223 3941 quoqne

160 3968 247 4032 utin
272 3967 473 4050 quaestionum
507 3967 693 4032 naturalium
715 3966 801 4032 libris
823 3983 885 4030 uua
907 3964 1057 4030 etaltera
1080 3983 1114 4028 ex
1137 3962 1222 4028 lolio·
