2918 4636
626 279 735 336 Serere
1114 277 1174 343 125

277 479 343 547 Ibd.
366 479 426 542 561
449 499 516 564 sqq.
560 479 643 546 Aier
660 478 774 576 Oileus,
799 497 879 546 nere
900 495 919 545 e
940 478 1066 545 Pallade
1087 477 1216 546 fulmine

156 583 265 658 frnete,
288 584 354 667 ipre
376 587 409 651 in
432 585 530 652 under
553 603 696 652 erenrens
717 603 827 652 nerem
848 585 978 669 repetit:

626 689 745 756 dirimit
765 691 909 758 insenum
929 711 1016 758 mere

301 795 471 879 flnetneqne
492 796 610 880 rumpit
631 796 754 880 peetere
776 799 807 862 et
827 815 939 862 nerem
961 815 1055 862 menn

302 902 475 983 eomplerue
500 902 532 968 in
554 921 587 968 re
609 902 703 968 traxit
724 903 756 966 et
779 919 859 967 eeeee
881 903 961 968 meri

300 1006 432 1073 collucet
452 1006 545 1086 Aiex3
571 1027 660 1074 emne
681 1007 858 1090 resplendet
878 1007 1002 1074 fretum.

251 1111 338 1178 Nihil
364 1115 413 1178 ert
442 1129 571 1188 nerem,
608 1131 701 1196 qnem
722 1112 787 1179 inm
808 1113 983 1196 eomplerne
1019 1115 1095 1193 eret,
1131 1112 1164 1176 ire
1184 1133 1216 1176 re

150 1217 288 1296 traherer
319 1237 377 1286 nee
398 1217 598 1303 argumentur,
627 1218 707 1284 unde
740 1218 890 1284 eellueeet
923 1223 954 1286 et
985 1219 1093 1286 ardent
1126 1217 1216 1286 Alex.

151 1324 322 1390 Ardentem
344 1343 453 1391 navem
476 1324 652 1406 compleres
673 1323 739 1406 ipse
761 1324 887 1390 flemme
909 1328 1064 1408 eerreptns
1086 1327 1148 1391 eet:
1170 1379 1172 1384 ,

701 1431 733 1495 et
753 1449 863 1496 navem
883 1447 978 1494 mann

352 1537 527 1618 eemplerns
550 1536 635 1620 iqner
655 1537 749 1602 traxit
771 1537 803 1602 et
823 1554 902 1602 eaeee
922 1535 1001 1602 meri

351 1641 481 1708 delineet
498 1641 587 1707 Aiax.

250 1745 378 1814 llerenl.
408 1747 469 1818 (Et.
482 1747 507 1825 ²)
541 1745 600 1810 123
632 1745 742 1812 elrerue
771 1745 959 1828 eaptivernm
987 1747 1054 1813 lere
1088 1747 1121 1812 et
1141 1743 1215 1812 aedi-

149 1852 219 1918 fieie
251 1871 339 1920 mere
371 1852 410 1918 ed
432 1853 592 1936 profanum
624 1854 656 1917 et
676 1851 826 1917 humilem
867 1871 957 1918 nsum
979 1852 1157 1920 treduetnm
1177 1850 1216 1920 iri

136 1957 304 2041 'queritnrr

352 2064 477 2131 Stemus
497 2082 579 2130 nune
601 2063 710 2147 patriis
733 2064 886 2130 mereibns
906 2063 967 2130 hen
987 2065 1075 2132 leers

353 2172 385 2236 et
405 2170 492 2236 silvie
515 2170 637 2247 debitur
658 2171 806 2254 laneaque
828 2169 958 2236 eerdidae

349 2275 425 2342 fient
447 2277 565 2360 temple
586 2293 674 2344 ereren.
751 2313 759 2328 ·

249 2381 336 2448 Nihil
358 2384 406 2448 est
432 2391 557 2457 stamus,
592 2400 649 2447 nee
671 2382 789 2447 melem
811 2381 860 2446 eet
887 2381 1041 2446 meeribue
1070 2382 1103 2446 et
1124 2378 1213 2446 silvie

149 2485 252 2554 leenm
274 2487 351 2567 deri¹
371 2488 432 2554 nisi
452 2487 598 2573 indigene
620 2491 688 2553 tem
708 2487 819 2552 humili
840 2505 898 2552 een
919 2486 1019 2552 detur.
1057 2485 1213 2569 Scriptum

150 2592 224 2658 elim
246 2578 331 2660 erati
577 2669 580 2674 ¹

352 2698 449 2760 Farris
470 2717 552 2763 nune
573 2697 682 2781 patriis
704 2695 856 2762 messibus
878 2697 938 2761 hen
959 2697 1043 2763 loeus

350 2805 382 2870 et
403 2804 488 2870 silvie
510 2803 635 2870 debitur
653 2804 802 2886 lepanue
823 2801 954 2868 serdidae

351 2909 427 2975 fient
449 2910 565 2994 temple
588 2928 675 2974 eeeae.

250 3015 404 3082 Funerum
443 3017 628 3098 petriemm,
664 3033 736 3080 enm
768 3031 874 3081 ereren
909 3013 980 3090 rint
1017 3029 1105 3080 erere
1141 3031 1214 3079 een·

150 3120 247 3188 sitnm
267 3121 306 3186 iri
328 3121 443 3188 dieunt.

249 3226 315 3292 led.
338 3226 399 3290 315
421 3226 568 3294 Deianira
588 3226 725 3292 delerem
746 3227 779 3292 et
800 3224 881 3291 irem
896 3223 935 3290 ed
955 3222 1212 3309 perreverendnm

150 3331 307 3404 horretur:

351 3439 446 3503 Pares
470 3457 606 3514 eremnsr
629 3457 689 3504 nen
712 3439 778 3504 eret
798 3436 881 3503 retis
902 3455 993 3520 epum

352 3543 452 3610 aderit
465 3563 603 3617 noverea,
625 3563 692 3627 quae
714 3561 823 3608 manns
845 3543 966 3608 nestrae
987 3542 1076 3626 regat

351 3669 407 3724 nee
428 3651 576 3718 inveeeta.

250 3759 386 3825 Prernm
419 3775 486 3824 esee
518 3755 597 3822 illud
628 3777 688 3820 een
721 3755 787 3820 eree
821 3775 914 3839 epm,
949 3753 977 3818 ei
1011 3770 1066 3835 per
1095 3765 1213 3814 renen

151 3955 351 3969 h·—

170 4090 192 4162 ¹)
222 4091 287 4147 Haee
304 4087 397 4148 iebnlr
415 4091 498 4148 etiem
514 4092 543 4146 in
561 4091 584 4145 ll
600 4087 679 4146 relde
698 4089 824 4158 eerrnptn
844 4088 893 4142 ert.
995 4164 999 4172 .
