2938 4630
610 305 759 378 Vergilius.
1135 306 1176 370 49

154 497 266 582 Neque·
297 501 371 586 alga
390 503 510 567 marina
541 523 642 589 neque
674 505 757 571 color
778 501 852 589 quid
880 501 920 566 ed
951 503 1031 566 hanc
1057 521 1123 568 rem
1144 501 1221 568 leci·

160 608 220 684 ont,
240 605 436 690 intelligitur,
455 611 612 693 tantoque
626 607 728 694 aptius
749 611 810 676 eet:

729 737 858 800 sucoque
879 716 911 780 et
930 715 1057 780 floribus

156 816 226 895 (hoc
244 820 305 895 eet,
337 835 411 884 suco
433 819 543 884 florum
573 820 710 904 ipsisque
730 821 855 886 floribus
880 837 950 884 suco
972 819 1219 896 coherentibus),

152 922 197 997 nt,
212 923 265 1005 qui
281 926 434 1000 anement,
449 926 517 989 suoi
531 943 644 992 nomen
655 927 715 1009 ipsi
729 927 847 1009 ponant
861 925 1021 1010 (lloynius,
1033 923 1218 1010 Wagnems,

151 1025 344 1114 hadericus:
367 1027 587 1122 Blumcnoufl).
626 1032 689 1098 Onu
701 1033 798 1117 igitur
811 1047 871 1096 non
886 1031 931 1096 ita
944 1031 1116 1126 ⁸scribitur?
1138 1029 1219 1113 quod

152 1131 273 1198 factum
306 1153 374 1200 esse
399 1120 464 1201 s'ive
486 1137 611 1202 eonsssio
646 1139 710 1204 sive
732 1155 805 1203 casn
826 1137 857 1201 in
878 1137 1005 1219 antiqua
1027 1137 1130 1220 aliqua
1152 1135 1219 1200 edi-

152 1238 237 1304 tione
258 1239 399 1322 Hepnius
418 1243 557 1311 annotet.

256 1345 303 1408 De
318 1345 530 1413 Bucolicorum
551 1367 610 1414 uno
631 1351 699 1414 loeo
720 1349 821 1414 dicam
843 1347 932 1414 valde
955 1348 1073 1421 venato,
1095 1347 1148 1430 qui
1172 1347 1221 1412 ent

152 1449 185 1514 in
216 1450 280 1515 fine
311 1452 424 1536 eclogae
459 1454 570 1532 terties,
594 1473 684 1536 quem
717 1474 773 1540 ego
797 1432 871 1520 rnon
908 1451 1133 1532 emendatione,
1166 1451 1221 1518 sed

155 1558 239 1621 recta
262 1558 455 1623 enarratione
476 1577 566 1642 egere
586 1562 681 1642 puto:

256 1662 325 1728 Non
347 1665 484 1730 nostrum
505 1664 588 1729 inter
610 1685 665 1731 voe
686 1667 789 1732 unus
812 1681 993 1748 componere
1013 1663 1105 1739 lites;

257 1771 289 1834 et
311 1769 409 1833 vitula
428 1771 465 1834 tn
486 1769 597 1853 dignus
620 1772 652 1834 et
673 1771 723 1836 hie
736 1773 776 1840 ,et
797 1771 936 1855 quisquis
958 1786 1076 1834 amores

257 1877 313 1938 aut
331 1876 451 1939 metuet
473 1874 572 1939 duleis
593 1878 647 1941 aut
667 1875 836 1959 experietur
857 1892 986 1944 amaros.

145 1978 310 2044 ‹Omittem
344 1980 473 2044 aliorum
499 1981 724 2056 refutationem,
751 1985 783 2047 et
804 1999 920 2059 eorum,
953 1982 1005 2064 qui
1026 1981 1090 2044 vim
1113 1995 1220 2061 prono-

154 2085 232 2150 mini
247 2084 548 2150 relativoindefinito
562 2087 728 2171 (quinquis)
743 2087 891 2165 lecerunt,
914 2089 946 2152 st
967 2105 1081 2160 eorum,
1104 2085 1155 2168 qni
1172 2083 1222 2150 hic

151 2209 210 2274 per
244 2199 271 2251 eu
297 2209 410 2255 novam
435 2191 588 2274 interponi
619 2193 804 2257 sonantum
839 2211 931 2275 posse
958 2191 1154 2274 putaverunt,
1185 2207 1222 2253 ex

154 2296 287 2362 relativa
321 2297 352 2360 et
374 2296 626 2362 demonstrativa·
649 2298 737 2378 parte
769 2315 951 2374 connexam,
988 2315 1058 2361 cum
1076 2279 1079 2288 “
1094 2295 1219 2378 reliquis

155 2401 284 2465 omnino
313 2420 374 2466 non
396 2403 610 2476 coherentem,
646 2404 683 2466 ut
704 2403 900 2478 ltihheohius,
936 2421 1026 2486 quem
1050 2402 1220 2466 hadericus

153 2508 278 2572 secutus
312 2509 378 2580 est;
423 2507 475 2583 (do
505 2507 602 2590 ipsius
634 2509 797 2574 sententiae
829 2509 981 2573 inanitate
1016 2508 1094 2571 nihil
1126 2507 1221 2589 diuo).

154 2609 337 2678 Necessario
360 2613 456 2696 igitur
477 2613 556 2679 illis:
587 2624 615 2676 et
636 2623 668 2676 tc
690 2623 716 2676 ct
738 2613 786 2675 tic
803 2613 985 2696 adiungitur
1006 2613 1136 2694 amplior
1157 2613 1221 2696 sig·

158 2717 288 2783 nificatio
324 2719 445 2802 generis
475 2720 640 2784 *hominum
671 2720 725 2784 illo
761 2719 865 2783 vitulae
901 2735 1028 2782 munere
1050 2717 1221 2799 dignorum.

158 2819 194 2885 In
216 2823 271 2888 hoe
293 2843 406 2907 genere
430 2825 631 2909 significando
664 2826 724 2890 duo
756 2824 848 2890 verba
869 2825 1023 2906 ponuntur
1044 2822 1083 2886 ad
1104 2824 1223 2887 malum

155 2925 296 2994 futurum
317 2932 372 2994 aut
393 2950 528 3012 praesens
551 2932 737 3014 spectantia,
770 2933 815 2996 ita
847 2932 883 2994 ut
904 2930 1119 3011 (praeterquam
1141 2927 1223 3012 quod

154 3053 191 3100 ex
212 3036 288 3100 hoc:
310 3045 418 3099 metuet
439 3035 540 3098 dulces
566 3059 683 3122 umores
713 3037 790 3101 nihil
824 3036 891 3100 soni
923 3035 1068 3112 efficitur)
1091 3051 1153 3097 una
1173 3051 1224 3097 re-

153 3141 311 3226 linquatur
343 3142 490 3224 temporis
520 3143 553 3209 in
586 3143 695 3208 eadem
726 3162 775 3217 re,
813 3161 905 3225 quam
936 3140 983 3204 illi
1005 3143 1059 3205 aut
1081 3141 1222 3205 metuent

153 3248 332 3312 venientem
354 3251 407 3312 aut
427 3247 492 3312 iam
513 3251 698 3330 praesentem
719 3250 919 3331 experientur,
943 3246 1117 3312 &tersitae
1158 3247 1224 3310 Ita-

100 3359 105 3366 '
156 3373 215 3439 que
237 3351 338 3420 forme
359 3353 482 3436 quidem
504 3355 663 3419 sententiae
684 3357 768 3419 reeta
790 3358 822 3420 et
844 3354 929 3418 certa
948 3353 1014 3417 haec
1036 3353 1101 3417 est:

762 3461 794 3523 et
815 3459 952 3543 quisquis
975 3475 1095 3523 amores

311 3567 364 3629 aut
385 3565 505 3628 metuet
527 3613 534 3628 .
559 3617 564 3626 .
587 3617 593 3631 .
618 3567 673 3630 aut
694 3565 866 3648 experietur
890 3583 1023 3629 amaros.
1057 3586 1058 3595 ¹
1132 3635 1136 3645 ,

258 3669 373 3733 Verum
395 3687 457 3733 non
478 3671 615 3753 quisquis
637 3671 669 3734 in
691 3689 794 3735 amore
815 3669 922 3735 infelix
944 3670 992 3734 est
1013 3671 1074 3744 aut,
1109 3687 1148 3732 ne
1171 3667 1221 3743 sit,

157 3774 280 3850 metuit,
318 3773 428 3858 dignus
461 3776 513 3839 illo
542 3777 667 3857 praemio
690 3775 750 3839 dici
772 3795 864 3858 posse
886 3775 1017 3853 videtur,
1051 3774 1106 3840 scd
1138 3773 1222 3856 quis-

159 3881 226 3962 quis
261 3899 328 3946 eam
356 3880 571 3946 infelicitatem
607 3882 691 3946 certo
714 3882 803 3946 modo
837 3875 905 3944 fert
931 3882 1115 3963 solaturque,
1137 3879 1224 3942 velut

158 3985 309 4052 cantando
331 3985 414 4059 lenit,
437 3985 562 4068 eiusque
584 3987 629 4051 rei
651 3987 833 4070 significatio
854 3988 886 4052 in
908 4005 943 4054 eo
966 3985 1122 4058 vocabulo,
1142 3981 1222 4064 quod
