2978 4644
314 273 377 338 204
673 269 735 326 Lib.
744 269 806 326 vn.
820 269 883 338 Cep.
898 267 937 326 H.

268 471 329 536 boo
358 487 471 556 genere
496 467 551 543 iis,
584 487 652 552 quae
673 469 766 534 antea
789 465 916 544 contuli,
943 461 1000 530 hic
1030 461 1144 530 eodem
1172 483 1235 530 non
1262 481 1338 531 sene

272 576 374 642 multe
394 595 452 642 nec
473 593 586 666 magun
607 575 640 639 in
662 571 850 640 orationibus
871 571 1055 638 mendorum
1075 570 1186 656 plenis.

372 681 415 759 ΙΙ,
439 679 492 744 13:
537 681 612 746 Lex
632 679 753 745 initio
779 677 888 744 nulle
915 676 1161 760 proponitur;
1194 651 1339 742 contio·

272 805 357 852 nem
378 786 416 850 in
437 785 574 867 primis
596 783 779 852 advocari
800 784 918 850 iubet
962 781 1049 848 Nihil
1071 781 1150 847 est
1139 802 1177 847 ιιι
1199 779 1339 864 primic

273 891 495 957 contionem
524 891 726 971 advocari,
758 907 815 956 nec
838 887 961 955 omnino
982 887 1136 962 Latinum,
1168 886 1341 954 nisiinter

272 995 371 1078 plura,
393 1014 460 1080 quer
481 996 601 1079 agenda
620 997 753 1074 fuerunt,
767 996 826 1061 hoc
847 994 980 1060 maxime
1003 995 1035 1058 et
1057 991 1211 1074 praecipuo
1236 991 1339 1056 studio

272 1100 391 1167 factum
426 1101 627 1184 significatur,
661 1101 743 1184 quod
773 1101 915 1183 ineptum
946 1099 1005 1164 cot.
1058 1097 1125 1162 Aut
1159 1095 1341 1180 simpliciter
1479 1169 1480 1194 3

278 1209 444 1272 convocate
481 1205 541 1270 dici
577 1205 669 1271 debet
695 1207 767 1281 aut,
803 1202 883 1289 quod
917 1223 1003 1287 paene
1028 1202 1167 1288 postulat
1193 1203 1341 1282 narratio,

274 1314 398 1395 tempos
429 1312 532 1396 ipsum
555 1312 588 1376 et
607 1310 683 1392 dies,
714 1312 746 1376 in
781 1329 873 1394 quem
898 1309 1046 1376 advocata
1066 1309 1172 1389 fuerit
1199 1309 1338 1375 indicari.

276 1418 431 1504 Scriptum
450 1417 545 1484 fuisse
561 1415 684 1492 iudico:
707 1416 934 1483 contionem
960 1415 998 1481 in
1019 1415 1148 1500 pridie
1168 1415 1261 1479 Idne
1282 1413 1342 1480 nd·
1481 1457 1482 1468 r

275 1524 410 1589 noceri
431 1524 556 1600 iubet,
578 1523 635 1588 boc
659 1525 718 1602 est,
748 1521 930 1588 intertium
954 1521 1128 1588 tribunatus
1150 1520 1244 1598 diem,
1259 1538 1342 1605 ¹quo-
1443 1606 1446 1609 ι

278 1629 362 1697 niem
384 1647 412 1695 c.
429 1628 464 1694 ιι.
487 1629 533 1694 Ν
553 1628 627 1696 Iius
648 1629 722 1694 Dee.
743 1629 772 1694 io
792 1627 938 1694 inibatur.

373 1733 441 1799 Ibd.
464 1734 520 1799 22:
563 1735 635 1800 Vir
656 1734 878 1800 mehercule
903 1731 1029 1798 sorvis
1049 1731 1118 1797 hoc
1139 1751 1221 1798 eum
1240 1731 1341 1810 suis,

275 1854 348 1903 non
378 1839 507 1918 vobis,
543 1841 712 1906 omnium
734 1836 912 1922 gentium
935 1838 1117 1910 dominis,
1151 1836 1343 1921 probatu·

276 1965 357 2011 rum
380 1947 566 2012 arbitror.
599 1944 682 2010 Usus
703 1945 846 2030 loquendi
867 1945 1019 2028 postulat:
1041 1963 1116 2010 non
1136 1931 1249 2006 mocio
1274 1960 1343 2007 vo·
1481 1963 1482 1966 ¹

274 2051 517 2136 bis.[(}ulielm.
536 2069 584 2119 no
605 2050 656 2115 vol
676 2049 837 2136 nedum]
861 2049 1004 2136 (De§33
1020 2049 1081 2114 dixi
1101 2049 1162 2114 vol.
1184 2048 1200 2112 1
1220 2068 1251 2132 p.
1279 2045 1343 2126 38.)

376 2157 444 2222 Ibd.
467 2155 509 2220 34
531 2157 576 2222 sic
599 2154 692 2221 rerba
713 2156 956 2243 interpungende
977 2156 1063 2221 sunt:
1094 2173 1179 2220 eum
1200 2151 1343 2230 velint,
1481 2141 1482 2144 '

278 2261 407 2328 Romae
430 2280 532 2344 esse,
553 2279 634 2326 eum
658 2263 900 2332 commodum
922 2261 991 2338 eit,
1016 2277 1249 2344 quacunque
1275 2275 1344 2323 re-

278 2367 374 2443 lint,
476 2368 612 2452 vagari
633 2369 675 2434 ut
706 2369 842 2444 liceat,
874 2367 1114 2444 conceditur,
1145 2366 1182 2432 ut
1202 2383 1238 2431 ex
1259 2379 1345 2446 aequo

277 2478 431 2558 ponantur
465 2475 530 2539 haeo
571 2497 640 2538 cum
669 2473 762 2537 velint
793 2476 825 2540 et
859 2493 928 2537 eum
961 2472 1152 2536 commodum
1182 2471 1229 2536 cit.
1273 2469 1345 2536 Mox
1481 2495 1482 2510 ι

276 2578 299 2665 ᾖ
320 2579 360 2644 35
383 2579 501 2656 dubito,
522 2598 562 2646 an
585 2580 679 2644 scribi
704 2579 832 2645 debent:
854 2578 1003 2661 partim
1026 2576 1154 2643 libera
1180 2596 1200 2643 o
1226 2575 1343 2650 vobis,

280 2685 426 2769 partim
462 2686 596 2752 etiam·
623 2685 757 2770 iqnota
792 2684 905 2751 vobis
946 2685 1035 2750 sunt
1065 2701 1120 2766 pro
1147 2683 1345 2772 ignoratn,

280 2792 340 2856 ersi
360 2777 499 2870 memini,
523 2791 597 2874 quid
618 2791 770 2857 seruatur
790 2787 914 2854 naseu.
927 2789 970 2868 v,
1002 2788 1054 2868 ιι,
1076 2789 1131 2866 64;
1153 2788 1209 2854 seu
1229 2788 1274 2854 ibi
1297 2787 1346 2852 ec

277 2891 504 2982 ignoretuin
542 2897 587 2964 cb
615 2895 884 2988 Syracusanis,
919 2895 1026 2961 addita
1045 2894 1274 2986 praepositione
1311 2894 1345 2958 in

278 3001 375 3068 Brute
419 3003 478 3066 176
515 3001 653 3068 fueret
687 3004 874 3088 ignorata
897 3002 972 3076 est:
1016 3001 1250 3084 „animadverso
1284 3018 1346 3066 non

277 3107 411 3188 frenc,
434 3099 606 3192 ἐλελήθει,
626 3110 662 3174 ut
682 3109 765 3192 opud
775 3109 957 3178 Sallustium
978 3109 1045 3192 Ing.
1067 3107 1110 3172 54
1128 3107 1344 3192 ignoretur

283 3213 355 3296 „qui
375 3232 458 3280 nunc
479 3211 584 3296 ipsum
605 3214 678 3298 quid
702 3215 812 3294 faciet,
843 3216 1032 3300 ignoretur“‚
1054 3207 1252 3289 λανθάνων,
1282 3228 1346 3276 non
1396 3221 1400 3230 ·

278 3315 418 3403 ἄδηλος,
432 3316 623 3406 ἄγνωστος.
677 3320 767 3402 Quod
797 3321 889 3405 paulo
921 3321 991 3403 post
1011 3320 1044 3384 in
1062 3317 1220 3385 codicibus
1243 3318 1292 3383 ost
1315 3317 1347 3382 ot

278 3523 480 3538 Ἣ

351 3697 414 3738 ιιιιιιι
444 3684 583 3738 deliciarum
601 3683 703 3736 mentio
722 3680 763 3735 ibi
781 3680 876 3749 inepte
900 3681 960 3748 cst).
996 3677 1156 3747 Exemplum
1173 3675 1346 3732 correctionis

351 3774 382 3830 in
402 3774 452 3830 boc
469 3773 731 3837 innocentior-icem,
752 3787 814 3842 qnae
833 3769 1066 3840 speciem-babeat
1080 3769 1163 3834 recti,
1181 3769 1270 3838 iprum
1289 3783 1346 3822 rec·

351 3869 411 3921 tum
429 3865 554 3930 occultet,
573 3865 728 3920 monstrabo
745 3865 841 3928 inlr,
849 3867 882 3920 97
912 3861 1118 3933 (continet).·
1137 3860 1267 3916 mnne
1269 3874 1347 3929 ·,ergo

352 3959 457 4030 aliquid
481 3957 609 4014 tribuisse
631 3957 870 4026 Logcmn'rcininno
888 3955 933 4012 iili
949 3952 1105 4024 grerienimi
1129 3953 1215 4008 fuitne
1238 3951 1348 4014 morin,

353 4055 415 4122 port
403 4051 466 4108 theo
482 4050 602 4106 tribucre
619 4063 729 4104 nummo
747 4048 889 4118 imperitia
904 4046 973 4104 iore.
