<?xml version="1.0" encoding="UTF-8"?>
<!DOCTYPE html PUBLIC "-//W3C//DTD XHTML 1.0 Transitional//EN"
    "http://www.w3.org/TR/xhtml1/DTD/xhtml1-transitional.dtd">
<html xmlns="http://www.w3.org/1999/xhtml" xml:lang="en" lang="en">
 <head>
  <title>
</title>
<meta http-equiv="Content-Type" content="text/html;charset=utf-8" />
  <meta name='ocr-system' content='tesseract 3.04.00' />
  <meta name='ocr-capabilities' content='ocr_page ocr_carea ocr_par ocr_line ocrx_word'/>
</head>
<body>
  <div class='ocr_page' id='page_1' title='image "./adversariacriti03madvgoog/adversariacriti03madvgoog_0258.png"; bbox 0 0 3018 4634; ppageno 0'>
   <div class='ocr_carea' id='block_1_1' title="bbox 547 284 1201 360">
    <p class='ocr_par' dir='ltr' id='par_1_1' title="bbox 547 284 1201 360">
     <span class='ocr_line' id='line_1_1' title="bbox 547 284 1201 360; baseline 0.015 -18"><span class='ocrx_word' id='word_1_1' title='bbox 547 284 684 344; x_wconf 80' lang='lat' dir='ltr'>Oioeronie</span> <span class='ocrx_word' id='word_1_2' title='bbox 701 286 874 360; x_wconf 71' lang='lat' dir='ltr'>magmenta</span> <span class='ocrx_word' id='word_1_3' title='bbox 1140 289 1201 352; x_wconf 78' lang='lat'>245</span> 
     </span>
    </p>
   </div>
   <div class='ocr_carea' id='block_1_2' title="bbox 179 485 1246 1104">
    <p class='ocr_par' dir='ltr' id='par_1_2' title="bbox 179 485 1246 1104">
     <span class='ocr_line' id='line_1_2' title="bbox 181 485 1244 568; baseline 0 -12"><span class='ocrx_word' id='word_1_4' title='bbox 181 489 327 568; x_wconf 80' lang='lat' dir='ltr'>vocari,</span> <span class='ocrx_word' id='word_1_5' title='bbox 357 485 563 566; x_wconf 72' lang='lat' dir='ltr'>orriolo-i,</span> <span class='ocrx_word' id='word_1_6' title='bbox 597 485 642 554; x_wconf 85' lang='lat' dir='ltr'>ad</span> <span class='ocrx_word' id='word_1_7' title='bbox 674 487 853 554; x_wconf 80' lang='lat' dir='ltr'>senatum</span> <span class='ocrx_word' id='word_1_8' title='bbox 887 487 1023 554; x_wconf 87' lang='lat' dir='ltr'>adduei</span> <span class='ocrx_word' id='word_1_9' title='bbox 1053 489 1168 567; x_wconf 80' lang='lat' dir='ltr'>inssi,</span> <span class='ocrx_word' id='word_1_10' title='bbox 1196 491 1244 556; x_wconf 41' lang='lat' dir='ltr'>*in</span> 
     </span>
     <span class='ocr_line' id='line_1_3' title="bbox 180 592 1246 679; baseline 0.002 -19"><span class='ocrx_word' id='word_1_11' title='bbox 180 604 337 660; x_wconf 75' lang='lat' dir='ltr'>aenaeae</span> <span class='ocrx_word' id='word_1_12' title='bbox 351 593 442 679; x_wconf 77' lang='lat' dir='ltr'>fido</span> <span class='ocrx_word' id='word_1_13' title='bbox 459 593 585 678; x_wconf 76' lang='lat' dir='ltr'>posui.</span> <span class='ocrx_word' id='word_1_14' title='bbox 636 592 886 674; x_wconf 77' lang='lat' dir='ltr'>Fir-orationum,</span> <span class='ocrx_word' id='word_1_15' title='bbox 924 613 991 678; x_wconf 78' lang='lat' dir='ltr'>qua</span> <span class='ocrx_word' id='word_1_16' title='bbox 1015 596 1246 673; x_wconf 77' lang='lat' dir='ltr'>interciderunt,</span> 
     </span>
     <span class='ocr_line' id='line_1_4' title="bbox 180 699 1246 788; baseline 0 -21"><span class='ocrx_word' id='word_1_17' title='bbox 180 703 280 768; x_wconf 78' lang='lat' dir='ltr'>indiae</span> <span class='ocrx_word' id='word_1_18' title='bbox 302 707 342 785; x_wconf 83' lang='lat' dir='ltr'>(p.</span> <span class='ocrx_word' id='word_1_19' title='bbox 365 700 418 779; x_wconf 81' lang='lat'>37)</span> <span class='ocrx_word' id='word_1_20' title='bbox 452 699 587 766; x_wconf 83' lang='lat' dir='ltr'>tollenda</span> <span class='ocrx_word' id='word_1_21' title='bbox 609 702 667 776; x_wconf 81' lang='lat' dir='ltr'>est,</span> <span class='ocrx_word' id='word_1_22' title='bbox 705 718 772 783; x_wconf 83' lang='lat' dir='ltr'>qnae</span> <span class='ocrx_word' id='word_1_23' title='bbox 799 718 865 783; x_wconf 87' lang='lat' dir='ltr'>pro</span> <span class='ocrx_word' id='word_1_24' title='bbox 897 701 931 765; x_wconf 87' lang='lat' dir='ltr'>L.</span> <span class='ocrx_word' id='word_1_25' title='bbox 954 701 1131 769; x_wconf 79' lang='lat' dir='ltr'><strong>Atratino</strong></span> <span class='ocrx_word' id='word_1_26' title='bbox 1153 703 1246 788; x_wconf 85' lang='lat' dir='ltr'>fingi·</span> 
     </span>
     <span class='ocr_line' id='line_1_5' title="bbox 180 804 1246 893; baseline 0.001 -19"><span class='ocrx_word' id='word_1_27' title='bbox 180 811 243 885; x_wconf 79' lang='lat' dir='ltr'>bor,</span> <span class='ocrx_word' id='word_1_28' title='bbox 264 810 297 874; x_wconf 79' lang='lat' dir='ltr'>eb</span> <span class='ocrx_word' id='word_1_29' title='bbox 320 825 387 891; x_wconf 86' lang='lat' dir='ltr'>qnae</span> <span class='ocrx_word' id='word_1_30' title='bbox 411 804 584 872; x_wconf 81' lang='lat' dir='ltr'>incredibili</span> <span class='ocrx_word' id='word_1_31' title='bbox 606 824 707 872; x_wconf 87' lang='lat' dir='ltr'>errore</span> <span class='ocrx_word' id='word_1_32' title='bbox 729 804 958 890; x_wconf 80' lang='lat' dir='ltr'>proOaesare</span> <span class='ocrx_word' id='word_1_33' title='bbox 978 808 1161 893; x_wconf 78' lang='lat' dir='ltr'>Vopioo&#39;o;</span> <span class='ocrx_word' id='word_1_34' title='bbox 1184 829 1246 875; x_wconf 84' lang='lat' dir='ltr'>nna</span> 
     </span>
     <span class='ocr_line' id='line_1_6' title="bbox 179 897 1245 999; baseline 0 -19"><span class='ocrx_word' id='word_1_35' title='bbox 179 915 419 999; x_wconf 71' lang='lat' dir='ltr'>ponendaque</span> <span class='ocrx_word' id='word_1_36' title='bbox 442 912 560 978; x_wconf 82' lang='lat' dir='ltr'>duobus</span> <span class='ocrx_word' id='word_1_37' title='bbox 585 911 762 978; x_wconf 86' lang='lat' dir='ltr'>nominibus</span> <span class='ocrx_word' id='word_1_38' title='bbox 782 911 880 978; x_wconf 84' lang='lat' dir='ltr'>ferbur</span> <span class='ocrx_word' id='word_1_39' title='bbox 912 931 978 996; x_wconf 88' lang='lat' dir='ltr'>pro</span> <span class='ocrx_word' id='word_1_40' title='bbox 1011 912 1046 980; x_wconf 86' lang='lat' dir='ltr'>L.</span> <span class='ocrx_word' id='word_1_41' title='bbox 1080 897 1245 981; x_wconf 79' lang='lat' dir='ltr'>Corvino</span> 
     </span>
     <span class='ocr_line' id='line_1_7' title="bbox 181 1018 1246 1104; baseline 0 -18"><span class='ocrx_word' id='word_1_42' title='bbox 181 1027 300 1104; x_wconf 85' lang='lat' dir='ltr'>(pravo)</span> <span class='ocrx_word' id='word_1_43' title='bbox 333 1020 365 1085; x_wconf 84' lang='lat' dir='ltr'>et</span> <span class='ocrx_word' id='word_1_44' title='bbox 387 1039 456 1102; x_wconf 88' lang='lat' dir='ltr'>pro</span> <span class='ocrx_word' id='word_1_45' title='bbox 490 1018 521 1085; x_wconf 84' lang='lat' dir='ltr'>O.</span> <span class='ocrx_word' id='word_1_46' title='bbox 545 1019 731 1086; x_wconf 86' lang='lat' dir='ltr'>Orehivio</span> <span class='ocrx_word' id='word_1_47' title='bbox 763 1023 879 1098; x_wconf 86' lang='lat' dir='ltr'>(vero);</span> <span class='ocrx_word' id='word_1_48' title='bbox 912 1019 1064 1102; x_wconf 83' lang='lat' dir='ltr'>addenda,</span> <span class='ocrx_word' id='word_1_49' title='bbox 1100 1022 1126 1086; x_wconf 84' lang='lat' dir='ltr'>ei</span> <span class='ocrx_word' id='word_1_50' title='bbox 1148 1040 1246 1104; x_wconf 87' lang='lat' dir='ltr'>operae</span> 
     </span>
    </p>
   </div>
   <div class='ocr_carea' id='block_1_3' title="bbox 179 1123 1375 1211">
    <p class='ocr_par' dir='ltr' id='par_1_3' title="bbox 179 1123 1375 1211">
     <span class='ocr_line' id='line_1_8' title="bbox 179 1123 1375 1211; baseline -0.003 -21"><span class='ocrx_word' id='word_1_51' title='bbox 179 1125 314 1211; x_wconf 79' lang='lat' dir='ltr'>predium</span> <span class='ocrx_word' id='word_1_52' title='bbox 336 1128 400 1206; x_wconf 72' lang='lat' dir='ltr'>aab,</span> <span class='ocrx_word' id='word_1_53' title='bbox 422 1143 514 1208; x_wconf 87' lang='lat' dir='ltr'>quam</span> <span class='ocrx_word' id='word_1_54' title='bbox 536 1125 594 1189; x_wconf 87' lang='lat' dir='ltr'>vol.</span> <span class='ocrx_word' id='word_1_55' title='bbox 619 1126 633 1190; x_wconf 92' lang='grc'>1</span> <span class='ocrx_word' id='word_1_56' title='bbox 654 1144 682 1209; x_wconf 89' lang='lat' dir='ltr'>p.</span> <span class='ocrx_word' id='word_1_57' title='bbox 708 1123 767 1188; x_wconf 80' lang='lat'>155</span> <span class='ocrx_word' id='word_1_58' title='bbox 790 1125 867 1199; x_wconf 89' lang='lat' dir='ltr'>erui,</span> <span class='ocrx_word' id='word_1_59' title='bbox 889 1144 957 1208; x_wconf 87' lang='lat' dir='ltr'>pro</span> <span class='ocrx_word' id='word_1_60' title='bbox 979 1125 1246 1211; x_wconf 77' lang='lat' dir='ltr'>negotiatori·</span> <span class='ocrx_word' id='word_1_61' title='bbox 1371 1127 1375 1132; x_wconf 86' lang='grc'><em>“</em></span> 
     </span>
    </p>
   </div>
   <div class='ocr_carea' id='block_1_4' title="bbox 179 1229 1312 2486">
    <p class='ocr_par' dir='ltr' id='par_1_4' title="bbox 179 1229 1312 2486">
     <span class='ocr_line' id='line_1_9' title="bbox 179 1229 1243 1314; baseline -0.004 -15"><span class='ocrx_word' id='word_1_62' title='bbox 179 1234 249 1300; x_wconf 87' lang='lat' dir='ltr'>bns</span> <span class='ocrx_word' id='word_1_63' title='bbox 270 1233 434 1299; x_wconf 84' lang='lat' dir='ltr'>Aehaeia.</span> <span class='ocrx_word' id='word_1_64' title='bbox 478 1233 515 1297; x_wconf 97' lang='lat' dir='ltr'>In</span> <span class='ocrx_word' id='word_1_65' title='bbox 540 1231 738 1314; x_wconf 82' lang='lat' dir='ltr'>epistolarum</span> <span class='ocrx_word' id='word_1_66' title='bbox 762 1229 801 1296; x_wconf 85' lang='lat' dir='ltr'>ad</span> <span class='ocrx_word' id='word_1_67' title='bbox 826 1229 979 1298; x_wconf 82' lang='lat' dir='ltr'>Caesarem</span> <span class='ocrx_word' id='word_1_68' title='bbox 1001 1231 1073 1299; x_wconf 88' lang='lat' dir='ltr'>libri</span> <span class='ocrx_word' id='word_1_69' title='bbox 1095 1233 1144 1298; x_wconf 88' lang='lat' dir='ltr'>III</span> <span class='ocrx_word' id='word_1_70' title='bbox 1165 1233 1201 1297; x_wconf 85' lang='lat' dir='ltr'>fr.</span> <span class='ocrx_word' id='word_1_71' title='bbox 1226 1233 1243 1295; x_wconf 98' lang='grc'>1</span> 
     </span>
     <span class='ocr_line' id='line_1_10' title="bbox 181 1335 1247 1424; baseline 0.003 -23"><span class='ocrx_word' id='word_1_72' title='bbox 181 1347 221 1424; x_wconf 87' lang='lat' dir='ltr'>(p.</span> <span class='ocrx_word' id='word_1_73' title='bbox 242 1339 294 1419; x_wconf 89' lang='grc'>40,</span> <span class='ocrx_word' id='word_1_74' title='bbox 318 1356 334 1403; x_wconf 93' lang='lat' dir='ltr'>e</span> <span class='ocrx_word' id='word_1_75' title='bbox 355 1335 465 1416; x_wconf 87' lang='lat' dir='ltr'>Nonio)</span> <span class='ocrx_word' id='word_1_76' title='bbox 488 1337 686 1404; x_wconf 81' lang='lat' dir='ltr'>scribendum</span> <span class='ocrx_word' id='word_1_77' title='bbox 709 1338 773 1403; x_wconf 83' lang='lat' dir='ltr'>osb:</span> <span class='ocrx_word' id='word_1_78' title='bbox 798 1355 872 1402; x_wconf 95' lang='lat' dir='ltr'>non</span> <span class='ocrx_word' id='word_1_79' title='bbox 894 1339 932 1403; x_wconf 83' lang='lat' dir='ltr'>be</span> <span class='ocrx_word' id='word_1_80' title='bbox 954 1339 1134 1404; x_wconf 79' lang='lat' dir='ltr'>exercitu</span> <span class='ocrx_word' id='word_1_81' title='bbox 1155 1339 1247 1404; x_wconf 81' lang='lat' dir='ltr'>rebi-</span> 
     </span>
     <span class='ocr_line' id='line_1_11' title="bbox 181 1442 1247 1529; baseline 0 -19"><span class='ocrx_word' id='word_1_82' title='bbox 181 1444 302 1510; x_wconf 89' lang='lat' dir='ltr'>nendo</span> <span class='ocrx_word' id='word_1_83' title='bbox 325 1442 488 1508; x_wconf 71' lang='lat' dir='ltr'>torreris</span> <span class='ocrx_word' id='word_1_84' title='bbox 510 1447 576 1529; x_wconf 82' lang='lat' dir='ltr'>(pro</span> <span class='ocrx_word' id='word_1_85' title='bbox 598 1443 721 1522; x_wconf 84' lang='lat' dir='ltr'>tueri),</span> <span class='ocrx_word' id='word_1_86' title='bbox 754 1443 821 1510; x_wconf 86' lang='lat' dir='ltr'>sed</span> <span class='ocrx_word' id='word_1_87' title='bbox 853 1461 894 1509; x_wconf 91' lang='lat' dir='ltr'>eo</span> <span class='ocrx_word' id='word_1_88' title='bbox 915 1443 1061 1510; x_wconf 82' lang='lat' dir='ltr'>rraoieo</span> <span class='ocrx_word' id='word_1_89' title='bbox 1094 1446 1158 1510; x_wconf 80' lang='lat' dir='ltr'>aud</span> <span class='ocrx_word' id='word_1_90' title='bbox 1190 1445 1247 1510; x_wconf 95' lang='lat' dir='ltr'>di-</span> 
     </span>
     <span class='ocr_line' id='line_1_12' title="bbox 181 1549 1247 1636; baseline -0.002 -20"><span class='ocrx_word' id='word_1_91' title='bbox 181 1551 316 1627; x_wconf 82' lang='lat' dir='ltr'>miso03</span> <span class='ocrx_word' id='word_1_92' title='bbox 352 1550 384 1615; x_wconf 90' lang='lat' dir='ltr'>in</span> <span class='ocrx_word' id='word_1_93' title='bbox 417 1551 507 1635; x_wconf 79' lang='lat' dir='ltr'>epist.</span> <span class='ocrx_word' id='word_1_94' title='bbox 535 1551 575 1616; x_wconf 85' lang='lat' dir='ltr'>ad</span> <span class='ocrx_word' id='word_1_95' title='bbox 598 1549 750 1617; x_wconf 83' lang='lat' dir='ltr'>Caesarem</span> <span class='ocrx_word' id='word_1_96' title='bbox 778 1551 841 1615; x_wconf 91' lang='lat' dir='ltr'>iun.</span> <span class='ocrx_word' id='word_1_97' title='bbox 872 1551 925 1615; x_wconf 91' lang='lat' dir='ltr'>lib.</span> <span class='ocrx_word' id='word_1_98' title='bbox 955 1551 986 1615; x_wconf 90' lang='lat' dir='ltr'>ll</span> <span class='ocrx_word' id='word_1_99' title='bbox 1012 1550 1049 1618; x_wconf 84' lang='lat' dir='ltr'>ir.</span> <span class='ocrx_word' id='word_1_100' title='bbox 1076 1551 1095 1613; x_wconf 79' lang='lat'><strong>7</strong></span> <span class='ocrx_word' id='word_1_101' title='bbox 1125 1557 1167 1636; x_wconf 87' lang='lat' dir='ltr'>(p.</span> <span class='ocrx_word' id='word_1_102' title='bbox 1194 1551 1247 1633; x_wconf 77' lang='lat'>42,</span> 
     </span>
     <span class='ocr_line' id='line_1_13' title="bbox 181 1655 1247 1742; baseline 0.002 -21"><span class='ocrx_word' id='word_1_103' title='bbox 181 1656 347 1731; x_wconf 71' lang='lat' dir='ltr'>indidem:</span> <span class='ocrx_word' id='word_1_104' title='bbox 384 1659 574 1742; x_wconf 82' lang='lat' dir='ltr'>seriptum</span> <span class='ocrx_word' id='word_1_105' title='bbox 603 1657 691 1722; x_wconf 82' lang='lat' dir='ltr'>erat</span> <span class='ocrx_word' id='word_1_106' title='bbox 723 1657 910 1740; x_wconf 83' lang='lat' dir='ltr'>equestre</span> <span class='ocrx_word' id='word_1_107' title='bbox 931 1655 1247 1740; x_wconf 78' lang='lat' dir='ltr'>proelium&#39;valde</span> 
     </span>
     <span class='ocr_line' id='line_1_14' title="bbox 182 1761 1248 1847; baseline -0.001 -19"><span class='ocrx_word' id='word_1_108' title='bbox 182 1762 397 1841; x_wconf 76' lang='lat' dir='ltr'>seeundum,</span> <span class='ocrx_word' id='word_1_109' title='bbox 405 1761 881 1847; x_wconf 77' lang='lat' dir='ltr'>peditis(velmilitio,proin</span> <span class='ocrx_word' id='word_1_110' title='bbox 893 1763 967 1840; x_wconf 84' lang='lat' dir='ltr'>his)</span> <span class='ocrx_word' id='word_1_111' title='bbox 979 1763 1104 1829; x_wconf 80' lang='lat' dir='ltr'>antem</span> <span class='ocrx_word' id='word_1_112' title='bbox 1119 1765 1248 1847; x_wconf 85' lang='lat' dir='ltr'>potins</span> 
     </span>
     <span class='ocr_line' id='line_1_15' title="bbox 181 1867 1312 1954; baseline 0.002 -20"><span class='ocrx_word' id='word_1_113' title='bbox 181 1868 399 1947; x_wconf 79' lang='lat' dir='ltr'>adversum,</span> <span class='ocrx_word' id='word_1_114' title='bbox 421 1867 490 1934; x_wconf 87' lang='lat' dir='ltr'>libr.</span> <span class='ocrx_word' id='word_1_115' title='bbox 513 1869 619 1933; x_wconf 79' lang='lat' dir='ltr'>antem</span> <span class='ocrx_word' id='word_1_116' title='bbox 640 1869 689 1933; x_wconf 91' lang='lat' dir='ltr'>III</span> <span class='ocrx_word' id='word_1_117' title='bbox 709 1867 747 1932; x_wconf 84' lang='lat' dir='ltr'>fr.</span> <span class='ocrx_word' id='word_1_118' title='bbox 779 1869 999 1952; x_wconf 78' lang='lat' dir='ltr'>2(indidom):</span> <span class='ocrx_word' id='word_1_119' title='bbox 1023 1887 1092 1954; x_wconf 86' lang='lat' dir='ltr'>ego</span> <span class='ocrx_word' id='word_1_120' title='bbox 1120 1872 1248 1936; x_wconf 81' lang='lat' dir='ltr'>audem</span> <span class='ocrx_word' id='word_1_121' title='bbox 1305 1907 1312 1918; x_wconf 94' lang='lat'>·</span> 
     </span>
     <span class='ocr_line' id='line_1_16' title="bbox 181 1975 1249 2062; baseline 0.006 -26"><span class='ocrx_word' id='word_1_122' title='bbox 181 1977 362 2060; x_wconf 77' lang='lat' dir='ltr'>antiquae</span> <span class='ocrx_word' id='word_1_123' title='bbox 384 1995 460 2036; x_wconf 85' lang='lat' dir='ltr'>eum</span> <span class='ocrx_word' id='word_1_124' title='bbox 482 1975 550 2056; x_wconf 87' lang='lat' dir='ltr'>(pro</span> <span class='ocrx_word' id='word_1_125' title='bbox 571 1975 915 2062; x_wconf 80' lang='lat' dir='ltr'>antiquissimum),</span> <span class='ocrx_word' id='word_1_126' title='bbox 953 1977 1139 2040; x_wconf 79' lang='lat' dir='ltr'>oriundus</span> <span class='ocrx_word' id='word_1_127' title='bbox 1161 1978 1249 2055; x_wconf 90' lang='lat' dir='ltr'>(ori-</span> 
     </span>
     <span class='ocr_line' id='line_1_17' title="bbox 181 2079 1250 2167; baseline 0.003 -21"><span class='ocrx_word' id='word_1_128' title='bbox 181 2079 510 2164; x_wconf 78' lang='lat' dir='ltr'>nndnm)Seythis‚</span> <span class='ocrx_word' id='word_1_129' title='bbox 532 2080 666 2164; x_wconf 84' lang='lat' dir='ltr'>quibus</span> <span class='ocrx_word' id='word_1_130' title='bbox 683 2081 879 2167; x_wconf 83' lang='lat' dir='ltr'>anbiqnior</span> <span class='ocrx_word' id='word_1_131' title='bbox 899 2081 1043 2148; x_wconf 80' lang='lat' dir='ltr'>laebibia</span> <span class='ocrx_word' id='word_1_132' title='bbox 1066 2085 1125 2149; x_wconf 81' lang='lat' dir='ltr'>esd</span> <span class='ocrx_word' id='word_1_133' title='bbox 1140 2103 1250 2167; x_wconf 92' lang='lat' dir='ltr'>quam</span> 
     </span>
     <span class='ocr_line' id='line_1_18' title="bbox 181 2185 1249 2272; baseline 0 -20"><span class='ocrx_word' id='word_1_134' title='bbox 181 2187 344 2264; x_wconf 68' lang='lat' dir='ltr'>luorum</span> <span class='ocrx_word' id='word_1_135' title='bbox 364 2186 397 2251; x_wconf 91' lang='lat' dir='ltr'>in</span> <span class='ocrx_word' id='word_1_136' title='bbox 418 2185 456 2251; x_wconf 84' lang='lat' dir='ltr'>fr.</span> <span class='ocrx_word' id='word_1_137' title='bbox 479 2185 610 2272; x_wconf 89' lang='lat' dir='ltr'>deniqne</span> <span class='ocrx_word' id='word_1_138' title='bbox 633 2187 722 2270; x_wconf 83' lang='lat' dir='ltr'>epist.</span> <span class='ocrx_word' id='word_1_139' title='bbox 739 2189 779 2253; x_wconf 87' lang='lat' dir='ltr'>ad</span> <span class='ocrx_word' id='word_1_140' title='bbox 795 2189 943 2254; x_wconf 82' lang='lat' dir='ltr'>Catonem</span> <span class='ocrx_word' id='word_1_141' title='bbox 959 2193 1000 2272; x_wconf 86' lang='lat' dir='ltr'>(p.</span> <span class='ocrx_word' id='word_1_142' title='bbox 1012 2187 1062 2263; x_wconf 83' lang='grc'>47,</span> <span class='ocrx_word' id='word_1_143' title='bbox 1085 2187 1249 2268; x_wconf 88' lang='lat' dir='ltr'>indidem):</span> 
     </span>
     <span class='ocr_line' id='line_1_19' title="bbox 183 2283 1249 2378; baseline 0.001 -20"><span class='ocrx_word' id='word_1_144' title='bbox 183 2311 250 2359; x_wconf 88' lang='lat' dir='ltr'>noo</span> <span class='ocrx_word' id='word_1_145' title='bbox 273 2292 418 2358; x_wconf 85' lang='lat' dir='ltr'>ideireo</span> <span class='ocrx_word' id='word_1_146' title='bbox 442 2293 537 2358; x_wconf 92' lang='lat' dir='ltr'>mihi</span> <span class='ocrx_word' id='word_1_147' title='bbox 569 2283 814 2358; x_wconf 69' lang='lat' dir='ltr'>elaborandam</span> <span class='ocrx_word' id='word_1_148' title='bbox 847 2297 913 2378; x_wconf 86' lang='lat' dir='ltr'>(pro</span> <span class='ocrx_word' id='word_1_149' title='bbox 946 2293 1249 2372; x_wconf 83' lang='lat' dir='ltr'>desiderandam)</span> 
     </span>
     <span class='ocr_line' id='line_1_20' title="bbox 184 2398 1249 2486; baseline -0.002 -20"><span class='ocrx_word' id='word_1_150' title='bbox 184 2419 267 2466; x_wconf 83' lang='lat' dir='ltr'>esse</span> <span class='ocrx_word' id='word_1_151' title='bbox 303 2399 535 2484; x_wconf 75' lang='lat' dir='ltr'>dignitatem</span> <span class='ocrx_word' id='word_1_152' title='bbox 558 2419 695 2478; x_wconf 84' lang='lat' dir='ltr'>meam,</span> <span class='ocrx_word' id='word_1_153' title='bbox 729 2401 825 2485; x_wconf 90' lang='lat' dir='ltr'>qnod</span> <span class='ocrx_word' id='word_1_154' title='bbox 859 2419 938 2468; x_wconf 89' lang='lat' dir='ltr'>eam</span> <span class='ocrx_word' id='word_1_155' title='bbox 966 2398 1249 2486; x_wconf 80' lang='lat' dir='ltr'>muldiimpug-</span> 
     </span>
    </p>
   </div>
   <div class='ocr_carea' id='block_1_5' title="bbox 183 2505 1356 2594">
    <p class='ocr_par' dir='ltr' id='par_1_5' title="bbox 183 2505 1356 2594">
     <span class='ocr_line' id='line_1_21' title="bbox 183 2505 1356 2594; baseline 0.002 -24"><span class='ocrx_word' id='word_1_156' title='bbox 183 2506 332 2582; x_wconf 83' lang='lat' dir='ltr'>narinl,</span> <span class='ocrx_word' id='word_1_157' title='bbox 369 2505 502 2571; x_wconf 85' lang='lat' dir='ltr'>sedeo</span> <span class='ocrx_word' id='word_1_158' title='bbox 538 2505 957 2594; x_wconf 79' lang='lat' dir='ltr'>magiareoolendam,</span> <span class='ocrx_word' id='word_1_159' title='bbox 990 2505 1086 2588; x_wconf 89' lang='lat' dir='ltr'>qnod</span> <span class='ocrx_word' id='word_1_160' title='bbox 1118 2507 1248 2589; x_wconf 80' lang='lat' dir='ltr'>plnres</span> <span class='ocrx_word' id='word_1_161' title='bbox 1334 2514 1356 2534; x_wconf 87' lang='lat'>·</span> 
     </span>
    </p>
   </div>
   <div class='ocr_carea' id='block_1_6' title="bbox 184 2599 1252 4080">
    <p class='ocr_par' dir='ltr' id='par_1_6' title="bbox 184 2599 1250 3014">
     <span class='ocr_line' id='line_1_22' title="bbox 184 2599 1248 2695; baseline 0.003 -21"><span class='ocrx_word' id='word_1_162' title='bbox 184 2610 456 2679; x_wconf 74' lang='lat' dir='ltr'>desiderarint.</span> <span class='ocrx_word' id='word_1_163' title='bbox 495 2611 531 2678; x_wconf 92' lang='lat' dir='ltr'>In</span> <span class='ocrx_word' id='word_1_164' title='bbox 565 2612 726 2678; x_wconf 77' lang='lat' dir='ltr'>Hortensii</span> <span class='ocrx_word' id='word_1_165' title='bbox 761 2613 799 2679; x_wconf 85' lang='lat' dir='ltr'>fr.</span> <span class='ocrx_word' id='word_1_166' title='bbox 834 2613 874 2676; x_wconf 90' lang='grc'>66</span> <span class='ocrx_word' id='word_1_167' title='bbox 908 2615 952 2695; x_wconf 86' lang='lat' dir='ltr'>(p.</span> <span class='ocrx_word' id='word_1_168' title='bbox 984 2599 1047 2686; x_wconf 75' lang='grc'>63,</span> <span class='ocrx_word' id='word_1_169' title='bbox 1084 2631 1100 2676; x_wconf 92' lang='lat' dir='ltr'>e</span> <span class='ocrx_word' id='word_1_170' title='bbox 1135 2601 1248 2691; x_wconf 89' lang='lat' dir='ltr'>Nonio)</span> 
     </span>
     <span class='ocr_line' id='line_1_23' title="bbox 185 2717 1250 2804; baseline 0.001 -22"><span class='ocrx_word' id='word_1_171' title='bbox 185 2717 363 2800; x_wconf 82' lang='lat' dir='ltr'>supplenda,</span> <span class='ocrx_word' id='word_1_172' title='bbox 388 2735 456 2801; x_wconf 88' lang='lat' dir='ltr'>qnae</span> <span class='ocrx_word' id='word_1_173' title='bbox 477 2719 660 2794; x_wconf 79' lang='lat' dir='ltr'>exciderunt,</span> <span class='ocrx_word' id='word_1_174' title='bbox 683 2719 744 2786; x_wconf 83' lang='lat' dir='ltr'>sio:</span> <span class='ocrx_word' id='word_1_175' title='bbox 774 2717 834 2804; x_wconf 74' lang='lat' dir='ltr'>[aa]</span> <span class='ocrx_word' id='word_1_176' title='bbox 857 2718 903 2783; x_wconf 89' lang='lat' dir='ltr'>ad</span> <span class='ocrx_word' id='word_1_177' title='bbox 924 2717 1133 2783; x_wconf 85' lang='lat' dir='ltr'>iuvenilem</span> <span class='ocrx_word' id='word_1_178' title='bbox 1155 2717 1250 2783; x_wconf 91' lang='lat' dir='ltr'>libi·</span> 
     </span>
     <span class='ocr_line' id='line_1_24' title="bbox 185 2820 1250 2911; baseline 0.002 -24"><span class='ocrx_word' id='word_1_179' title='bbox 185 2823 313 2890; x_wconf 86' lang='lat' dir='ltr'>dinem</span> <span class='ocrx_word' id='word_1_180' title='bbox 337 2824 445 2908; x_wconf 84' lang='lat' dir='ltr'>eopia</span> <span class='ocrx_word' id='word_1_181' title='bbox 476 2825 720 2909; x_wconf 81' lang='lat' dir='ltr'>voluptatum</span> <span class='ocrx_word' id='word_1_182' title='bbox 754 2820 958 2911; x_wconf 56' lang='lat' dir='ltr'>[aeaeaeitb</span> <span class='ocrx_word' id='word_1_183' title='bbox 995 2822 1133 2908; x_wconf 81' lang='lat' dir='ltr'>gliscit</span> <span class='ocrx_word' id='word_1_184' title='bbox 1164 2824 1250 2899; x_wconf 86' lang='lat' dir='ltr'>illa,</span> 
     </span>
     <span class='ocr_line' id='line_1_25' title="bbox 184 2929 462 3014; baseline 0.022 -23"><span class='ocrx_word' id='word_1_185' title='bbox 184 2929 227 2992; x_wconf 83' lang='lat' dir='ltr'>nb</span> <span class='ocrx_word' id='word_1_186' title='bbox 246 2929 351 3014; x_wconf 84' lang='lat' dir='ltr'>ignis</span> <span class='ocrx_word' id='word_1_187' title='bbox 372 2931 462 2997; x_wconf 91' lang='lat' dir='ltr'>oleo.</span> 
     </span>
    </p>

    <p class='ocr_par' dir='ltr' id='par_1_7' title="bbox 184 3035 1251 3437">
     <span class='ocr_line' id='line_1_26' title="bbox 284 3035 1251 3122; baseline 0 -22"><span class='ocrx_word' id='word_1_188' title='bbox 284 3035 321 3100; x_wconf 94' lang='lat' dir='ltr'>In</span> <span class='ocrx_word' id='word_1_189' title='bbox 349 3035 421 3104; x_wconf 88' lang='lat' dir='ltr'>libri</span> <span class='ocrx_word' id='word_1_190' title='bbox 443 3039 544 3122; x_wconf 84' lang='lat' dir='ltr'>quarti</span> <span class='ocrx_word' id='word_1_191' title='bbox 565 3039 603 3104; x_wconf 88' lang='lat' dir='ltr'>de</span> <span class='ocrx_word' id='word_1_192' title='bbox 624 3057 687 3122; x_wconf 88' lang='lat' dir='ltr'>rep.</span> <span class='ocrx_word' id='word_1_193' title='bbox 709 3037 746 3103; x_wconf 87' lang='lat' dir='ltr'>fr.</span> <span class='ocrx_word' id='word_1_194' title='bbox 770 3057 786 3104; x_wconf 91' lang='lat' dir='ltr'>e</span> <span class='ocrx_word' id='word_1_195' title='bbox 807 3037 908 3104; x_wconf 85' lang='lat' dir='ltr'>Nonio</span> <span class='ocrx_word' id='word_1_196' title='bbox 929 3056 959 3104; x_wconf 86' lang='lat' dir='ltr'>v.</span> <span class='ocrx_word' id='word_1_197' title='bbox 989 3053 1130 3120; x_wconf 85' lang='lat' dir='ltr'>auguro</span> <span class='ocrx_word' id='word_1_198' title='bbox 1153 3035 1251 3120; x_wconf 82' lang='lat' dir='ltr'>(Kay-</span> 
     </span>
     <span class='ocr_line' id='line_1_27' title="bbox 184 3143 1250 3229; baseline 0 -21"><span class='ocrx_word' id='word_1_199' title='bbox 184 3143 247 3208; x_wconf 86' lang='lat' dir='ltr'>aeri</span> <span class='ocrx_word' id='word_1_200' title='bbox 268 3144 299 3209; x_wconf 84' lang='lat' dir='ltr'>et</span> <span class='ocrx_word' id='word_1_201' title='bbox 322 3143 403 3210; x_wconf 82' lang='lat' dir='ltr'>Bait.</span> <span class='ocrx_word' id='word_1_202' title='bbox 426 3144 485 3210; x_wconf 84' lang='lat' dir='ltr'>vol.</span> <span class='ocrx_word' id='word_1_203' title='bbox 508 3143 585 3229; x_wconf 86' lang='lat' dir='ltr'>VIII</span> <span class='ocrx_word' id='word_1_204' title='bbox 604 3165 635 3228; x_wconf 91' lang='lat' dir='ltr'>p.</span> <span class='ocrx_word' id='word_1_205' title='bbox 659 3143 734 3224; x_wconf 77' lang='lat'>227)</span> <span class='ocrx_word' id='word_1_206' title='bbox 757 3143 851 3209; x_wconf 88' lang='lat' dir='ltr'>soribi</span> <span class='ocrx_word' id='word_1_207' title='bbox 872 3143 981 3210; x_wconf 82' lang='lat' dir='ltr'>debet:</span> <span class='ocrx_word' id='word_1_208' title='bbox 1004 3143 1068 3208; x_wconf 89' lang='lat' dir='ltr'>oui</span> <span class='ocrx_word' id='word_1_209' title='bbox 1090 3143 1250 3226; x_wconf 88' lang='lat' dir='ltr'>qnidem</span> 
     </span>
     <span class='ocr_line' id='line_1_28' title="bbox 184 3249 1250 3336; baseline -0.001 -23"><span class='ocrx_word' id='word_1_210' title='bbox 184 3250 333 3316; x_wconf 83' lang='lat' dir='ltr'>utinam</span> <span class='ocrx_word' id='word_1_211' title='bbox 375 3267 481 3328; x_wconf 86' lang='lat' dir='ltr'>vare,</span> <span class='ocrx_word' id='word_1_212' title='bbox 524 3249 709 3316; x_wconf 80' lang='lat' dir='ltr'>fideliter</span> <span class='ocrx_word' id='word_1_213' title='bbox 752 3251 905 3336; x_wconf 80' lang='lat' dir='ltr'>quidem</span> <span class='ocrx_word' id='word_1_214' title='bbox 948 3257 1050 3311; x_wconf 76' lang='lat' dir='ltr'>carle</span> <span class='ocrx_word' id='word_1_215' title='bbox 1091 3266 1250 3333; x_wconf 83' lang='lat' dir='ltr'>augura-</span> 
     </span>
     <span class='ocr_line' id='line_1_29' title="bbox 184 3345 1175 3437; baseline -0.001 -16"><span class='ocrx_word' id='word_1_216' title='bbox 184 3355 315 3421; x_wconf 79' lang='lat' dir='ltr'>verim.</span> <span class='ocrx_word' id='word_1_217' title='bbox 358 3353 570 3437; x_wconf 77' lang='lat' dir='ltr'>(Fideliler</span> <span class='ocrx_word' id='word_1_218' title='bbox 591 3355 740 3422; x_wconf 85' lang='lat' dir='ltr'>abunde</span> <span class='ocrx_word' id='word_1_219' title='bbox 763 3355 997 3421; x_wconf 83' lang='lat' dir='ltr'>Ciceronianam</span> <span class='ocrx_word' id='word_1_220' title='bbox 1024 3345 1175 3433; x_wconf 85' lang='lat' dir='ltr'>nonest.)</span> 
     </span>
    </p>

    <p class='ocr_par' dir='ltr' id='par_1_8' title="bbox 185 3454 1252 4080">
     <span class='ocr_line' id='line_1_30' title="bbox 285 3454 1251 3543; baseline -0.002 -18"><span class='ocrx_word' id='word_1_221' title='bbox 285 3461 321 3525; x_wconf 93' lang='lat' dir='ltr'>In</span> <span class='ocrx_word' id='word_1_222' title='bbox 342 3454 468 3524; x_wconf 80' lang='lat' dir='ltr'>Aneonii</span> <span class='ocrx_word' id='word_1_223' title='bbox 482 3459 611 3525; x_wconf 86' lang='lat' dir='ltr'>Pediani</span> <span class='ocrx_word' id='word_1_224' title='bbox 633 3454 865 3536; x_wconf 61' lang='lat' dir='ltr'>commentario,</span> <span class='ocrx_word' id='word_1_225' title='bbox 878 3461 909 3525; x_wconf 91' lang='lat' dir='ltr'>in</span> <span class='ocrx_word' id='word_1_226' title='bbox 926 3461 1123 3526; x_wconf 83' lang='lat' dir='ltr'>Pisonianam</span> <span class='ocrx_word' id='word_1_227' title='bbox 1145 3479 1175 3543; x_wconf 91' lang='lat' dir='ltr'>p.</span> <span class='ocrx_word' id='word_1_228' title='bbox 1191 3459 1251 3523; x_wconf 79' lang='lat'>126</span> 
     </span>
     <span class='ocr_line' id='line_1_31' title="bbox 185 3557 1252 3652; baseline -0.001 -19"><span class='ocrx_word' id='word_1_229' title='bbox 185 3567 258 3634; x_wconf 80' lang='lat' dir='ltr'>Hel.</span> <span class='ocrx_word' id='word_1_230' title='bbox 278 3565 473 3632; x_wconf 84' lang='lat' dir='ltr'>scribendum</span> <span class='ocrx_word' id='word_1_231' title='bbox 496 3568 560 3632; x_wconf 83' lang='lat' dir='ltr'>est:</span> <span class='ocrx_word' id='word_1_232' title='bbox 594 3569 660 3652; x_wconf 91' lang='lat' dir='ltr'>qni</span> <span class='ocrx_word' id='word_1_233' title='bbox 690 3557 766 3634; x_wconf 79' lang='lat' dir='ltr'>inid</span> <span class='ocrx_word' id='word_1_234' title='bbox 786 3570 898 3652; x_wconf 85' lang='lat' dir='ltr'>pater</span> <span class='ocrx_word' id='word_1_235' title='bbox 919 3565 1119 3633; x_wconf 74' lang='lat' dir='ltr'>naturalis</span> <span class='ocrx_word' id='word_1_236' title='bbox 1141 3563 1252 3632; x_wconf 86' lang='lat' dir='ltr'>Afri-</span> 
     </span>
     <span class='ocr_line' id='line_1_32' title="bbox 186 3672 1252 3758; baseline -0.006 -18"><span class='ocrx_word' id='word_1_237' title='bbox 186 3675 273 3740; x_wconf 84' lang='lat' dir='ltr'>eani</span> <span class='ocrx_word' id='word_1_238' title='bbox 304 3673 535 3757; x_wconf 72' lang='lat' dir='ltr'>posterioris</span> <span class='ocrx_word' id='word_1_239' title='bbox 580 3675 623 3742; x_wconf 84' lang='lat' dir='ltr'>de</span> <span class='ocrx_word' id='word_1_240' title='bbox 655 3674 962 3758; x_wconf 75' lang='lat' dir='ltr'>Macedoniaque</span> <span class='ocrx_word' id='word_1_241' title='bbox 1002 3672 1181 3738; x_wconf 74' lang='lat' dir='ltr'>ultimum</span> <span class='ocrx_word' id='word_1_242' title='bbox 1219 3682 1252 3736; x_wconf 82' lang='lat' dir='ltr'>ea</span> 
     </span>
     <span class='ocr_line' id='line_1_33' title="bbox 186 3770 1248 3865; baseline 0 -20"><span class='ocrx_word' id='word_1_243' title='bbox 186 3770 301 3845; x_wconf 79' lang='lat' dir='ltr'>Perae</span> <span class='ocrx_word' id='word_1_244' title='bbox 332 3799 421 3865; x_wconf 88' lang='lat' dir='ltr'>rege</span> <span class='ocrx_word' id='word_1_245' title='bbox 442 3781 712 3864; x_wconf 78' lang='lat' dir='ltr'>triumphavit.</span> <span class='ocrx_word' id='word_1_246' title='bbox 756 3783 793 3846; x_wconf 92' lang='lat' dir='ltr'>ln</span> <span class='ocrx_word' id='word_1_247' title='bbox 815 3779 992 3844; x_wconf 90' lang='lat' dir='ltr'>Milonianae</span> <span class='ocrx_word' id='word_1_248' title='bbox 1014 3781 1196 3863; x_wconf 77' lang='lat' dir='ltr'>argumento</span> <span class='ocrx_word' id='word_1_249' title='bbox 1217 3798 1248 3860; x_wconf 88' lang='lat' dir='ltr'>p.</span> 
     </span>
     <span class='ocr_line' id='line_1_34' title="bbox 188 3884 1250 3971; baseline 0.001 -21"><span class='ocrx_word' id='word_1_250' title='bbox 188 3889 263 3954; x_wconf 85' lang='lat'>141:</span> <span class='ocrx_word' id='word_1_251' title='bbox 301 3885 437 3954; x_wconf 89' lang='lat' dir='ltr'>duodo</span> <span class='ocrx_word' id='word_1_252' title='bbox 468 3887 578 3971; x_wconf 85' lang='lat' dir='ltr'>plebe</span> <span class='ocrx_word' id='word_1_253' title='bbox 610 3887 694 3952; x_wconf 81' lang='lat' dir='ltr'>ooli</span> <span class='ocrx_word' id='word_1_254' title='bbox 712 3886 886 3952; x_wconf 90' lang='lat' dir='ltr'>homines</span> <span class='ocrx_word' id='word_1_255' title='bbox 909 3893 982 3964; x_wconf 92' lang='lat' dir='ltr'>(non</span> <span class='ocrx_word' id='word_1_256' title='bbox 1004 3884 1107 3961; x_wconf 86' lang='lat' dir='ltr'>novi;</span> <span class='ocrx_word' id='word_1_257' title='bbox 1145 3884 1197 3950; x_wconf 86' lang='lat' dir='ltr'>ofr.</span> <span class='ocrx_word' id='word_1_258' title='bbox 1219 3903 1250 3966; x_wconf 86' lang='lat' dir='ltr'>p.</span> 
     </span>
     <span class='ocr_line' id='line_1_35' title="bbox 189 3989 1252 4080; baseline -0.007 -22"><span class='ocrx_word' id='word_1_259' title='bbox 189 3995 249 4060; x_wconf 81' lang='lat'>145</span> <span class='ocrx_word' id='word_1_260' title='bbox 272 3997 374 4074; x_wconf 72' lang='lat' dir='ltr'>exin),</span> <span class='ocrx_word' id='word_1_261' title='bbox 396 3994 428 4058; x_wconf 94' lang='lat' dir='ltr'>in</span> <span class='ocrx_word' id='word_1_262' title='bbox 450 3993 643 4060; x_wconf 70' lang='lat' dir='ltr'>enarratione</span> <span class='ocrx_word' id='word_1_263' title='bbox 664 4013 695 4080; x_wconf 81' lang='lat' dir='ltr'>p.</span> <span class='ocrx_word' id='word_1_264' title='bbox 721 3989 796 4058; x_wconf 81' lang='lat'>151:</span> <span class='ocrx_word' id='word_1_265' title='bbox 829 3991 927 4078; x_wconf 89' lang='lat' dir='ltr'>qnod</span> <span class='ocrx_word' id='word_1_266' title='bbox 959 4009 1031 4056; x_wconf 93' lang='lat' dir='ltr'>non</span> <span class='ocrx_word' id='word_1_267' title='bbox 1064 3990 1152 4076; x_wconf 75' lang='lat' dir='ltr'>fere</span> <span class='ocrx_word' id='word_1_268' title='bbox 1176 4000 1252 4052; x_wconf 72' lang='lat' dir='ltr'>rra-</span> 
     </span>
    </p>
   </div>
   <div class='ocr_carea' id='block_1_7' title="bbox 0 0 1523 4634">
    <p class='ocr_par' dir='ltr' id='par_1_9' title="bbox 0 0 1523 4634">
     <span class='ocr_line' id='line_1_36' title="bbox 0 0 1523 4634; baseline 0 0"><span class='ocrx_word' id='word_1_269' title='bbox 0 0 1523 4634; x_wconf 95' lang='lat' dir='ltr'> </span> 
     </span>
    </p>
   </div>
  </div>
 </body>
</html>
