3018 4634
624 235 737 294 Cauris
753 235 784 291 Β.
804 233 875 292 ons
1180 236 1241 300 247

212 435 318 520 primo
338 437 427 520 perte
450 434 522 501 libri
542 434 654 518 primi,
683 435 739 502 sed
759 435 859 528 ¹etiarn
882 435 958 501 alibi
977 435 1143 518 interdurn,
1176 443 1284 524 singu·

211 543 291 609 luris
313 542 454 626 quaedem
485 541 600 609 veteris
631 541 791 626 scripture
823 541 863 608 ob
896 541 1009 608 codicis
1032 545 1189 631 archetypi
1211 565 1284 612 cou-

214 647 372 716 diciouern
394 647 568 718 obscuratio
588 649 620 713 et
640 648 826 732 deprendo,
849 647 881 714 iu
905 647 1074 716 notissimis
1086 669 1204 735 quoqne
1225 672 1282 719 no-

213 753 352 820 ·minibue
386 755 417 820 ot
453 753 571 829 verbis,
611 755 644 820 ct
674 753 786 824 deiude
817 754 1014 837 interpolatio
1046 757 1168 826 tuntum
1196 758 1283 826 Luti-

214 878 328 925 uorum
371 861 590 927 vocabulorum
633 861 763 926 formem
805 859 871 928 sine
906 862 971 928 ullu
1008 864 1168 930 sententie
1211 883 1283 948 spe·

210 966 264 1033 ¹cie
296 968 417 1032 sectans
451 967 501 1042 (ut
534 984 560 1032 o.
593 965 627 1033 3:
662 967 880 1051 completur
909 963 1000 1034 n'rbs
1021 968 1059 1033 et
1081 969 1141 1036 ins
1163 968 1283 1035 corni-

216 1072 313 1139 tium
346 1074 390 1138 tr.
417 1073 466 1156 pl.
490 1073 665 1142 centurie
689 1075 840 1151 eroont3
878 1074 932 1140 etr.
955 1071 986 1138 ll
1008 1091 1035 1138 e.
1058 1073 1122 1154 29).
1171 1075 1282 1160 ltaque

209 1178 400 1246 coniecturae
431 1179 464 1244 iu
496 1179 569 1245 belli
595 1180 694 1248 civilis
726 1177 813 1246 libris
833 1180 1024 1265 frequentior
1043 1179 1211 1246 necaeeitcs
1234 1183 1283 1247 est

207 1284 342 1371 eiusque
374 1303 433 1350 non
466 1286 647 1366 lenissime,
680 1282 801 1363 indicio,
836 1287 947 1370 quibus
977 1286 1093 1364 nour,
1125 1285 1281 1353 interdum

208 1391 337 1458 *incerta
358 1393 431 1458 eunt
453 1395 508 1458 unt
531 1390 627 1458 nullu.
665 1392 727 1458 Sed
748 1393 855 1459 buren
876 1391 908 1458 iu
930 1391 1005 1458 belli
1026 1409 1146 1476 quoqne
1169 1391 1282 1458 Gallici

216 1497 313 1578 libris,
352 1517 482 1582 quorum
503 1499 593 1584 longo
613 1499 733 1566 fecilior
753 1502 785 1564 et
803 1498 909 1565 loerior
937 1497 1033 1564 currit
1065 1498 1173 1574 cretio,
1204 1499 1283 1564 insi·
1399 1512 1402 1519 ·

209 1601 292 1669 «dont
313 1603 426 1670 monde
447 1605 565 1689 aliquot
585 1605 697 1671 nostrie
719 1604 874 1672 codicibus
890 1603 1072 1688 anteriore.
1082 1604 1107 1683 1)
1130 1605 1281 1688 Incipiam

210 1711 323 1776 :eutem
346 1729 365 1776 e
385 1711 452 1778 loco
474 1712 507 1777 et
528 1711 567 1777 nb
588 1711 658 1777 eliis
679 1711 812 1778 tractato
834 1712 868 1777 et
888 1729 907 1778 c
927 1729 977 1778 me
997 1712 1065 1794 ipso
1089 1712 1189 1780 untes

316 1849 394 1918 Bell.
418 1849 499 1920 eall.
522 1851 620 1931 1,·1⁷,
651 1849 705 1916 ubi
725 1851 757 1916 in
779 1851 862 1918 Lisci
876 1849 1023 1918 'oratione
1049 1850 1093 1916 sio
1114 1851 1146 1916 in
1168 1849 1281 1916 codici-

209 1956 273 2022 bus
294 1956 454 2023 scribitur:
498 1957 576 2024 Hos
613 1951 805 2024 seditiose
839 1960 954 2042 etque
985 1956 1158 2041 improba
1196 1974 1282 2022 orn·

205 2059 319 2128 ‘tione
362 2061 663 2129 multitudinem
708 2063 923 2143 deterrere,
965 2082 1011 2128 ne
1046 2061 1280 2128 frumentum

209 2167 435 2248 conferent,
472 2169 569 2252 qnod
589 2169 779 2252 prestere
801 2168 982 2247 debeant,
1013 2168 1047 2234 si
1067 2167 1144 2236 iem
1166 2169 1280 2253 priu-

207 2274 382 2358 ¹cipetum
406 2273 543 2340 Galliae
565 2272 739 2338 obtinere
761 2293 834 2340 non
869 2276 1042 2359 possint,
1079 2273 1280 2341 Gallorum

206 2397 324 2462 «qnam
346 2377 603 2446 Romanorum
624 2381 789 2463 imperia
808 2381 1143 2464 perferre,·'ncqne
1166 2379 1283 2446 dubi·

216 2487 298 2552 ture
331 2485 514 2562 debeant,
551 2485 659 2570 quin,
703 2485 734 2551 si
775 2487 980 2554 Heluetios
1013 2487 1282 2570 superaverint

215 2590 396 2672 Romani,
428 2609 501 2656 unc
532 2611 620 2656 cum
654 2593 803 2678 reliqua
827 2593 955 2660 (inllic
978 2591 1132 2658 Haeduis
1157 2592 1282 2658 liber·

206 2697 338 2762 tetcm
361 2696 441 2763 siut
462 2697 654 2782 erepturi,
686 2699 832 2765 mendum
855 2717 922 2766 esse
945 2697 1141 2773 consentitur,
1164 2697 1220 2762 sed
1242 2697 1280 2762 de

208 2803 320 2882 mendi
343 2803 415 2869 sede
438 2803 629 2876 dissentitur,
670 2803 730 2869 Vin
750 2803 846 2890 igitur
864 2805 903 2891 ‘ct
923 2803 1040 2870 ratione
1062 2819 1130 2868 cern
1152 2803 1282 2886 indege-

216 2926 296 2974 mns.
339 2907 480 2974 Primum
512 2911 634 2976 constet
665 2911 698 2976 in
730 2909 812 2978 illis:
866 2911 1064 2979 Gallorum
1098 2925 1219 2992 quoru¹
1241 2909 1280 2975 R.

207 3013 381 3098 imperia
401 3018 578 3110 perferre
592 3015 714 3104 'requiri
735 3016 875 3097 verbum,
908 3017 941 3082 in
963 3035 1022 3102 quo
1045 3016 1279 3099 comparationis

217 3241 416 3252 --———n—--

231 3406 258 3475 o)
288 3407 378 3463 Unum
395 3407 424 3462 et
441 3405 557 3462 ultorum
576 3403 704 3462 mondum
720 3377 830 3477 prorsus
849 3409 923 3477 certo
940 3405 1045 3462 ratione
1062 3424 1079 3463 s
1096 3405 1280 3480 superioribus

287 3501 409 3558 notum
454 3501 483 3554 et
517 3499 656 3556 subletum
699 3499 771 3569 epod
806 3498 1001 3570 Nipperdeiuur
1044 3503 1072 3556 ct
1109 3499 1282 3554 Dncbnerurn

286 3592 399 3650 tueitunr
429 3591 600 3662 ‚preteritae
637 3595 670 3648 ut
702 3593 735 3648 B.
768 3591 802 3648 G.
836 3591 875 3656 V,
911 3595 941 3648 l:
980 3589 1019 3644 nd
1059 3590 1282 3645 celeritatem

271 3674 453 3741 ‘onerandi
481 3683 814 3754 subductionesque,
842 3683 891 3739 ubi
918 3684 990 3738 recte
1018 3681 1174 3737 Oieceonins
1201 3681 1283 3735 snb-

288 3775 546 3846 dnctionisquc3
579 3763 643 3832 nem
668 3777 698 3832 in
715 3779 830 3848 utroque
846 3774 969 3832 coloritus
988 3773 1158 3854 querebatur
1175 3776 1203 3828 et
1220 3774 1282 3846 plu·

287 3869 353 3924 rulis
377 3857 485 3938 ineptus
511 3869 561 3936 est,
590 3871 618 3924 ct
635 3867 687 3934 VI,
712 3872 744 3934 1,
772 3869 820 3924 nbi
846 3867 985 3922 Rubenius
1012 3867 1041 3918 et
1068 3865 1282 3935 Iungermcnnne

280 3960 409 4018 consul
427 3961 459 4015 is
470 3961 690 4032 proconsulis,
701 3961 773 4032 quod
785 3963 823 4017 sio
835 3959 944 4024 dieitur,
959 3958 1036 4028 quusi
1050 3957 1143 4012 consul
1154 3957 1223 4012 elius
1236 3959 1282 4023 sit,

281 4067 340 4108 uon
359 4053 418 4124 ipse
435 4052 589 4122 Pompeius.
