<?xml version="1.0" encoding="UTF-8"?>
<!DOCTYPE html PUBLIC "-//W3C//DTD XHTML 1.0 Transitional//EN"
    "http://www.w3.org/TR/xhtml1/DTD/xhtml1-transitional.dtd">
<html xmlns="http://www.w3.org/1999/xhtml" xml:lang="en" lang="en">
 <head>
  <title>
</title>
<meta http-equiv="Content-Type" content="text/html;charset=utf-8" />
  <meta name='ocr-system' content='tesseract 3.04.00' />
  <meta name='ocr-capabilities' content='ocr_page ocr_carea ocr_par ocr_line ocrx_word'/>
</head>
<body>
  <div class='ocr_page' id='page_1' title='image "./adversariacriti03madvgoog/adversariacriti03madvgoog_0528.png"; bbox 0 0 2884 4672; ppageno 0'>
   <div class='ocr_carea' id='block_1_1' title="bbox 513 275 1159 356">
    <p class='ocr_par' dir='ltr' id='par_1_1' title="bbox 513 275 1159 356">
     <span class='ocr_line' id='line_1_1' title="bbox 513 275 1159 356; baseline 0.014 -14"><span class='ocrx_word' id='word_1_1' title='bbox 513 287 543 342; x_wconf 82' lang='lat' dir='ltr'><strong>n.</strong></span> <span class='ocrx_word' id='word_1_2' title='bbox 564 287 669 342; x_wconf 69' lang='lat' dir='ltr'><strong>senece</strong></span> <span class='ocrx_word' id='word_1_3' title='bbox 688 285 825 356; x_wconf 68' lang='lat' dir='ltr'><strong>sperare.</strong></span> <span class='ocrx_word' id='word_1_4' title='bbox 1098 275 1159 350; x_wconf 79' lang='lat'><strong>517</strong></span> 
     </span>
    </p>
   </div>
   <div class='ocr_carea' id='block_1_2' title="bbox 134 481 1204 1732">
    <p class='ocr_par' dir='ltr' id='par_1_2' title="bbox 134 481 1204 1732">
     <span class='ocr_line' id='line_1_2' title="bbox 137 481 1204 572; baseline 0.002 -20"><span class='ocrx_word' id='word_1_5' title='bbox 137 487 308 552; x_wconf 88' lang='lat' dir='ltr'><strong>detrahe</strong></span> <span class='ocrx_word' id='word_1_6' title='bbox 339 488 404 552; x_wconf 93' lang='lat' dir='ltr'><strong>illi</strong></span> <span class='ocrx_word' id='word_1_7' title='bbox 436 486 511 550; x_wconf 87' lang='lat' dir='ltr'><strong>vim</strong></span> <span class='ocrx_word' id='word_1_8' title='bbox 545 484 759 567; x_wconf 82' lang='lat' dir='ltr'><strong>propriam,</strong></span> <span class='ocrx_word' id='word_1_9' title='bbox 794 489 831 550; x_wconf 88' lang='lat' dir='ltr'><strong>et</strong></span> <span class='ocrx_word' id='word_1_10' title='bbox 863 485 935 550; x_wconf 91' lang='lat' dir='ltr'><strong>ille</strong></span> <span class='ocrx_word' id='word_1_11' title='bbox 966 481 1066 552; x_wconf 89' lang='lat' dir='ltr'><strong>nihil</strong></span> <span class='ocrx_word' id='word_1_12' title='bbox 1106 489 1204 572; x_wconf 86' lang='lat' dir='ltr'><strong>agit)</strong></span> 
     </span>
     <span class='ocr_line' id='line_1_3' title="bbox 138 590 1202 671; baseline 0.001 -13"><span class='ocrx_word' id='word_1_13' title='bbox 138 595 171 658; x_wconf 87' lang='lat' dir='ltr'><strong>et</strong></span> <span class='ocrx_word' id='word_1_14' title='bbox 194 593 264 671; x_wconf 81' lang='lat'><strong>117,</strong></span> <span class='ocrx_word' id='word_1_15' title='bbox 286 593 305 655; x_wconf 88' lang='lat'>8</span> <span class='ocrx_word' id='word_1_16' title='bbox 333 593 413 670; x_wconf 86' lang='lat' dir='ltr'><strong>(hoc</strong></span> <span class='ocrx_word' id='word_1_17' title='bbox 434 595 477 656; x_wconf 90' lang='lat' dir='ltr'><strong>ut</strong></span> <span class='ocrx_word' id='word_1_18' title='bbox 498 591 619 665; x_wconf 87' lang='lat' dir='ltr'><strong>scias,</strong></span> <span class='ocrx_word' id='word_1_19' title='bbox 652 590 835 656; x_wconf 87' lang='lat' dir='ltr'><strong>neutrum</strong></span> <span class='ocrx_word' id='word_1_20' title='bbox 859 609 941 656; x_wconf 87' lang='lat' dir='ltr'><strong>esse</strong></span> <span class='ocrx_word' id='word_1_21' title='bbox 967 593 1053 660; x_wconf 89' lang='lat' dir='ltr'><strong>sine</strong></span> <span class='ocrx_word' id='word_1_22' title='bbox 1075 593 1202 658; x_wconf 88' lang='lat' dir='ltr'><strong>altero</strong></span> 
     </span>
     <span class='ocr_line' id='line_1_4' title="bbox 134 695 1202 782; baseline 0.007 -18"><span class='ocrx_word' id='word_1_23' title='bbox 134 701 282 780; x_wconf 89' lang='lat' dir='ltr'><strong>potest;</strong></span> <span class='ocrx_word' id='word_1_24' title='bbox 313 697 374 781; x_wconf 91' lang='lat' dir='ltr'><strong>qui</strong></span> <span class='ocrx_word' id='word_1_25' title='bbox 402 695 524 779; x_wconf 85' lang='lat' dir='ltr'><strong>sapit,</strong></span> <span class='ocrx_word' id='word_1_26' title='bbox 558 695 711 776; x_wconf 89' lang='lat' dir='ltr'><strong>sapiens</strong></span> <span class='ocrx_word' id='word_1_27' title='bbox 741 699 818 770; x_wconf 90' lang='lat' dir='ltr'><strong>est,</strong></span> <span class='ocrx_word' id='word_1_28' title='bbox 854 697 917 778; x_wconf 92' lang='lat' dir='ltr'><strong>qni</strong></span> <span class='ocrx_word' id='word_1_29' title='bbox 947 700 1104 782; x_wconf 88' lang='lat' dir='ltr'><strong>sapiens</strong></span> <span class='ocrx_word' id='word_1_30' title='bbox 1127 702 1202 771; x_wconf 68' lang='lat' dir='ltr'><strong>cst,</strong></span> 
     </span>
     <span class='ocr_line' id='line_1_5' title="bbox 136 800 1202 888; baseline 0.001 -18"><span class='ocrx_word' id='word_1_31' title='bbox 136 805 258 888; x_wconf 88' lang='lat' dir='ltr'><strong>sapit,</strong></span> <span class='ocrx_word' id='word_1_32' title='bbox 293 805 385 882; x_wconf 66' lang='lat' dir='ltr'><strong>cet),</strong></span> <span class='ocrx_word' id='word_1_33' title='bbox 419 805 455 866; x_wconf 88' lang='lat' dir='ltr'><strong>ut</strong></span> <span class='ocrx_word' id='word_1_34' title='bbox 486 801 628 865; x_wconf 89' lang='lat' dir='ltr'><strong>omnibus</strong></span> <span class='ocrx_word' id='word_1_35' title='bbox 664 800 763 865; x_wconf 90' lang='lat' dir='ltr'><strong>tribus</strong></span> <span class='ocrx_word' id='word_1_36' title='bbox 792 801 899 866; x_wconf 87' lang='lat' dir='ltr'><strong>eodem</strong></span> <span class='ocrx_word' id='word_1_37' title='bbox 930 805 1020 869; x_wconf 89' lang='lat' dir='ltr'><strong>modo</strong></span> <span class='ocrx_word' id='word_1_38' title='bbox 1053 807 1202 888; x_wconf 90' lang='lat' dir='ltr'><strong>scriptum</strong></span> 
     </span>
     <span class='ocr_line' id='line_1_6' title="bbox 134 906 1203 993; baseline 0.001 -17"><span class='ocrx_word' id='word_1_39' title='bbox 134 913 232 976; x_wconf 88' lang='lat' dir='ltr'><strong>fnisse</strong></span> <span class='ocrx_word' id='word_1_40' title='bbox 251 913 373 993; x_wconf 88' lang='lat' dir='ltr'><strong>putem:</strong></span> <span class='ocrx_word' id='word_1_41' title='bbox 408 909 476 972; x_wconf 91' lang='lat' dir='ltr'><strong>hoc</strong></span> <span class='ocrx_word' id='word_1_42' title='bbox 508 908 550 971; x_wconf 89' lang='lat' dir='ltr'><strong>nt</strong></span> <span class='ocrx_word' id='word_1_43' title='bbox 582 906 706 990; x_wconf 89' lang='lat' dir='ltr'><strong>scias,</strong></span> <span class='ocrx_word' id='word_1_44' title='bbox 743 906 800 971; x_wconf 91' lang='lat' dir='ltr'><strong>hoc</strong></span> <span class='ocrx_word' id='word_1_45' title='bbox 826 909 929 973; x_wconf 89' lang='lat' dir='ltr'><strong>autem</strong></span> <span class='ocrx_word' id='word_1_46' title='bbox 954 909 1018 975; x_wconf 92' lang='lat' dir='ltr'><strong>loco</strong></span> <span class='ocrx_word' id='word_1_47' title='bbox 1041 912 1100 976; x_wconf 91' lang='lat' dir='ltr'><strong>sic:</strong></span> <span class='ocrx_word' id='word_1_48' title='bbox 1131 932 1203 977; x_wconf 91' lang='lat' dir='ltr'><strong>non</strong></span> 
     </span>
     <span class='ocr_line' id='line_1_7' title="bbox 135 1011 1200 1100; baseline 0 -18"><span class='ocrx_word' id='word_1_49' title='bbox 135 1013 396 1100; x_wconf 78' lang='lat' dir='ltr'><strong>magis&#39;quarn</strong></span> <span class='ocrx_word' id='word_1_50' title='bbox 425 1014 463 1076; x_wconf 90' lang='lat' dir='ltr'><strong>in</strong></span> <span class='ocrx_word' id='word_1_51' title='bbox 496 1011 658 1078; x_wconf 87' lang='lat' dir='ltr'><strong>semine.</strong></span> <span class='ocrx_word' id='word_1_52' title='bbox 710 1012 787 1076; x_wconf 91' lang='lat' dir='ltr'><strong>Hoc</strong></span> <span class='ocrx_word' id='word_1_53' title='bbox 815 1022 854 1074; x_wconf 80' lang='lat' dir='ltr'><strong>ot</strong></span> <span class='ocrx_word' id='word_1_54' title='bbox 888 1018 1005 1090; x_wconf 78' lang='lat' dir='ltr'><strong>scias,</strong></span> <span class='ocrx_word' id='word_1_55' title='bbox 1038 1017 1200 1100; x_wconf 84' lang='lat' dir='ltr'>aliquod</span> 
     </span>
     <span class='ocr_line' id='line_1_8' title="bbox 136 1111 1201 1196; baseline 0 -10"><span class='ocrx_word' id='word_1_56' title='bbox 136 1122 289 1188; x_wconf 88' lang='lat' dir='ltr'><strong>arboris</strong></span> <span class='ocrx_word' id='word_1_57' title='bbox 312 1139 363 1186; x_wconf 85' lang='lat' dir='ltr'><strong>ac</strong></span> <span class='ocrx_word' id='word_1_58' title='bbox 386 1117 462 1184; x_wconf 90' lang='lat' dir='ltr'><strong>sati</strong></span> <span class='ocrx_word' id='word_1_59' title='bbox 494 1119 632 1183; x_wconf 87' lang='lat' dir='ltr'><strong>bonum</strong></span> <span class='ocrx_word' id='word_1_60' title='bbox 655 1117 854 1196; x_wconf 89' lang='lat' dir='ltr'><strong>novimns;</strong></span> <span class='ocrx_word' id='word_1_61' title='bbox 893 1123 961 1185; x_wconf 91' lang='lat' dir='ltr'><strong>hoc</strong></span> <span class='ocrx_word' id='word_1_62' title='bbox 982 1111 1053 1186; x_wconf 82' lang='lat' dir='ltr'><strong>rr&#39;on</strong></span> <span class='ocrx_word' id='word_1_63' title='bbox 1079 1124 1201 1186; x_wconf 90' lang='lat' dir='ltr'><strong>estin</strong></span> 
     </span>
     <span class='ocr_line' id='line_1_9' title="bbox 135 1222 1202 1312; baseline -0.002 -18"><span class='ocrx_word' id='word_1_64' title='bbox 135 1229 255 1312; x_wconf 89' lang='lat' dir='ltr'><strong>prima</strong></span> <span class='ocrx_word' id='word_1_65' title='bbox 285 1224 424 1291; x_wconf 88' lang='lat' dir='ltr'><strong>fronde</strong></span> <span class='ocrx_word' id='word_1_66' title='bbox 453 1226 511 1290; x_wconf 89' lang='lat' dir='ltr'><strong>cet.</strong></span> <span class='ocrx_word' id='word_1_67' title='bbox 560 1223 642 1306; x_wconf 75' lang='lat'><strong>§17</strong></span> <span class='ocrx_word' id='word_1_68' title='bbox 679 1222 797 1288; x_wconf 88' lang='lat' dir='ltr'><strong>editur:</strong></span> <span class='ocrx_word' id='word_1_69' title='bbox 845 1225 1093 1291; x_wconf 88' lang='lat' dir='ltr'><strong>Animalibus</strong></span> <span class='ocrx_word' id='word_1_70' title='bbox 1116 1229 1202 1292; x_wconf 90' lang='lat' dir='ltr'><strong>tan-</strong></span> 
     </span>
     <span class='ocr_line' id='line_1_10' title="bbox 134 1329 1202 1414; baseline 0 -15"><span class='ocrx_word' id='word_1_71' title='bbox 134 1338 231 1408; x_wconf 89' lang='lat' dir='ltr'><strong>tum,</strong></span> <span class='ocrx_word' id='word_1_72' title='bbox 271 1330 370 1414; x_wconf 89' lang='lat' dir='ltr'><strong>qnod</strong></span> <span class='ocrx_word' id='word_1_73' title='bbox 402 1329 677 1394; x_wconf 83' lang='lat' dir='ltr'><strong>brevissimum</strong></span> <span class='ocrx_word' id='word_1_74' title='bbox 712 1330 772 1393; x_wconf 88' lang='lat' dir='ltr'><strong>est</strong></span> <span class='ocrx_word' id='word_1_75' title='bbox 801 1332 959 1412; x_wconf 85' lang='lat' dir='ltr'><strong>(tempus),</strong></span> <span class='ocrx_word' id='word_1_76' title='bbox 995 1331 1033 1397; x_wconf 91' lang='lat' dir='ltr'><strong>in</strong></span> <span class='ocrx_word' id='word_1_77' title='bbox 1065 1336 1202 1400; x_wconf 90' lang='lat' dir='ltr'><strong>trans·</strong></span> 
     </span>
     <span class='ocr_line' id='line_1_11' title="bbox 136 1429 1201 1516; baseline 0.001 -14"><span class='ocrx_word' id='word_1_78' title='bbox 136 1429 626 1516; x_wconf 83' lang='lat' dir='ltr'><strong>cursudatum,praesens.</strong></span> <span class='ocrx_word' id='word_1_79' title='bbox 679 1434 767 1500; x_wconf 89' lang='lat' dir='ltr'><strong>Nihil</strong></span> <span class='ocrx_word' id='word_1_80' title='bbox 798 1436 835 1498; x_wconf 87' lang='lat' dir='ltr'><strong>in</strong></span> <span class='ocrx_word' id='word_1_81' title='bbox 871 1439 1099 1503; x_wconf 84' lang='lat' dir='ltr'><strong>transcursu</strong></span> <span class='ocrx_word' id='word_1_82' title='bbox 1132 1438 1201 1504; x_wconf 85' lang='lat' dir='ltr'><strong>‹la-</strong></span> 
     </span>
     <span class='ocr_line' id='line_1_12' title="bbox 135 1538 1201 1624; baseline 0.001 -16"><span class='ocrx_word' id='word_1_83' title='bbox 135 1549 214 1609; x_wconf 87' lang='lat' dir='ltr'><strong>tnm</strong></span> <span class='ocrx_word' id='word_1_84' title='bbox 245 1545 310 1618; x_wconf 85' lang='lat' dir='ltr'><strong>est,</strong></span> <span class='ocrx_word' id='word_1_85' title='bbox 347 1541 417 1606; x_wconf 86' lang='lat' dir='ltr'><strong>sad:</strong></span> <span class='ocrx_word' id='word_1_86' title='bbox 445 1538 690 1604; x_wconf 81' lang='lat' dir='ltr'><strong>Animalibus</strong></span> <span class='ocrx_word' id='word_1_87' title='bbox 725 1542 889 1616; x_wconf 88' lang='lat' dir='ltr'><strong>tantum,</strong></span> <span class='ocrx_word' id='word_1_88' title='bbox 923 1543 1021 1624; x_wconf 82' lang='lat' dir='ltr'><strong>quod</strong></span> <span class='ocrx_word' id='word_1_89' title='bbox 1054 1544 1201 1611; x_wconf 85' lang='lat' dir='ltr'><strong>brevis·</strong></span> 
     </span>
     <span class='ocr_line' id='line_1_13' title="bbox 135 1644 1199 1732; baseline 0.003 -20"><span class='ocrx_word' id='word_1_90' title='bbox 135 1649 272 1713; x_wconf 87' lang='lat' dir='ltr'><strong>simum</strong></span> <span class='ocrx_word' id='word_1_91' title='bbox 316 1651 374 1712; x_wconf 93' lang='lat' dir='ltr'><strong>est</strong></span> <span class='ocrx_word' id='word_1_92' title='bbox 415 1644 519 1710; x_wconf 80' lang='lat' dir='ltr'><strong>etin</strong></span> <span class='ocrx_word' id='word_1_93' title='bbox 551 1645 978 1726; x_wconf 68' lang='lat' dir='ltr'><strong>transcursn„datnm,</strong></span> <span class='ocrx_word' id='word_1_94' title='bbox 1020 1669 1199 1732; x_wconf 86' lang='lat' dir='ltr'><strong>praescns.</strong></span> 
     </span>
    </p>
   </div>
   <div class='ocr_carea' id='block_1_3' title="bbox 14 1751 1199 1840">
    <p class='ocr_par' dir='ltr' id='par_1_3' title="bbox 14 1751 1199 1840">
     <span class='ocr_line' id='line_1_14' title="bbox 14 1751 1199 1840; baseline 0.005 -26"><span class='ocrx_word' id='word_1_95' title='bbox 14 1791 17 1796; x_wconf 90' lang='lat'>-</span> <span class='ocrx_word' id='word_1_96' title='bbox 134 1753 156 1840; x_wconf 64' lang='grc' dir='ltr'>ξ</span> <span class='ocrx_word' id='word_1_97' title='bbox 178 1753 215 1815; x_wconf 79' lang='lat'><strong>21</strong></span> <span class='ocrx_word' id='word_1_98' title='bbox 239 1752 316 1818; x_wconf 90' lang='lat' dir='ltr'><strong>mire</strong></span> <span class='ocrx_word' id='word_1_99' title='bbox 343 1753 477 1818; x_wconf 88' lang='lat' dir='ltr'><strong>Haasins</strong></span> <span class='ocrx_word' id='word_1_100' title='bbox 505 1751 610 1833; x_wconf 90' lang='lat' dir='ltr'><strong>lapsus</strong></span> <span class='ocrx_word' id='word_1_101' title='bbox 641 1751 698 1826; x_wconf 84' lang='lat' dir='ltr'><strong>est,</strong></span> <span class='ocrx_word' id='word_1_102' title='bbox 727 1752 911 1832; x_wconf 88' lang='lat' dir='ltr'><strong>pravissima</strong></span> <span class='ocrx_word' id='word_1_103' title='bbox 932 1754 1107 1818; x_wconf 90' lang='lat' dir='ltr'><strong>coniectura</strong></span> <span class='ocrx_word' id='word_1_104' title='bbox 1129 1774 1199 1837; x_wconf 89' lang='lat' dir='ltr'><strong>per·</strong></span> 
     </span>
    </p>
   </div>
   <div class='ocr_carea' id='block_1_4' title="bbox 133 1857 1277 4047">
    <p class='ocr_par' dir='ltr' id='par_1_4' title="bbox 133 1857 1277 4047">
     <span class='ocr_line' id='line_1_15' title="bbox 134 1857 1202 1942; baseline 0.002 -18"><span class='ocrx_word' id='word_1_105' title='bbox 134 1863 269 1932; x_wconf 88' lang='lat' dir='ltr'><strong>vertens,</strong></span> <span class='ocrx_word' id='word_1_106' title='bbox 294 1877 361 1942; x_wconf 88' lang='lat' dir='ltr'><strong>qnae</strong></span> <span class='ocrx_word' id='word_1_107' title='bbox 382 1859 466 1922; x_wconf 88' lang='lat' dir='ltr'><strong>recte</strong></span> <span class='ocrx_word' id='word_1_108' title='bbox 491 1857 535 1922; x_wconf 92' lang='lat' dir='ltr'><strong>sic</strong></span> <span class='ocrx_word' id='word_1_109' title='bbox 565 1857 724 1940; x_wconf 81' lang='lat' dir='ltr'><strong>leguntur:</strong></span> <span class='ocrx_word' id='word_1_110' title='bbox 769 1857 846 1936; x_wconf 78' lang='lat' dir='ltr'><strong>Quo</strong></span> <span class='ocrx_word' id='word_1_111' title='bbox 872 1877 969 1924; x_wconf 90' lang='lat' dir='ltr'><strong>nunc</strong></span> <span class='ocrx_word' id='word_1_112' title='bbox 1003 1861 1202 1942; x_wconf 79' lang='lat' dir='ltr'><strong>pertineat</strong></span> 
     </span>
     <span class='ocr_line' id='line_1_16' title="bbox 134 1962 1202 2048; baseline 0.002 -18"><span class='ocrx_word' id='word_1_113' title='bbox 134 1968 211 2031; x_wconf 88' lang='lat' dir='ltr'><strong>ista</strong></span> <span class='ocrx_word' id='word_1_114' title='bbox 226 1965 449 2046; x_wconf 85' lang='lat' dir='ltr'><strong>disputatio,</strong></span> <span class='ocrx_word' id='word_1_115' title='bbox 462 1962 607 2046; x_wconf 87' lang='lat' dir='ltr'><strong>quaeris,</strong></span> <span class='ocrx_word' id='word_1_116' title='bbox 624 1962 762 2046; x_wconf 85' lang='lat' dir='ltr'><strong>etquid</strong></span> <span class='ocrx_word' id='word_1_117' title='bbox 777 1964 901 2030; x_wconf 89' lang='lat' dir='ltr'><strong>animo</strong></span> <span class='ocrx_word' id='word_1_118' title='bbox 917 1968 981 2030; x_wconf 89' lang='lat' dir='ltr'><strong>tuo</strong></span> <span class='ocrx_word' id='word_1_119' title='bbox 997 1967 1202 2048; x_wconf 87' lang='lat' dir='ltr'><strong>profutura</strong></span> 
     </span>
     <span class='ocr_line' id='line_1_17' title="bbox 134 2069 1271 2155; baseline 0 -18"><span class='ocrx_word' id='word_1_120' title='bbox 134 2074 194 2137; x_wconf 89' lang='lat' dir='ltr'><strong>sit.</strong></span> <span class='ocrx_word' id='word_1_121' title='bbox 219 2071 328 2136; x_wconf 87' lang='lat' dir='ltr'><strong>Dico:</strong></span> <span class='ocrx_word' id='word_1_122' title='bbox 351 2073 388 2134; x_wconf 92' lang='lat' dir='ltr'><strong>et</strong></span> <span class='ocrx_word' id='word_1_123' title='bbox 411 2071 564 2134; x_wconf 85' lang='lat' dir='ltr'><strong>exercet</strong></span> <span class='ocrx_word' id='word_1_124' title='bbox 584 2069 693 2134; x_wconf 88' lang='lat' dir='ltr'><strong>illurn</strong></span> <span class='ocrx_word' id='word_1_125' title='bbox 717 2071 756 2134; x_wconf 91' lang='lat' dir='ltr'><strong>et</strong></span> <span class='ocrx_word' id='word_1_126' title='bbox 778 2070 942 2135; x_wconf 89' lang='lat' dir='ltr'><strong>acuitet</strong></span> <span class='ocrx_word' id='word_1_127' title='bbox 967 2073 1103 2155; x_wconf 90' lang='lat' dir='ltr'><strong>utiquc</strong></span> <span class='ocrx_word' id='word_1_128' title='bbox 1128 2073 1201 2137; x_wconf 88' lang='lat' dir='ltr'><strong>ali·</strong></span> <span class='ocrx_word' id='word_1_129' title='bbox 1264 2109 1271 2124; x_wconf 91' lang='lat'><strong>·</strong></span> 
     </span>
     <span class='ocr_line' id='line_1_18' title="bbox 133 2175 1200 2261; baseline 0.001 -19"><span class='ocrx_word' id='word_1_130' title='bbox 133 2177 224 2260; x_wconf 89' lang='lat' dir='ltr'><strong>quid</strong></span> <span class='ocrx_word' id='word_1_131' title='bbox 246 2180 420 2242; x_wconf 88' lang='lat' dir='ltr'><strong>acturum</strong></span> <span class='ocrx_word' id='word_1_132' title='bbox 450 2175 506 2249; x_wconf 87' lang='lat' dir='ltr'><strong>(ita</strong></span> <span class='ocrx_word' id='word_1_133' title='bbox 526 2177 571 2248; x_wconf 89' lang='lat' dir='ltr'><strong>ut,</strong></span> <span class='ocrx_word' id='word_1_134' title='bbox 592 2175 653 2240; x_wconf 88' lang='lat' dir='ltr'><strong>nisi</strong></span> <span class='ocrx_word' id='word_1_135' title='bbox 674 2175 802 2240; x_wconf 76' lang='lat' dir='ltr'><strong>honesta</strong></span> <span class='ocrx_word' id='word_1_136' title='bbox 823 2175 912 2242; x_wconf 85' lang='lat' dir='ltr'><strong>detur</strong></span> <span class='ocrx_word' id='word_1_137' title='bbox 932 2178 1070 2254; x_wconf 87' lang='lat' dir='ltr'><strong>materia,</strong></span> <span class='ocrx_word' id='word_1_138' title='bbox 1105 2197 1200 2261; x_wconf 88' lang='lat' dir='ltr'><strong>prava</strong></span> 
     </span>
     <span class='ocr_line' id='line_1_19' title="bbox 135 2279 1200 2368; baseline 0.002 -20"><span class='ocrx_word' id='word_1_139' title='bbox 135 2283 300 2348; x_wconf 73' lang='lat' dir='ltr'><strong>conaturus</strong></span> <span class='ocrx_word' id='word_1_140' title='bbox 339 2282 392 2359; x_wconf 87' lang='lat' dir='ltr'><strong>sit)</strong></span> <span class='ocrx_word' id='word_1_141' title='bbox 435 2279 685 2360; x_wconf 74' lang='lat' dir='ltr'><strong>occupatione</strong></span> <span class='ocrx_word' id='word_1_142' title='bbox 731 2279 893 2346; x_wconf 91' lang='lat' dir='ltr'><strong>honesta</strong></span> <span class='ocrx_word' id='word_1_143' title='bbox 939 2285 1055 2350; x_wconf 91' lang='lat' dir='ltr'><strong>tenet.</strong></span> <span class='ocrx_word' id='word_1_144' title='bbox 1112 2284 1200 2368; x_wconf 86' lang='lat' dir='ltr'><strong>(Haec</strong></span> 
     </span>
     <span class='ocr_line' id='line_1_20' title="bbox 134 2383 1200 2472; baseline 0.001 -19"><span class='ocrx_word' id='word_1_145' title='bbox 134 2389 235 2471; x_wconf 89' lang='lat' dir='ltr'><strong>prima</strong></span> <span class='ocrx_word' id='word_1_146' title='bbox 257 2390 305 2452; x_wconf 89' lang='lat' dir='ltr'><strong>est</strong></span> <span class='ocrx_word' id='word_1_147' title='bbox 325 2384 469 2467; x_wconf 83' lang='lat' dir='ltr'><strong>utilitas.)</strong></span> <span class='ocrx_word' id='word_1_148' title='bbox 513 2383 573 2448; x_wconf 84' lang='lat' dir='ltr'><strong>Sed</strong></span> <span class='ocrx_word' id='word_1_149' title='bbox 600 2384 705 2467; x_wconf 88' lang='lat' dir='ltr'><strong>lapsus</strong></span> <span class='ocrx_word' id='word_1_150' title='bbox 728 2391 776 2452; x_wconf 88' lang='lat' dir='ltr'><strong>est</strong></span> <span class='ocrx_word' id='word_1_151' title='bbox 797 2387 938 2463; x_wconf 86' lang='lat' dir='ltr'><strong>Haasins,</strong></span> <span class='ocrx_word' id='word_1_152' title='bbox 962 2389 1041 2472; x_wconf 88' lang='lat' dir='ltr'><strong>qnod</strong></span> <span class='ocrx_word' id='word_1_153' title='bbox 1063 2388 1200 2470; x_wconf 86' lang='lat' dir='ltr'><strong>proxima</strong></span> 
     </span>
     <span class='ocr_line' id='line_1_21' title="bbox 135 2489 1200 2576; baseline 0 -17"><span class='ocrx_word' id='word_1_154' title='bbox 135 2495 179 2559; x_wconf 89' lang='lat' dir='ltr'><strong>sie</strong></span> <span class='ocrx_word' id='word_1_155' title='bbox 221 2493 335 2575; x_wconf 85' lang='lat' dir='ltr'><strong>scripta</strong></span> <span class='ocrx_word' id='word_1_156' title='bbox 373 2489 726 2556; x_wconf 72' lang='lat' dir='ltr'><strong>habebatz&#39;Prodest</strong></span> <span class='ocrx_word' id='word_1_157' title='bbox 764 2494 891 2556; x_wconf 88' lang='lat' dir='ltr'><strong>autem</strong></span> <span class='ocrx_word' id='word_1_158' title='bbox 928 2495 1066 2569; x_wconf 84' lang='lat' dir='ltr'><strong>etiam,</strong></span> <span class='ocrx_word' id='word_1_159' title='bbox 1101 2495 1200 2576; x_wconf 86' lang='lat' dir='ltr'><strong>quod</strong></span> 
     </span>
     <span class='ocr_line' id='line_1_22' title="bbox 134 2597 1200 2682; baseline -0.001 -18"><span class='ocrx_word' id='word_1_160' title='bbox 134 2601 309 2664; x_wconf 90' lang='lat' dir='ltr'><strong>moratur</strong></span> <span class='ocrx_word' id='word_1_161' title='bbox 330 2598 374 2662; x_wconf 83' lang='lat' dir='ltr'><strong>ari</strong></span> <span class='ocrx_word' id='word_1_162' title='bbox 395 2615 511 2680; x_wconf 86' lang='lat' dir='ltr'><strong>prava</strong></span> <span class='ocrx_word' id='word_1_163' title='bbox 532 2599 813 2680; x_wconf 82' lang='lat' dir='ltr'><strong>properantem.</strong></span> <span class='ocrx_word' id='word_1_164' title='bbox 848 2598 927 2675; x_wconf 86' lang='lat' dir='ltr'><strong>(Hoc</strong></span> <span class='ocrx_word' id='word_1_165' title='bbox 950 2599 1060 2682; x_wconf 76' lang='lat' dir='ltr'><strong>sapius</strong></span> <span class='ocrx_word' id='word_1_166' title='bbox 1083 2597 1200 2664; x_wconf 85' lang='lat' dir='ltr'><strong>Seneca</strong></span> 
     </span>
     <span class='ocr_line' id='line_1_23' title="bbox 135 2701 1200 2787; baseline -0.001 -17"><span class='ocrx_word' id='word_1_167' title='bbox 135 2705 318 2787; x_wconf 81' lang='lat' dir='ltr'><strong>confirmat)</strong></span> <span class='ocrx_word' id='word_1_168' title='bbox 361 2702 433 2768; x_wconf 84' lang='lat' dir='ltr'><strong>Sed</strong></span> <span class='ocrx_word' id='word_1_169' title='bbox 464 2702 566 2766; x_wconf 86' lang='lat' dir='ltr'><strong>illud</strong></span> <span class='ocrx_word' id='word_1_170' title='bbox 596 2703 699 2768; x_wconf 88' lang='lat' dir='ltr'><strong>dico:</strong></span> <span class='ocrx_word' id='word_1_171' title='bbox 743 2701 860 2767; x_wconf 89' lang='lat' dir='ltr'><strong>Nullo</strong></span> <span class='ocrx_word' id='word_1_172' title='bbox 890 2703 997 2769; x_wconf 85' lang='lat' dir='ltr'><strong>modo</strong></span> <span class='ocrx_word' id='word_1_173' title='bbox 1027 2707 1085 2769; x_wconf 87' lang='lat' dir='ltr'><strong>cet.</strong></span> <span class='ocrx_word' id='word_1_174' title='bbox 1134 2705 1200 2770; x_wconf 89' lang='lat' dir='ltr'><strong>lta·</strong></span> 
     </span>
     <span class='ocr_line' id='line_1_24' title="bbox 136 2808 1201 2896; baseline -0.001 -20"><span class='ocrx_word' id='word_1_175' title='bbox 136 2831 194 2896; x_wconf 88' lang='lat' dir='ltr'><strong>qne</strong></span> <span class='ocrx_word' id='word_1_176' title='bbox 216 2813 337 2893; x_wconf 89' lang='lat' dir='ltr'><strong>propter</strong></span> <span class='ocrx_word' id='word_1_177' title='bbox 359 2808 423 2873; x_wconf 91' lang='lat' dir='ltr'><strong>sed</strong></span> <span class='ocrx_word' id='word_1_178' title='bbox 446 2809 496 2872; x_wconf 91' lang='lat' dir='ltr'><strong>bic</strong></span> <span class='ocrx_word' id='word_1_179' title='bbox 517 2808 641 2873; x_wconf 88' lang='lat' dir='ltr'><strong>demum</strong></span> <span class='ocrx_word' id='word_1_180' title='bbox 663 2826 768 2873; x_wconf 89' lang='lat' dir='ltr'><strong>veram</strong></span> <span class='ocrx_word' id='word_1_181' title='bbox 791 2809 959 2874; x_wconf 86' lang='lat' dir='ltr'><strong>utilitatem</strong></span> <span class='ocrx_word' id='word_1_182' title='bbox 982 2810 1128 2892; x_wconf 82' lang='lat' dir='ltr'><strong>explicari</strong></span> <span class='ocrx_word' id='word_1_183' title='bbox 1143 2830 1201 2893; x_wconf 93' lang='lat' dir='ltr'><strong>pu-</strong></span> 
     </span>
     <span class='ocr_line' id='line_1_25' title="bbox 134 2911 1198 3000; baseline -0.003 -17"><span class='ocrx_word' id='word_1_184' title='bbox 134 2918 223 2995; x_wconf 85' lang='lat' dir='ltr'><strong>tavit,</strong></span> <span class='ocrx_word' id='word_1_185' title='bbox 245 2916 432 3000; x_wconf 90' lang='lat' dir='ltr'><strong>superiorem</strong></span> <span class='ocrx_word' id='word_1_186' title='bbox 454 2914 593 2998; x_wconf 85' lang='lat' dir='ltr'><strong>negando</strong></span> <span class='ocrx_word' id='word_1_187' title='bbox 614 2914 772 2980; x_wconf 89' lang='lat' dir='ltr'><strong>removeri.</strong></span> <span class='ocrx_word' id='word_1_188' title='bbox 819 2911 919 2980; x_wconf 83' lang='lat' dir='ltr'><strong>Codex</strong></span> <span class='ocrx_word' id='word_1_189' title='bbox 943 2915 968 2978; x_wconf 90' lang='lat' dir='ltr'><strong>B</strong></span> <span class='ocrx_word' id='word_1_190' title='bbox 996 2917 1028 2979; x_wconf 94' lang='lat' dir='ltr'><strong>et</strong></span> <span class='ocrx_word' id='word_1_191' title='bbox 1049 2915 1108 2980; x_wconf 81' lang='lat' dir='ltr'><strong>(luo</strong></span> <span class='ocrx_word' id='word_1_192' title='bbox 1130 2916 1198 2981; x_wconf 84' lang='lat' dir='ltr'><strong>alii:</strong></span> 
     </span>
     <span class='ocr_line' id='line_1_26' title="bbox 135 3020 1199 3104; baseline 0 -18"><span class='ocrx_word' id='word_1_193' title='bbox 135 3041 208 3104; x_wconf 90' lang='lat' dir='ltr'><strong>quo</strong></span> <span class='ocrx_word' id='word_1_194' title='bbox 247 3023 420 3086; x_wconf 89' lang='lat' dir='ltr'><strong>moratur</strong></span> <span class='ocrx_word' id='word_1_195' title='bbox 458 3020 503 3084; x_wconf 88' lang='lat' dir='ltr'><strong>ad</strong></span> <span class='ocrx_word' id='word_1_196' title='bbox 547 3038 670 3102; x_wconf 86' lang='lat' dir='ltr'><strong>prava</strong></span> <span class='ocrx_word' id='word_1_197' title='bbox 703 3023 938 3102; x_wconf 86' lang='lat' dir='ltr'><strong>properante</strong></span> <span class='ocrx_word' id='word_1_198' title='bbox 984 3021 1051 3085; x_wconf 85' lang='lat' dir='ltr'><strong>sed</strong></span> <span class='ocrx_word' id='word_1_199' title='bbox 1088 3021 1199 3086; x_wconf 90' lang='lat' dir='ltr'><strong>illum</strong></span> 
     </span>
     <span class='ocr_line' id='line_1_27' title="bbox 135 3124 1200 3212; baseline 0 -20"><span class='ocrx_word' id='word_1_200' title='bbox 135 3127 237 3193; x_wconf 88' lang='lat' dir='ltr'><strong>dico:</strong></span> <span class='ocrx_word' id='word_1_201' title='bbox 260 3126 299 3191; x_wconf 89' lang='lat' dir='ltr'><strong>N.</strong></span> <span class='ocrx_word' id='word_1_202' title='bbox 324 3146 365 3190; x_wconf 87' lang='lat' dir='ltr'><strong>nr.</strong></span> <span class='ocrx_word' id='word_1_203' title='bbox 411 3127 582 3208; x_wconf 79' lang='lat' dir='ltr'><strong>scripserat</strong></span> <span class='ocrx_word' id='word_1_204' title='bbox 612 3126 709 3210; x_wconf 85' lang='lat' dir='ltr'><strong>igitur</strong></span> <span class='ocrx_word' id='word_1_205' title='bbox 729 3124 861 3192; x_wconf 86' lang='lat' dir='ltr'><strong>Seneca:</strong></span> <span class='ocrx_word' id='word_1_206' title='bbox 895 3127 992 3212; x_wconf 87' lang='lat' dir='ltr'><strong>quod</strong></span> <span class='ocrx_word' id='word_1_207' title='bbox 1027 3131 1200 3193; x_wconf 87' lang='lat' dir='ltr'><strong>moratur</strong></span> 
     </span>
     <span class='ocr_line' id='line_1_28' title="bbox 135 3229 1206 3316; baseline 0.003 -20"><span class='ocrx_word' id='word_1_208' title='bbox 135 3234 603 3316; x_wconf 76' lang='lat' dir='ltr'><strong>adpravapropcraratea.</strong></span> <span class='ocrx_word' id='word_1_209' title='bbox 647 3229 698 3292; x_wconf 78' lang='lat' dir='ltr'><strong>Et</strong></span> <span class='ocrx_word' id='word_1_210' title='bbox 726 3231 945 3298; x_wconf 43' lang='lat' dir='ltr'><strong>illudvdicoz</strong></span> <span class='ocrx_word' id='word_1_211' title='bbox 988 3232 1025 3298; x_wconf 90' lang='lat' dir='ltr'><strong>N.</strong></span> <span class='ocrx_word' id='word_1_212' title='bbox 1048 3253 1090 3298; x_wconf 85' lang='lat' dir='ltr'><strong>m.</strong></span> <span class='ocrx_word' id='word_1_213' title='bbox 1134 3234 1206 3298; x_wconf 68' lang='grc' dir='ltr'><strong>Αᾶέ</strong></span> 
     </span>
     <span class='ocr_line' id='line_1_29' title="bbox 135 3335 1199 3418; baseline 0.003 -16"><span class='ocrx_word' id='word_1_214' title='bbox 135 3339 217 3404; x_wconf 86' lang='lat' dir='ltr'><strong>ditur</strong></span> <span class='ocrx_word' id='word_1_215' title='bbox 238 3339 303 3412; x_wconf 92' lang='lat' dir='ltr'><strong>hoc,</strong></span> <span class='ocrx_word' id='word_1_216' title='bbox 326 3357 387 3404; x_wconf 91' lang='lat' dir='ltr'><strong>non</strong></span> <span class='ocrx_word' id='word_1_217' title='bbox 409 3337 594 3403; x_wconf 86' lang='lat' dir='ltr'><strong>contrarium</strong></span> <span class='ocrx_word' id='word_1_218' title='bbox 618 3337 750 3418; x_wconf 88' lang='lat' dir='ltr'><strong>ponitur.</strong></span> <span class='ocrx_word' id='word_1_219' title='bbox 788 3335 845 3411; x_wconf 73' lang='lat' dir='ltr'><strong>(Ut</strong></span> <span class='ocrx_word' id='word_1_220' title='bbox 866 3341 1003 3403; x_wconf 84' lang='lat' dir='ltr'><strong>extrema</strong></span> <span class='ocrx_word' id='word_1_221' title='bbox 1024 3339 1055 3402; x_wconf 90' lang='lat' dir='ltr'><strong>in</strong></span> <span class='ocrx_word' id='word_1_222' title='bbox 1082 3339 1199 3405; x_wconf 82' lang='lat' dir='ltr'><strong>Seneca</strong></span> 
     </span>
     <span class='ocr_line' id='line_1_30' title="bbox 135 3441 1199 3528; baseline 0.002 -20"><span class='ocrx_word' id='word_1_223' title='bbox 135 3444 242 3526; x_wconf 89' lang='lat' dir='ltr'><strong>primis</strong></span> <span class='ocrx_word' id='word_1_224' title='bbox 271 3448 302 3511; x_wconf 88' lang='lat' dir='ltr'><strong>et</strong></span> <span class='ocrx_word' id='word_1_225' title='bbox 334 3443 445 3508; x_wconf 90' lang='lat' dir='ltr'><strong>mediis</strong></span> <span class='ocrx_word' id='word_1_226' title='bbox 465 3443 580 3508; x_wconf 86' lang='lat' dir='ltr'><strong>similia</strong></span> <span class='ocrx_word' id='word_1_227' title='bbox 603 3444 715 3518; x_wconf 87' lang='lat' dir='ltr'><strong>essent,</strong></span> <span class='ocrx_word' id='word_1_228' title='bbox 737 3441 759 3528; x_wconf 64' lang='grc' dir='ltr'>ξ</span> <span class='ocrx_word' id='word_1_229' title='bbox 780 3442 831 3522; x_wconf 73' lang='grc'><strong>22,</strong></span> <span class='ocrx_word' id='word_1_230' title='bbox 866 3461 934 3508; x_wconf 88' lang='lat' dir='ltr'><strong>cunr</strong></span> <span class='ocrx_word' id='word_1_231' title='bbox 970 3447 1053 3510; x_wconf 88' lang='lat' dir='ltr'><strong>reete</strong></span> <span class='ocrx_word' id='word_1_232' title='bbox 1087 3445 1199 3510; x_wconf 88' lang='lat' dir='ltr'><strong>iudea</strong></span> 
     </span>
     <span class='ocr_line' id='line_1_31' title="bbox 134 3549 1199 3633; baseline 0.002 -20"><span class='ocrx_word' id='word_1_233' title='bbox 134 3550 280 3615; x_wconf 89' lang='lat' dir='ltr'><strong>Pincianc</strong></span> <span class='ocrx_word' id='word_1_234' title='bbox 307 3552 339 3614; x_wconf 89' lang='lat' dir='ltr'><strong>et</strong></span> <span class='ocrx_word' id='word_1_235' title='bbox 360 3550 481 3614; x_wconf 86' lang='lat' dir='ltr'><strong>Murato</strong></span> <span class='ocrx_word' id='word_1_236' title='bbox 503 3549 701 3614; x_wconf 85' lang='lat' dir='ltr'><strong>scriberetur:</strong></span> <span class='ocrx_word' id='word_1_237' title='bbox 724 3550 786 3614; x_wconf 88' lang='lat' dir='ltr'><strong>vel</strong></span> <span class='ocrx_word' id='word_1_238' title='bbox 814 3549 1003 3614; x_wconf 82' lang='lat' dir='ltr'><strong>effuderis</strong></span> <span class='ocrx_word' id='word_1_239' title='bbox 1026 3551 1199 3633; x_wconf 90' lang='lat' dir='ltr'><strong>(capillum)</strong></span> 
     </span>
     <span class='ocr_line' id='line_1_32' title="bbox 134 3653 1199 3734; baseline 0.002 -15"><span class='ocrx_word' id='word_1_240' title='bbox 134 3673 237 3720; x_wconf 89' lang='lat' dir='ltr'><strong>more</strong></span> <span class='ocrx_word' id='word_1_241' title='bbox 281 3655 510 3720; x_wconf 87' lang='lat' dir='ltr'><strong>Parthorum</strong></span> <span class='ocrx_word' id='word_1_242' title='bbox 543 3653 606 3718; x_wconf 85' lang='lat' dir='ltr'><strong>vel</strong></span> <span class='ocrx_word' id='word_1_243' title='bbox 643 3654 920 3720; x_wconf 80' lang='lat' dir='ltr'><strong>Germanorum</strong></span> <span class='ocrx_word' id='word_1_244' title='bbox 958 3663 1068 3734; x_wconf 85' lang='lat' dir='ltr'><strong>(more)</strong></span> <span class='ocrx_word' id='word_1_245' title='bbox 1106 3656 1199 3722; x_wconf 90' lang='lat' dir='ltr'><strong>nodo</strong></span> 
     </span>
     <span class='ocr_line' id='line_1_33' title="bbox 135 3753 1277 3840; baseline 0 -15"><span class='ocrx_word' id='word_1_246' title='bbox 135 3761 327 3840; x_wconf 83' lang='lat' dir='ltr'><strong>vinxeris,</strong></span> <span class='ocrx_word' id='word_1_247' title='bbox 360 3759 518 3824; x_wconf 78' lang='lat' dir='ltr'><strong>Fickertns</strong></span> <span class='ocrx_word' id='word_1_248' title='bbox 552 3764 583 3826; x_wconf 89' lang='lat' dir='ltr'><strong>et</strong></span> <span class='ocrx_word' id='word_1_249' title='bbox 614 3759 749 3825; x_wconf 89' lang='lat' dir='ltr'><strong>Haasins</strong></span> <span class='ocrx_word' id='word_1_250' title='bbox 784 3761 963 3824; x_wconf 85' lang='lat' dir='ltr'><strong>revocarunt</strong></span> <span class='ocrx_word' id='word_1_251' title='bbox 991 3778 1008 3823; x_wconf 94' lang='lat' dir='ltr'><strong>e</strong></span> <span class='ocrx_word' id='word_1_252' title='bbox 1043 3759 1198 3826; x_wconf 85' lang='lat' dir='ltr'><strong>codicibus</strong></span> <span class='ocrx_word' id='word_1_253' title='bbox 1275 3753 1277 3764; x_wconf 78' lang='grc'>’</span> 
     </span>
     <span class='ocr_line' id='line_1_34' title="bbox 134 3864 1197 3942; baseline -0.002 -10"><span class='ocrx_word' id='word_1_254' title='bbox 134 3867 241 3932; x_wconf 90' lang='lat' dir='ltr'><strong>modo</strong></span> <span class='ocrx_word' id='word_1_255' title='bbox 276 3866 461 3942; x_wconf 81' lang='lat' dir='ltr'><strong>vinxeris,</strong></span> <span class='ocrx_word' id='word_1_256' title='bbox 493 3866 619 3932; x_wconf 88' lang='lat' dir='ltr'><strong>ridicule</strong></span> <span class='ocrx_word' id='word_1_257' title='bbox 654 3867 770 3934; x_wconf 87' lang='lat' dir='ltr'><strong>variato</strong></span> <span class='ocrx_word' id='word_1_258' title='bbox 804 3865 937 3942; x_wconf 87' lang='lat' dir='ltr'><strong>nornine,</strong></span> <span class='ocrx_word' id='word_1_259' title='bbox 970 3864 1082 3930; x_wconf 90' lang='lat' dir='ltr'><strong>omisso</strong></span> <span class='ocrx_word' id='word_1_260' title='bbox 1107 3877 1197 3930; x_wconf 87' lang='lat' dir='ltr'><strong>voce-</strong></span> 
     </span>
     <span class='ocr_line' id='line_1_35' title="bbox 135 3972 565 4047; baseline 0.002 -11"><span class='ocrx_word' id='word_1_261' title='bbox 135 3973 204 4037; x_wconf 93' lang='lat' dir='ltr'><strong>bulo</strong></span> <span class='ocrx_word' id='word_1_262' title='bbox 225 3973 263 4036; x_wconf 86' lang='lat' dir='ltr'><strong>ad</strong></span> <span class='ocrx_word' id='word_1_263' title='bbox 285 3991 350 4036; x_wconf 88' lang='lat' dir='ltr'><strong>reru</strong></span> <span class='ocrx_word' id='word_1_264' title='bbox 372 3972 565 4047; x_wconf 86' lang='lat' dir='ltr'><strong>necessario.)</strong></span> 
     </span>
    </p>
   </div>
   <div class='ocr_carea' id='block_1_5' title="bbox 0 0 1446 4672">
    <p class='ocr_par' dir='ltr' id='par_1_5' title="bbox 0 0 1446 4672">
     <span class='ocr_line' id='line_1_36' title="bbox 0 0 1446 4672; baseline 0 0"><span class='ocrx_word' id='word_1_265' title='bbox 0 0 1446 4672; x_wconf 95' lang='lat' dir='ltr'><strong> </strong></span> 
     </span>
    </p>
   </div>
  </div>
 </body>
</html>
