2978 4644
316 309 377 376 208
672 305 733 366 nib.
751 307 814 363 Vll.
833 304 898 377 Gap.
913 306 952 362 11.

274 507 453 574 Oieeronem
485 503 592 589 populi
618 503 750 572 Romani
783 502 942 570 eommode
974 501 1145 583 defendere,
1182 502 1240 569 sed
1269 502 1337 586 ipse

264 611 390 688 ¹(licere,
411 610 578 694 postquam
598 609 684 676 Rulli
704 609 829 676 oooulia
848 605 975 676 oonmlin
997 608 1134 684 nudauit
1168 627 1261 694 qnam
1282 627 1341 674 sna
1466 625 1467 696 r

273 719 346 787 hino
377 717 542 785 abhorreat
572 715 659 793 ratio,
697 715 925 783 declaraturum
958 734 992 781 eo
1019 713 1176 801 promittit
1205 714 1238 778 et
1266 729 1339 778 mox

274 822 429 892 declaret:
456 822 620 905 populns
645 821 835 890 Romanus
856 820 1054 905 possidet;
1084 817 1251 886 defendo
1277 817 1338 924 eal.

274 929 383 1014 Itaque
418 926 588 998 necessario
623 926 817 996 scribendum
847 928 916 994 est:
956 927 1004 993 Et
1039 928 1217 1012 qnoniam
1467 929 1468 974 ἲ

272 1034 448 1116 ostendi,
470 1034 609 1100 docebo
629 1033 837 1116 ipsoauno,
860 1051 927 1128 ego
942 1051 1051 1116 quem
1071 1048 1340 1117 possessorem

274 1139 481 1210 defendam
503 1140 563 1207 oet.
598 1139 640 1204 st
658 1156 759 1203 nuno
780 1138 844 1204 iam
865 1139 1088 1206 Mommsenius
1108 1136 1337 1208 restituendum

272 1245 360 1314 vidit
406 1246 554 1314 Doeoat
587 1247 690 1312 ortum
722 1246 772 1312 est
806 1264 843 1312 ox
871 1246 954 1330 ipse
974 1246 1156 1330 pronomine
1183 1243 1265 1310 mele
1297 1241 1339 1307 ad
1468 1331 1469 1348 χ

145 1335 146 1340 “
273 1351 400 1421 Rullum
421 1352 535 1430 relat03
557 1351 606 1420 est
628 1351 735 1418 autem
758 1351 944 1418 oontrnrium
965 1351 1142 1435 pronomini
1162 1350 1211 1417 ill
1223 1367 1250 1416 e.

373 1457 413 1526 ln
435 1456 527 1528 eam.
548 1456 606 1540 ru,
631 1455 671 1520 10
692 1456 725 1523 in
748 1457 887 1524 coneum
908 1458 1059 1541 serpena
1079 1459 1222 1542 (ipsum
1243 1455 1341 1521 nen·
1468 1433 1469 1436 ‘

273 1560 402 1628 tulum
510 1581 583 1629 non
606 1563 734 1646 putat,
756 1583 870 1647 quum
892 1562 936 1630 de
955 1564 1131 1649 pernicie
1151 1562 1281 1648 populi
1302 1567 1338 1628 R.

356 1668 560 1754 cogitarit,
595 1668 712 1736 etiam
742 1669 935 1753 appellari
965 1689 1080 1755 poseo
1100 1669 1338 1756 popularem)
1469 1739 1470 1748 χ

201 1795 204 1800 ·
272 1774 346 1840 leni
381 1775 496 1842 etiam
517 1773 634 1857 nequit,
660 1776 741 1859 quod
762 1775 918 1860 signifimt
938 1795 1024 1844 nore
1045 1775 1258 1862 appellationis
1280 1774 1338 1840 ad-

274 1880 449 1959 iectionem,
471 1879 727 1965 seribendumque
749 1883 798 1948 est
819 1882 892 1946 iam
906 1885 989 1966 (post
1007 1883 1130 1950 tentum
1151 1881 1251 1950 scelus
1272 1899 1337 1948 non

274 1985 421 2066 diutius);
448 1987 485 2050 et
514 2004 551 2054 ox
571 1984 948 2070 praecedentibuslitteris
969 1988 1081 2056 ortum.
1128 1987 1185 2067 (Ex
1215 1988 1266 2054 ed.¹
1292 1983 1339 2052 IV

273 2090 522 2172 orattseleett.)
1230 2161 1232 2164 .

343 2200 438 2278 ‚Pro
460 2196 596 2266 limena
622 2197 679 2264 44:
722 2199 806 2266 Non
838 2199 972 2284 plaoet
1003 2199 1099 2265 milri
1128 2199 1340 2284 inquisitio

274 2304 496 2384 candidati,
524 2353 531 2368 .
554 2351 564 2372 .
587 2351 611 2384 .‚
631 2323 701 2372 non
723 2306 887 2373 testium
907 2307 1036 2390 potins
1058 2324 1167 2390 qnam
1188 2304 1339 2371 suffra·

273 2414 462 2498 gaiorum
493 2412 749 2496 comparatio,
790 2430 864 2479 non
905 2413 1017 2479 minae
1058 2411 1183 2496 magle
1226 2428 1338 2496 qnam

273 2516 490 2596 blanditiae,
522 2536 595 2584 non
629 2517 865 2584 declamatio
902 2518 1030 2601 potins
1063 2536 1173 2602 quarn
1201 2535 1341 2601 persn-

272 2623 433 2692 lutatio.
480 2623 678 2708 Ineptissime
699 2623 780 2690 inter
797 2641 843 2702 ea,
865 2642 933 2707 quae
955 2623 995 2688 ad
1016 2622 1243 2704 aoeueationem
1266 2609 1338 2688 om·

272 2731 356 2798 bitus
378 2730 574 2814 competitori
594 2729 763 2813 parandam
783 2729 949 2812 pertinent,
981 2728 1165 2812 deolamnlio
1193 2726 1338 2794 nomina-

272 2839 333 2904 tur.
377 2835 589 2919 (Quorundam
610 2835 770 2900 hominnm
791 2835 1068 2902 enneadinendnm
1089 2837 1146 2912 oei,
1179 2833 1335 2901 declame-

273 2943 391 3010 lionem
411 2959 472 3008 nen
505 2959 573 3008 esse
595 2941 887 3008 eommontationem
908 2959 1025 3022 censae,
1060 2959 1160 3025 nequo
1181 2957 1338 3006 eommen·

272 3048 425 3120 tutionem
470 3044 538 3112 fieri
575 3047 607 3112 in
647 3044 781 3131 publico,
823 3046 891 3112 ubi*
911 3047 1142 3130 persalutantnr
1184 3045 1337 3127 homines,

272 3151 371 3219 multo
414 3151 516 3218 minus
559 3149 817 3218 declamationem
853 3153 934 3238 apud
979 3153 1105 3219 Latinos
1143 3151 1337 3238 indignantis

274 3258 441 3326 clamorem
466 3257 635 3340 appellari)
667 3257 871 3326 seribendnm
893 3259 958 3326 est:
995 3277 1068 3326 non
1089 3257 1338 3322 denuntiatio

271 3361 406 3446 potins
428 3381 538 3447 quam
559 3364 834 3449 persalutatio.
861 3365 927 3450 [Sio
941 3365 1058 3432 Bakine
1072 3364 1166 3432 schol
1187 3363 1333 3448 hyponin.

270 3465 308 3542 V,
330 3465 418 3552 336]

372 3577 777 3662 De§73dixivol.lp,
799 3577 849 3642 61.

372 3683 440 3750 Ibd.
464 3683 522 3749 76:
553 3701 627 3750 non
663 3685 765 3750 amat
797 3683 978 3767 profusas
1020 3681 1167 3766 epulas,
1200 3679 1334 3746 sordes

272 3790 310 3855 et
341 3787 672 3855 inhumanitatem
704 3790 822 3855 multo
848 3789 990 3866 minum
1023 3786 1239 3874 distinguit
1269 3803 1334 3851 ra-

270 3894 420 3962 tionem
445 3893 674 3962 officiorum
698 3895 985 3978 astomorum,
1007 3891 1335 3961 vicissitudinem

271 3998 428 4068 laboris
450 4017 494 4066 eo
515 4000 741 4083 voluptatis.
794 3999 901 4084 Neque
933 4001 1180 4085 distinguere
1200 3998 1335 4066 ratio·

271 4122 355 4172 nem
384 4103 604 4172 officiorum
630 4107 873 4191 (temporum)
895 4109 981 4176 reete
1002 4105 1123 4183 dioitm‚
1155 4107 1192 4172 et
1210 4121 1334 4189 prorsus
