3000 4638
514 261 545 318 L.
561 261 660 318 Seneca
678 260 712 318 de
732 265 817 322 ecurt.
836 279 893 334 sep.
1124 265 1186 330 385

262 459 309 526 lle
331 459 516 528 constentiu
540 477 607 548 sup.
637 461 666 535 5,
690 459 724 525 5:
767 461 913 542 Quodsi
942 462 1092 531 iniuriu
1129 466 1229 532 nihil

159 565 301 634 laedere
322 567 456 650 potest
475 585 520 632 -er
542 565 616 645 bis,
639 585 717 650 quae
738 568 891 652 propriu
912 569 1100 652 sepientis
1122 574 1227 652 snut,

160 671 251 756 quie
272 671 420 738 virtute
442 691 509 738 suu
530 661 642 738 salve
665 675 771 753 sunt,
802 673 945 740 iniuriu
966 674 1134 760 sapienti
1154 697 1227 744 uon

158 779 295 862 potest
314 776 416 844 fieri.
461 776 576 844 Scriba
607 778 697 861 quie
724 779 876 844 virtute
899 779 1008 844 solvo
1029 800 1100 848 suu
1118 785 1228 850 sulru

161 885 264 950 sunt
310 884 364 949 Bis
385 882 560 966 ponendum
582 883 691 949 sulru
709 883 773 949 ium
795 883 917 968 Lipsius
939 886 1104 968 videmu1)

261 988 329 1056 Ibd.
352 989 382 1066 6,
415 988 435 1051 3
456 987 652 1056 scribendum
682 991 730 1055 est
750 991 865 1056 omissa
885 992 1045 1075 particule,
1070 1012 1137 1077 quae
1159 1015 1228 1063 oru-

160 1096 279 1162 tionem
307 1094 482 1179 perturbut:
526 1093 597 1159 Sed
626 1095 759 1177 prodit
788 1100 828 1174 (v.
856 1097 926 1164 sed
955 1097 988 1163 si
1015 1100 1161 1181 prodit)
1189 1103 1227 1168 in

160 1201 345 1276 medium,
376 1201 440 1285 qui
462 1199 583 1276 dicut,
615 1202 675 1266 cet.
724 1203 804 1268 Tum
825 1203 916 1286 paulo
937 1207 1023 1287 post,
1056 1206 1108 1270 ubi
1130 1207 1175 1272 sic
1195 1209 1227 1274 in

161 1306 320 1374 codicibus
342 1308 499 1373 scribitur:
536 1324 607 1375 uec
641 1307 846 1391 quicquum
874 1328 984 1376 suum
1005 1310 1083 1376 nisi
1104 1331 1142 1378 se
1163 1331 1227 1396 pu·

159 1416 222 1480 tet
243 1432 329 1480 esse
350 1431 498 1497 quoque
520 1431 562 1480 ee
582 1415 707 1495 perte,
739 1431 811 1496 quu
832 1414 970 1480 melior
991 1417 1063 1492 est,
1093 1418 1226 1484 editores

161 1521 266 1586 eutem
289 1537 332 1585 eu
352 1536 499 1601 quoque
520 1518 631 1602 purte
653 1517 773 1602 eliuque
795 1519 1018 1586 substituentes
1039 1522 1226 1588 sententium
1304 1549 1306 1554 ·

159 1628 278 1692 rectem
301 1643 362 1690 non
385 1625 565 1702 effecerunt,
587 1623 656 1688 duae
678 1622 790 1690 litterue
813 1625 1007 1709 gemibundus
1029 1628 1124 1693 suntz·
1149 1627 1227 1694 nisi

159 1750 198 1798 se
220 1731 332 1814 putet
353 1747 455 1808 esse,
477 1750 513 1794 ee
534 1748 681 1814 quoque
707 1748 749 1796 eu
769 1734 897 1814 purte,
922 1734 982 1798 cet.

260 1836 327 1902 Ibd.
350 1838 388 1916 7,
418 1834 453 1900 4:
497 1835 652 1918 Aliquis
684 1835 779 1901 mibi
802 1857 990 1904 uenenum
1016 1836 1138 1919 dedit,
1160 1839 1227 1924 sed

158 1943 234 2010 uim
256 1960 361 2008 suum
383 1941 588 2007 remixtum
603 1941 686 2006 cibo
707 1941 899 2025 perdidit:
921 1961 1108 2010 uenenum
1126 1945 1226 2011 illud

158 2047 281 2114 dendo
314 2047 456 2114 sceleri
492 2066 530 2112 se
560 2046 769 2132 obligavit,
799 2047 1058 2115 etiamsinon
1086 2052 1226 2118 nocuit

157 2153 255 2219 Iteete
276 2154 445 2236 superiores
468 2156 668 2237 reposuerunt
682 2154 910 2230 remixtum,
933 2154 1012 2240 quod
1027 2155 1225 2223 assimilando

158 2357 360 2367 ——m

231 2488 340 2559 gravius
372 2485 473 2541 sentire
503 2484 638 2542 dicuutur.
685 2486 707 2540 E
738 2488 855 2540 tenere
880 2486 919 2554 (oz
949 2487 1089 2554 tenere)
1115 2487 1225 2556 fectum,

231 2579 302 2651 quod
326 2581 355 2634 in
373 2581 397 2635 Δ
415 2579 439 2634 Β
457 2580 500 2634 est
523 2581 651 2644 terere,
679 2581 739 2632 tum
765 2578 970 2634 cervicibus.
1014 2579 1114 2634 Seneca
1137 2581 1226 2636 multo

232 2673 330 2744 sepius
347 2678 460 2726 emicem
486 2671 554 2726 dicit
577 2687 658 2741 quum
676 2673 788 2737 eervices,
814 2673 846 2726 ut
863 2671 909 2726 bic
927 2673 951 2738 6,
970 2674 996 2738 8,
1015 2671 1047 2726 de
1065 2673 1151 2727 const.
1168 2688 1225 2742 sup.

230 2769 272 2833 18,
293 2771 318 2833 3,
337 2764 468 2828 deireI,
489 2764 674 2829 16‚5st1e‚
693 2761 793 2829 u,111‚
813 2763 860 2827 19,
880 2765 911 2827 2.
931 2764 1060 2833 epistt,
1079 2765 1110 2830 7;
1129 2766 1171 2831 15,
1193 2766 1225 2830 2;

229 2862 338 2926 13,11;
358 2860 400 2922 19,
420 2859 454 2922 63
476 2859 519 2921 30,
534 2858 567 2921 4,
586 2856 629 2922 47,
648 2857 680 2922 4;
700 2857 742 2920 70,
760 2857 808 2922 23;
827 2857 870 2919 71,
891 2857 939 2922 25;
964 2857 1005 2922 74,
1025 2859 1058 2926 3;
1076 2857 1226 2912 cervices

229 2951 321 3007 notavi
340 2950 400 3018 (sed
417 2951 525 3004 tuntum
555 2948 584 3002 in
608 2947 688 3003 libris
713 2946 745 3002 de
769 2948 810 3002 iru
832 2950 865 3012 et,
884 2948 1007 3018 epistolis
1032 2965 1063 3004 er
1088 2949 1226 3018 proposito

230 3044 347 3114 attendi)
370 3043 500 3106 deimII,
514 3043 556 3106 12,
576 3040 765 3109 5(eerriees
783 3055 991 3111 supponere,
1011 3040 1082 3110 quod
1097 3039 1226 3096 facillime

230 3153 261 3192 ex
280 3138 414 3194 service
433 3153 525 3207 supp.
553 3135 618 3191 oriri
637 3136 763 3204 poteret),
791 3133 843 3198 111,
871 3135 897 3197 6,
924 3135 941 3190 6
960 3133 1178 3214 (cervicibup)
1198 3136 1227 3189 et

234 3230 312 3299 epist.
330 3233 374 3299 85,
392 3234 427 3288 29
446 3228 672 3297 (ceruicibus).

190 3346 213 3415 ¹)
232 3344 297 3415 Cup.
315 3348 347 3413 4,
373 3351 391 3404 3
410 3345 481 3416 quod
500 3343 637 3415 Huuptins
663 3343 688 3409 (I
712 3358 738 3411 p.
762 3342 793 3408 4)
811 3340 948 3396 intellexit
966 3340 1135 3396 scribendum
1153 3355 1226 3398 esse:

229 3440 328 3493 immo
358 3439 476 3495 nescio
513 3455 552 3493 eu
586 3435 694 3503 magis
727 3433 818 3488 vires
853 3437 1025 3502 sapienties
1061 3432 1227 3489 ostendet

229 3534 459 3600 tranquillitos
477 3532 572 3586 inter
589 3527 812 3593 lacessentis,
832 3525 955 3581 idemme
968 3525 1026 3580 siue
1044 3525 1102 3580 ullu
1119 3525 1227 3581 dubitu-

228 3626 307 3680 tione
334 3628 495 3681 cunctatum
525 3622 654 3679 habuisse
683 3637 738 3677 non
768 3619 855 3674 solum
891 3617 1076 3674 confirmundue
1106 3618 1229 3674 emendu-

228 3718 313 3772 tionis
342 3734 425 3774 ceusu
452 3718 497 3772 bic
516 3733 600 3787 ponc,
630 3713 677 3769 sed
695 3715 728 3768 ut
747 3713 829 3768 simul
846 3711 1025 3768 animadverti
1041 3709 1149 3766 iubeam
1165 3724 1227 3764 mu·

228 3809 305 3865 tendi
324 3809 530 3879 simplicitatem
546 3809 574 3862 et
592 3805 748 3861 libertatem
766 3803 952 3874 scelerumque
971 3801 1021 3857 hoc
1039 3817 1100 3856 cum
1118 3818 1227 3872 prorsus

229 3903 339 3975 gemine
362 3901 478 3958 subiecti
509 3903 537 3954 et
563 3897 662 3954 obiecti
685 3897 884 3967 permutatione
908 3894 980 3966 apud
1004 3893 1181 3949 Plutarchum
1199 3895 1228 3950 et

230 3994 394 4051 Strabonem
412 4011 428 4049 e
448 3992 570 4048 librariis
587 3991 659 4046 luctu
678 3993 707 4045 et
723 4006 740 4044 u
757 4005 799 4044 me
817 3991 913 4044 notatu
930 3990 983 4044 rol.
1002 3987 1015 4040 I
1036 4003 1062 4056 p.
1081 3988 1141 4044 585.

205 4086 316 4126 mvrcll
328 4087 406 4120 sunno.
419 4085 469 4120 cerr.
492 4085 514 4118 iu
569 4087 575 4091 '
993 4088 1026 4134 25
