<?xml version="1.0" encoding="UTF-8"?>
<!DOCTYPE html PUBLIC "-//W3C//DTD XHTML 1.0 Transitional//EN"
    "http://www.w3.org/TR/xhtml1/DTD/xhtml1-transitional.dtd">
<html xmlns="http://www.w3.org/1999/xhtml" xml:lang="en" lang="en">
 <head>
  <title>
</title>
<meta http-equiv="Content-Type" content="text/html;charset=utf-8" />
  <meta name='ocr-system' content='tesseract 3.04.00' />
  <meta name='ocr-capabilities' content='ocr_page ocr_carea ocr_par ocr_line ocrx_word'/>
</head>
<body>
  <div class='ocr_page' id='page_1' title='image "./adversariacriti03madvgoog/adversariacriti03madvgoog_0495.png"; bbox 0 0 2956 4648; ppageno 0'>
   <div class='ocr_carea' id='block_1_1' title="bbox 293 295 1062 383">
    <p class='ocr_par' dir='ltr' id='par_1_1' title="bbox 293 295 1062 383">
     <span class='ocr_line' id='line_1_1' title="bbox 293 295 1062 383; baseline -0.012 -9"><span class='ocrx_word' id='word_1_1' title='bbox 293 313 356 376; x_wconf 76' lang='grc'>482</span> <span class='ocrx_word' id='word_1_2' title='bbox 653 311 933 383; x_wconf 72' lang='lat' dir='ltr'>Lib.v111.0ap.1v.</span> <span class='ocrx_word' id='word_1_3' title='bbox 1058 295 1062 302; x_wconf 67' lang='grc'><strong>’</strong></span> 
     </span>
    </p>
   </div>
   <div class='ocr_carea' id='block_1_2' title="bbox 215 511 1320 4069">
    <p class='ocr_par' dir='ltr' id='par_1_2' title="bbox 215 511 1320 3120">
     <span class='ocr_line' id='line_1_2' title="bbox 254 511 1319 598; baseline 0 -19"><span class='ocrx_word' id='word_1_4' title='bbox 254 533 335 598; x_wconf 89' lang='lat' dir='ltr'>quae</span> <span class='ocrx_word' id='word_1_5' title='bbox 358 517 509 579; x_wconf 84' lang='lat' dir='ltr'>aeterna</span> <span class='ocrx_word' id='word_1_6' title='bbox 527 513 630 574; x_wconf 87' lang='lat' dir='ltr'>sunt.</span> <span class='ocrx_word' id='word_1_7' title='bbox 663 511 748 575; x_wconf 87' lang='lat' dir='ltr'>Inter</span> <span class='ocrx_word' id='word_1_8' title='bbox 762 529 811 577; x_wconf 90' lang='lat' dir='ltr'>res</span> <span class='ocrx_word' id='word_1_9' title='bbox 825 512 990 577; x_wconf 75' lang='lat' dir='ltr'>imbecillae</span> <span class='ocrx_word' id='word_1_10' title='bbox 1000 514 1127 587; x_wconf 74' lang='lat' dir='ltr'>natura,</span> <span class='ocrx_word' id='word_1_11' title='bbox 1141 513 1246 596; x_wconf 89' lang='lat' dir='ltr'>quales</span> <span class='ocrx_word' id='word_1_12' title='bbox 1258 512 1319 597; x_wconf 88' lang='lat' dir='ltr'>ipsi</span> 
     </span>
     <span class='ocr_line' id='line_1_3' title="bbox 255 615 1320 702; baseline -0.002 -17"><span class='ocrx_word' id='word_1_13' title='bbox 255 627 405 702; x_wconf 87' lang='lat' dir='ltr'>(corpore)</span> <span class='ocrx_word' id='word_1_14' title='bbox 417 633 534 690; x_wconf 88' lang='lat' dir='ltr'>sumus,</span> <span class='ocrx_word' id='word_1_15' title='bbox 547 615 715 680; x_wconf 78' lang='lat' dir='ltr'>consistere</span> <span class='ocrx_word' id='word_1_16' title='bbox 726 635 782 682; x_wconf 91' lang='lat' dir='ltr'>nos</span> <span class='ocrx_word' id='word_1_17' title='bbox 793 615 992 698; x_wconf 79' lang='lat' dir='ltr'>dicit3potius</span> <span class='ocrx_word' id='word_1_18' title='bbox 1004 617 1139 682; x_wconf 87' lang='lat' dir='ltr'>animum</span> <span class='ocrx_word' id='word_1_19' title='bbox 1151 618 1190 682; x_wconf 89' lang='lat' dir='ltr'>ad</span> <span class='ocrx_word' id='word_1_20' title='bbox 1202 621 1320 684; x_wconf 83' lang='lat' dir='ltr'>aetema</span> 
     </span>
     <span class='ocr_line' id='line_1_4' title="bbox 254 719 1318 805; baseline -0.001 -15"><span class='ocrx_word' id='word_1_21' title='bbox 254 724 451 790; x_wconf 86' lang='lat' dir='ltr'>mittendum.</span> <span class='ocrx_word' id='word_1_22' title='bbox 510 721 594 786; x_wconf 83' lang='lat' dir='ltr'>Infra</span> <span class='ocrx_word' id='word_1_23' title='bbox 614 719 631 804; x_wconf 65' lang='grc' dir='ltr'><strong>ἕ</strong></span> <span class='ocrx_word' id='word_1_24' title='bbox 654 721 692 785; x_wconf 91' lang='grc'>31</span> <span class='ocrx_word' id='word_1_25' title='bbox 717 721 804 802; x_wconf 79' lang='grc'>(28),</span> <span class='ocrx_word' id='word_1_26' title='bbox 832 725 995 805; x_wconf 81' lang='lat' dir='ltr'>postquam</span> <span class='ocrx_word' id='word_1_27' title='bbox 1018 720 1134 788; x_wconf 79' lang='lat' dir='ltr'>Seneca</span> <span class='ocrx_word' id='word_1_28' title='bbox 1156 724 1318 789; x_wconf 73' lang='lat' dir='ltr'>Platonem</span> 
     </span>
     <span class='ocr_line' id='line_1_5' title="bbox 215 819 1318 912; baseline 0.002 -20"><span class='ocrx_word' id='word_1_29' title='bbox 215 819 219 825; x_wconf 72' lang='grc'><strong>’</strong></span> <span class='ocrx_word' id='word_1_30' title='bbox 254 847 348 893; x_wconf 89' lang='lat' dir='ltr'>unum</span> <span class='ocrx_word' id='word_1_31' title='bbox 371 829 403 892; x_wconf 85' lang='lat' dir='ltr'>et</span> <span class='ocrx_word' id='word_1_32' title='bbox 424 827 643 912; x_wconf 83' lang='lat' dir='ltr'>octogesimum</span> <span class='ocrx_word' id='word_1_33' title='bbox 665 845 778 892; x_wconf 89' lang='lat' dir='ltr'>annum</span> <span class='ocrx_word' id='word_1_34' title='bbox 799 827 975 910; x_wconf 79' lang='lat' dir='ltr'>implevisse</span> <span class='ocrx_word' id='word_1_35' title='bbox 996 832 1029 894; x_wconf 82' lang='lat' dir='ltr'>et</span> <span class='ocrx_word' id='word_1_36' title='bbox 1050 828 1079 893; x_wconf 90' lang='lat' dir='ltr'>ei</span> <span class='ocrx_word' id='word_1_37' title='bbox 1099 831 1137 894; x_wconf 90' lang='lat' dir='ltr'>ob</span> <span class='ocrx_word' id='word_1_38' title='bbox 1158 848 1228 894; x_wconf 89' lang='lat' dir='ltr'>eam</span> <span class='ocrx_word' id='word_1_39' title='bbox 1250 849 1318 895; x_wconf 88' lang='lat' dir='ltr'>rem</span> 
     </span>
     <span class='ocr_line' id='line_1_6' title="bbox 256 931 1317 1016; baseline 0.002 -18"><span class='ocrx_word' id='word_1_40' title='bbox 256 952 274 998; x_wconf 87' lang='lat' dir='ltr'>a</span> <span class='ocrx_word' id='word_1_41' title='bbox 307 933 407 1016; x_wconf 83' lang='lat' dir='ltr'>magis</span> <span class='ocrx_word' id='word_1_42' title='bbox 446 931 654 996; x_wconf 89' lang='lat' dir='ltr'>sacrificatum</span> <span class='ocrx_word' id='word_1_43' title='bbox 693 951 760 1002; x_wconf 83' lang='lat' dir='ltr'>esse</span> <span class='ocrx_word' id='word_1_44' title='bbox 796 933 887 1011; x_wconf 78' lang='lat' dir='ltr'>dixit,</span> <span class='ocrx_word' id='word_1_45' title='bbox 923 933 988 999; x_wconf 89' lang='lat' dir='ltr'>haec</span> <span class='ocrx_word' id='word_1_46' title='bbox 1021 933 1191 1000; x_wconf 85' lang='lat' dir='ltr'>adduntur:</span> <span class='ocrx_word' id='word_1_47' title='bbox 1235 935 1317 1001; x_wconf 87' lang='lat' dir='ltr'>Non</span> 
     </span>
     <span class='ocr_line' id='line_1_7' title="bbox 253 1037 1320 1122; baseline 0.005 -19"><span class='ocrx_word' id='word_1_48' title='bbox 253 1038 412 1113; x_wconf 84' lang='lat' dir='ltr'>dubito,</span> <span class='ocrx_word' id='word_1_49' title='bbox 449 1038 540 1120; x_wconf 94' lang='lat' dir='ltr'>quin</span> <span class='ocrx_word' id='word_1_50' title='bbox 573 1039 692 1118; x_wconf 86' lang='lat' dir='ltr'>parat</span> <span class='ocrx_word' id='word_1_51' title='bbox 722 1040 762 1102; x_wconf 85' lang='lat' dir='ltr'>et</span> <span class='ocrx_word' id='word_1_52' title='bbox 789 1056 933 1119; x_wconf 86' lang='lat' dir='ltr'>paucos</span> <span class='ocrx_word' id='word_1_53' title='bbox 957 1037 1012 1114; x_wconf 83' lang='lat' dir='ltr'>(P;</span> <span class='ocrx_word' id='word_1_54' title='bbox 1045 1043 1253 1122; x_wconf 84' lang='lat' dir='ltr'>pparatas</span> <span class='ocrx_word' id='word_1_55' title='bbox 1278 1047 1320 1108; x_wconf 85' lang='lat' dir='ltr'>et</span> 
     </span>
     <span class='ocr_line' id='line_1_8' title="bbox 252 1141 1316 1228; baseline 0.002 -20"><span class='ocrx_word' id='word_1_56' title='bbox 252 1150 415 1228; x_wconf 85' lang='lat' dir='ltr'>paucos)</span> <span class='ocrx_word' id='word_1_57' title='bbox 448 1142 535 1207; x_wconf 90' lang='lat' dir='ltr'>dies</span> <span class='ocrx_word' id='word_1_58' title='bbox 566 1159 609 1206; x_wconf 84' lang='lat' dir='ltr'>ex</span> <span class='ocrx_word' id='word_1_59' title='bbox 630 1141 714 1206; x_wconf 85' lang='lat' dir='ltr'>iste</span> <span class='ocrx_word' id='word_1_60' title='bbox 740 1162 891 1208; x_wconf 84' lang='lat' dir='ltr'>summa</span> <span class='ocrx_word' id='word_1_61' title='bbox 913 1146 951 1208; x_wconf 83' lang='lat' dir='ltr'>et</span> <span class='ocrx_word' id='word_1_62' title='bbox 971 1143 1228 1212; x_wconf 87' lang='lat' dir='ltr'>sacrificium</span> <span class='ocrx_word' id='word_1_63' title='bbox 1253 1166 1316 1211; x_wconf 84' lang='lat' dir='ltr'>re-</span> 
     </span>
     <span class='ocr_line' id='line_1_9' title="bbox 253 1247 1318 1338; baseline 0.002 -24"><span class='ocrx_word' id='word_1_64' title='bbox 253 1250 432 1314; x_wconf 84' lang='lat' dir='ltr'>mittere.</span> <span class='ocrx_word' id='word_1_65' title='bbox 486 1247 630 1338; x_wconf 59' lang='lat' dir='ltr'>Frustra,</span> <span class='ocrx_word' id='word_1_66' title='bbox 646 1247 712 1311; x_wconf 91' lang='lat' dir='ltr'>haec</span> <span class='ocrx_word' id='word_1_67' title='bbox 746 1249 876 1314; x_wconf 82' lang='lat' dir='ltr'>editores</span> <span class='ocrx_word' id='word_1_68' title='bbox 898 1248 938 1313; x_wconf 90' lang='lat' dir='ltr'>ad</span> <span class='ocrx_word' id='word_1_69' title='bbox 959 1249 1060 1330; x_wconf 89' lang='lat' dir='ltr'>ipsum</span> <span class='ocrx_word' id='word_1_70' title='bbox 1082 1249 1242 1315; x_wconf 80' lang='lat' dir='ltr'>Platonem</span> <span class='ocrx_word' id='word_1_71' title='bbox 1265 1270 1318 1316; x_wconf 86' lang='lat' dir='ltr'>ec·</span> 
     </span>
     <span class='ocr_line' id='line_1_10' title="bbox 220 1340 1317 1440; baseline 0.001 -20"><span class='ocrx_word' id='word_1_72' title='bbox 220 1340 223 1345; x_wconf 60' lang='grc'><strong>’</strong></span> <span class='ocrx_word' id='word_1_73' title='bbox 254 1351 449 1420; x_wconf 87' lang='lat' dir='ltr'>commodare</span> <span class='ocrx_word' id='word_1_74' title='bbox 479 1351 606 1418; x_wconf 85' lang='lat' dir='ltr'>student</span> <span class='ocrx_word' id='word_1_75' title='bbox 642 1353 749 1428; x_wconf 85' lang='lat' dir='ltr'>(etiam</span> <span class='ocrx_word' id='word_1_76' title='bbox 783 1353 937 1437; x_wconf 87' lang='lat' dir='ltr'>Hauptius</span> <span class='ocrx_word' id='word_1_77' title='bbox 961 1355 977 1419; x_wconf 93' lang='lat'>1</span> <span class='ocrx_word' id='word_1_78' title='bbox 1005 1374 1035 1437; x_wconf 89' lang='lat' dir='ltr'>p.</span> <span class='ocrx_word' id='word_1_79' title='bbox 1066 1353 1134 1434; x_wconf 83' lang='lat'>13),</span> <span class='ocrx_word' id='word_1_80' title='bbox 1172 1356 1317 1440; x_wconf 91' lang='lat' dir='ltr'>quiquid</span> 
     </span>
     <span class='ocr_line' id='line_1_11' title="bbox 255 1441 1316 1544; baseline -0.001 -20"><span class='ocrx_word' id='word_1_81' title='bbox 255 1461 380 1544; x_wconf 83' lang='lat' dir='ltr'>paratos</span> <span class='ocrx_word' id='word_1_82' title='bbox 403 1461 445 1524; x_wconf 88' lang='lat' dir='ltr'>sit</span> <span class='ocrx_word' id='word_1_83' title='bbox 466 1441 595 1523; x_wconf 79' lang='lat' dir='ltr'>fueritve</span> <span class='ocrx_word' id='word_1_84' title='bbox 617 1459 735 1535; x_wconf 82' lang='lat' dir='ltr'>facere,</span> <span class='ocrx_word' id='word_1_85' title='bbox 769 1459 892 1523; x_wconf 90' lang='lat' dir='ltr'>omuino</span> <span class='ocrx_word' id='word_1_86' title='bbox 912 1460 1002 1524; x_wconf 85' lang='lat' dir='ltr'>nihil</span> <span class='ocrx_word' id='word_1_87' title='bbox 1027 1451 1151 1526; x_wconf 81' lang='lat' dir='ltr'>adrem</span> <span class='ocrx_word' id='word_1_88' title='bbox 1174 1462 1316 1542; x_wconf 86' lang='lat' dir='ltr'>pertinet.</span> 
     </span>
     <span class='ocr_line' id='line_1_12' title="bbox 254 1564 1317 1648; baseline -0.001 -17"><span class='ocrx_word' id='word_1_89' title='bbox 254 1565 454 1632; x_wconf 86' lang='lat' dir='ltr'>Scribendum</span> <span class='ocrx_word' id='word_1_90' title='bbox 489 1565 554 1628; x_wconf 84' lang='lat' dir='ltr'>est:</span> <span class='ocrx_word' id='word_1_91' title='bbox 591 1564 686 1646; x_wconf 93' lang='lat' dir='ltr'>quin</span> <span class='ocrx_word' id='word_1_92' title='bbox 715 1573 884 1646; x_wconf 79' lang='lat' dir='ltr'>paratae</span> <span class='ocrx_word' id='word_1_93' title='bbox 917 1565 972 1626; x_wconf 81' lang='lat' dir='ltr'>ale</span> <span class='ocrx_word' id='word_1_94' title='bbox 1004 1568 1207 1648; x_wconf 86' lang='lat' dir='ltr'>elpaucos</span> <span class='ocrx_word' id='word_1_95' title='bbox 1230 1566 1317 1631; x_wconf 92' lang='lat' dir='ltr'>dies</span> 
     </span>
     <span class='ocr_line' id='line_1_13' title="bbox 255 1667 1318 1751; baseline -0.001 -14"><span class='ocrx_word' id='word_1_96' title='bbox 255 1674 313 1737; x_wconf 83' lang='lat' dir='ltr'>cet.</span> <span class='ocrx_word' id='word_1_97' title='bbox 374 1669 498 1735; x_wconf 87' lang='lat' dir='ltr'>Ludens</span> <span class='ocrx_word' id='word_1_98' title='bbox 532 1667 648 1734; x_wconf 81' lang='lat' dir='ltr'>Seneca</span> <span class='ocrx_word' id='word_1_99' title='bbox 680 1667 843 1751; x_wconf 82' lang='lat' dir='ltr'>siguificat,</span> <span class='ocrx_word' id='word_1_100' title='bbox 880 1669 1031 1734; x_wconf 82' lang='lat' dir='ltr'>Lucilium</span> <span class='ocrx_word' id='word_1_101' title='bbox 1059 1671 1197 1736; x_wconf 86' lang='lat' dir='ltr'>Platonis</span> <span class='ocrx_word' id='word_1_102' title='bbox 1227 1674 1318 1737; x_wconf 84' lang='lat' dir='ltr'>aetate</span> 
     </span>
     <span class='ocr_line' id='line_1_14' title="bbox 255 1772 1319 1860; baseline -0.002 -17"><span class='ocrx_word' id='word_1_103' title='bbox 255 1777 349 1844; x_wconf 85' lang='lat' dir='ltr'>etiam</span> <span class='ocrx_word' id='word_1_104' title='bbox 381 1777 486 1860; x_wconf 86' lang='lat' dir='ltr'>paucis</span> <span class='ocrx_word' id='word_1_105' title='bbox 520 1775 627 1839; x_wconf 87' lang='lat' dir='ltr'>diebus</span> <span class='ocrx_word' id='word_1_106' title='bbox 650 1772 796 1839; x_wconf 83' lang='lat' dir='ltr'>detractis</span> <span class='ocrx_word' id='word_1_107' title='bbox 827 1775 1005 1840; x_wconf 83' lang='lat' dir='ltr'>contentum</span> <span class='ocrx_word' id='word_1_108' title='bbox 1028 1775 1101 1840; x_wconf 85' lang='lat' dir='ltr'>fore.</span> <span class='ocrx_word' id='word_1_109' title='bbox 1145 1776 1319 1860; x_wconf 72' lang='lat' dir='ltr'>Sequuntur</span> 
     </span>
     <span class='ocr_line' id='line_1_15' title="bbox 254 1879 1318 1966; baseline 0.001 -22"><span class='ocrx_word' id='word_1_110' title='bbox 254 1883 271 1966; x_wconf 62' lang='grc' dir='ltr'>ξ</span> <span class='ocrx_word' id='word_1_111' title='bbox 294 1879 335 1944; x_wconf 88' lang='grc'>34</span> <span class='ocrx_word' id='word_1_112' title='bbox 356 1881 432 1960; x_wconf 77' lang='lat'>(31),</span> <span class='ocrx_word' id='word_1_113' title='bbox 455 1881 619 1963; x_wconf 88' lang='lat' dir='ltr'>postquam</span> <span class='ocrx_word' id='word_1_114' title='bbox 641 1879 756 1943; x_wconf 86' lang='lat' dir='ltr'>Seneca</span> <span class='ocrx_word' id='word_1_115' title='bbox 777 1879 978 1960; x_wconf 74' lang='lat' dir='ltr'>questionem</span> <span class='ocrx_word' id='word_1_116' title='bbox 1002 1879 1039 1945; x_wconf 92' lang='lat' dir='ltr'>de</span> <span class='ocrx_word' id='word_1_117' title='bbox 1061 1881 1126 1946; x_wconf 88' lang='lat' dir='ltr'>vita</span> <span class='ocrx_word' id='word_1_118' title='bbox 1147 1881 1318 1946; x_wconf 87' lang='lat' dir='ltr'>voluntaria</span> 
     </span>
     <span class='ocr_line' id='line_1_16' title="bbox 254 1983 1316 2076; baseline -0.001 -24"><span class='ocrx_word' id='word_1_119' title='bbox 254 1989 353 2052; x_wconf 89' lang='lat' dir='ltr'>morte</span> <span class='ocrx_word' id='word_1_120' title='bbox 397 1985 531 2050; x_wconf 91' lang='lat' dir='ltr'>finienda</span> <span class='ocrx_word' id='word_1_121' title='bbox 574 1985 707 2076; x_wconf 59' lang='lat' dir='ltr'>etegit„</span> <span class='ocrx_word' id='word_1_122' title='bbox 745 1983 827 2048; x_wconf 86' lang='lat' dir='ltr'>hacc:</span> <span class='ocrx_word' id='word_1_123' title='bbox 871 1985 1021 2050; x_wconf 89' lang='lat' dir='ltr'>Paucos</span> <span class='ocrx_word' id='word_1_124' title='bbox 1070 1986 1316 2070; x_wconf 85' lang='lat' dir='ltr'>longissima</span> 
     </span>
     <span class='ocr_line' id='line_1_17' title="bbox 255 2089 1317 2174; baseline -0.002 -16"><span class='ocrx_word' id='word_1_125' title='bbox 255 2093 447 2158; x_wconf 82' lang='lat' dir='ltr'>senectus</span> <span class='ocrx_word' id='word_1_126' title='bbox 469 2089 516 2154; x_wconf 89' lang='lat' dir='ltr'>ad</span> <span class='ocrx_word' id='word_1_127' title='bbox 537 2091 706 2155; x_wconf 84' lang='lat' dir='ltr'>mortem</span> <span class='ocrx_word' id='word_1_128' title='bbox 728 2090 816 2154; x_wconf 92' lang='lat' dir='ltr'>sine</span> <span class='ocrx_word' id='word_1_129' title='bbox 837 2089 992 2156; x_wconf 90' lang='lat' dir='ltr'>iniuria</span> <span class='ocrx_word' id='word_1_130' title='bbox 1008 2092 1199 2174; x_wconf 81' lang='lat' dir='ltr'>pertulit3</span> <span class='ocrx_word' id='word_1_131' title='bbox 1222 2093 1317 2157; x_wconf 90' lang='lat' dir='ltr'>mul·</span> 
     </span>
     <span class='ocr_line' id='line_1_18' title="bbox 254 2193 1318 2276; baseline -0.002 -12"><span class='ocrx_word' id='word_1_132' title='bbox 254 2199 309 2265; x_wconf 87' lang='lat' dir='ltr'>tis</span> <span class='ocrx_word' id='word_1_133' title='bbox 351 2197 460 2261; x_wconf 91' lang='lat' dir='ltr'>iners</span> <span class='ocrx_word' id='word_1_134' title='bbox 502 2195 588 2259; x_wconf 88' lang='lat' dir='ltr'>vita</span> <span class='ocrx_word' id='word_1_135' title='bbox 630 2193 717 2260; x_wconf 91' lang='lat' dir='ltr'>siue</span> <span class='ocrx_word' id='word_1_136' title='bbox 759 2215 830 2259; x_wconf 91' lang='lat' dir='ltr'>usu</span> <span class='ocrx_word' id='word_1_137' title='bbox 867 2195 928 2261; x_wconf 89' lang='lat' dir='ltr'>sui</span> <span class='ocrx_word' id='word_1_138' title='bbox 963 2198 1104 2264; x_wconf 84' lang='lat' dir='ltr'>iacuit.</span> <span class='ocrx_word' id='word_1_139' title='bbox 1160 2197 1318 2276; x_wconf 78' lang='lat' dir='ltr'>Quanto</span> 
     </span>
     <span class='ocr_line' id='line_1_19' title="bbox 255 2299 1317 2384; baseline -0.003 -15"><span class='ocrx_word' id='word_1_140' title='bbox 255 2301 399 2369; x_wconf 90' lang='lat' dir='ltr'>deinde</span> <span class='ocrx_word' id='word_1_141' title='bbox 431 2299 641 2365; x_wconf 85' lang='lat' dir='ltr'>crudelius</span> <span class='ocrx_word' id='word_1_142' title='bbox 670 2301 833 2366; x_wconf 88' lang='lat' dir='ltr'>iudicas</span> <span class='ocrx_word' id='word_1_143' title='bbox 867 2303 1026 2384; x_wconf 87' lang='lat' dir='ltr'>aliquid</span> <span class='ocrx_word' id='word_1_144' title='bbox 1048 2321 1089 2366; x_wconf 89' lang='lat' dir='ltr'>en</span> <span class='ocrx_word' id='word_1_145' title='bbox 1112 2303 1196 2367; x_wconf 85' lang='lat' dir='ltr'>rita</span> <span class='ocrx_word' id='word_1_146' title='bbox 1228 2321 1317 2384; x_wconf 88' lang='lat' dir='ltr'>per·</span> 
     </span>
     <span class='ocr_line' id='line_1_20' title="bbox 254 2397 1316 2490; baseline -0.004 -17"><span class='ocrx_word' id='word_1_147' title='bbox 254 2408 413 2473; x_wconf 89' lang='lat' dir='ltr'>didisse</span> <span class='ocrx_word' id='word_1_148' title='bbox 438 2405 615 2489; x_wconf 86' lang='lat' dir='ltr'>quamvis</span> <span class='ocrx_word' id='word_1_149' title='bbox 638 2406 845 2470; x_wconf 85' lang='lat' dir='ltr'>finienda?</span> <span class='ocrx_word' id='word_1_150' title='bbox 894 2407 1002 2490; x_wconf 89' lang='lat' dir='ltr'>Neque</span> <span class='ocrx_word' id='word_1_151' title='bbox 1024 2408 1061 2472; x_wconf 89' lang='lat' dir='ltr'>de</span> <span class='ocrx_word' id='word_1_152' title='bbox 1083 2397 1264 2472; x_wconf 81' lang='lat' dir='ltr'>crudelitate</span> <span class='ocrx_word' id='word_1_153' title='bbox 1286 2407 1316 2471; x_wconf 90' lang='lat' dir='ltr'>h.</span> 
     </span>
     <span class='ocr_line' id='line_1_21' title="bbox 253 2513 1318 2598; baseline -0.001 -19"><span class='ocrx_word' id='word_1_154' title='bbox 253 2514 274 2580; x_wconf 88' lang='lat' dir='ltr'>l.</span> <span class='ocrx_word' id='word_1_155' title='bbox 287 2515 399 2598; x_wconf 81' lang='lat' dir='ltr'>agitur,</span> <span class='ocrx_word' id='word_1_156' title='bbox 421 2529 529 2594; x_wconf 84' lang='lat' dir='ltr'>neque,</span> <span class='ocrx_word' id='word_1_157' title='bbox 552 2530 611 2593; x_wconf 91' lang='lat' dir='ltr'>quo</span> <span class='ocrx_word' id='word_1_158' title='bbox 634 2513 821 2592; x_wconf 88' lang='lat' dir='ltr'>comparatio</span> <span class='ocrx_word' id='word_1_159' title='bbox 844 2513 971 2593; x_wconf 79' lang='lat' dir='ltr'>spectet,</span> <span class='ocrx_word' id='word_1_160' title='bbox 994 2517 1131 2596; x_wconf 87' lang='lat' dir='ltr'>apparet,</span> <span class='ocrx_word' id='word_1_161' title='bbox 1155 2514 1186 2578; x_wconf 84' lang='lat' dir='ltr'>et</span> <span class='ocrx_word' id='word_1_162' title='bbox 1207 2513 1318 2596; x_wconf 80' lang='lat' dir='ltr'>ignave</span> 
     </span>
     <span class='ocr_line' id='line_1_22' title="bbox 254 2613 1318 2698; baseline -0.003 -13"><span class='ocrx_word' id='word_1_163' title='bbox 254 2637 346 2685; x_wconf 90' lang='lat' dir='ltr'>sensu</span> <span class='ocrx_word' id='word_1_164' title='bbox 382 2635 503 2683; x_wconf 78' lang='lat' dir='ltr'>cassam</span> <span class='ocrx_word' id='word_1_165' title='bbox 548 2613 687 2680; x_wconf 85' lang='lat' dir='ltr'>additur:</span> <span class='ocrx_word' id='word_1_166' title='bbox 726 2617 909 2698; x_wconf 82' lang='lat' dir='ltr'>quamvis</span> <span class='ocrx_word' id='word_1_167' title='bbox 951 2617 1142 2682; x_wconf 88' lang='lat' dir='ltr'>finienda.</span> <span class='ocrx_word' id='word_1_168' title='bbox 1206 2619 1318 2682; x_wconf 87' lang='lat' dir='ltr'>Omnia</span> 
     </span>
     <span class='ocr_line' id='line_1_23' title="bbox 252 2719 1317 2804; baseline -0.002 -16"><span class='ocrx_word' id='word_1_169' title='bbox 252 2725 337 2788; x_wconf 85' lang='lat' dir='ltr'>recta</span> <span class='ocrx_word' id='word_1_170' title='bbox 363 2725 395 2787; x_wconf 88' lang='lat' dir='ltr'>ct</span> <span class='ocrx_word' id='word_1_171' title='bbox 426 2723 499 2804; x_wconf 85' lang='lat' dir='ltr'>apta</span> <span class='ocrx_word' id='word_1_172' title='bbox 528 2721 594 2784; x_wconf 89' lang='lat' dir='ltr'>haec</span> <span class='ocrx_word' id='word_1_173' title='bbox 625 2719 739 2785; x_wconf 81' lang='lat' dir='ltr'>efficiet</span> <span class='ocrx_word' id='word_1_174' title='bbox 768 2722 935 2804; x_wconf 84' lang='lat' dir='ltr'>scriptura:</span> <span class='ocrx_word' id='word_1_175' title='bbox 980 2723 1137 2802; x_wconf 80' lang='lat' dir='ltr'>Quanto</span> <span class='ocrx_word' id='word_1_176' title='bbox 1174 2723 1317 2789; x_wconf 89' lang='lat' dir='ltr'>deiude</span> 
     </span>
     <span class='ocr_line' id='line_1_24' title="bbox 254 2823 1317 2912; baseline 0.001 -22"><span class='ocrx_word' id='word_1_177' title='bbox 254 2827 382 2890; x_wconf 80' lang='lat' dir='ltr'>levius</span> <span class='ocrx_word' id='word_1_178' title='bbox 416 2826 593 2910; x_wconf 82' lang='lat' dir='ltr'>[Geertzins</span> <span class='ocrx_word' id='word_1_179' title='bbox 626 2823 744 2910; x_wconf 78' lang='lat' dir='ltr'>otiliae]</span> <span class='ocrx_word' id='word_1_180' title='bbox 776 2826 934 2892; x_wconf 86' lang='lat' dir='ltr'>iudicas</span> <span class='ocrx_word' id='word_1_181' title='bbox 968 2827 1123 2912; x_wconf 86' lang='lat' dir='ltr'>aliquid</span> <span class='ocrx_word' id='word_1_182' title='bbox 1156 2849 1199 2893; x_wconf 85' lang='lat' dir='ltr'>er</span> <span class='ocrx_word' id='word_1_183' title='bbox 1231 2829 1317 2894; x_wconf 85' lang='lat' dir='ltr'>vita</span> 
     </span>
     <span class='ocr_line' id='line_1_25' title="bbox 252 2925 1314 3018; baseline -0.001 -20"><span class='ocrx_word' id='word_1_184' title='bbox 252 2925 487 3018; x_wconf 88' lang='lat' dir='ltr'>perdidisse</span> <span class='ocrx_word' id='word_1_185' title='bbox 509 2949 623 3013; x_wconf 88' lang='lat' dir='ltr'>quam</span> <span class='ocrx_word' id='word_1_186' title='bbox 644 2931 702 2992; x_wconf 83' lang='lat' dir='ltr'>a&#39;ua</span> <span class='ocrx_word' id='word_1_187' title='bbox 727 2931 939 3015; x_wconf 73' lang='lat' dir='ltr'>finiendo?</span> <span class='ocrx_word' id='word_1_188' title='bbox 969 2933 1062 3015; x_wconf 90' lang='lat' dir='ltr'>(quod</span> <span class='ocrx_word' id='word_1_189' title='bbox 1084 2933 1179 2999; x_wconf 88' lang='lat' dir='ltr'>Stoici</span> <span class='ocrx_word' id='word_1_190' title='bbox 1216 2932 1314 3015; x_wconf 79' lang='lat' dir='ltr'>daut).</span> 
     </span>
     <span class='ocr_line' id='line_1_26' title="bbox 251 3035 1215 3120; baseline -0.005 -13"><span class='ocrx_word' id='word_1_191' title='bbox 251 3042 302 3107; x_wconf 86' lang='lat' dir='ltr'>Ad</span> <span class='ocrx_word' id='word_1_192' title='bbox 324 3039 453 3106; x_wconf 92' lang='lat' dir='ltr'>hocius</span> <span class='ocrx_word' id='word_1_193' title='bbox 474 3037 545 3101; x_wconf 82' lang='lat' dir='ltr'>ritae</span> <span class='ocrx_word' id='word_1_194' title='bbox 566 3035 708 3101; x_wconf 88' lang='lat' dir='ltr'>finiendae</span> <span class='ocrx_word' id='word_1_195' title='bbox 729 3036 893 3119; x_wconf 78' lang='lat' dir='ltr'>pertinent,</span> <span class='ocrx_word' id='word_1_196' title='bbox 916 3057 982 3120; x_wconf 83' lang='lat' dir='ltr'>quae</span> <span class='ocrx_word' id='word_1_197' title='bbox 1004 3038 1215 3104; x_wconf 83' lang='lat' dir='ltr'>subiioinnnur.</span> 
     </span>
    </p>

    <p class='ocr_par' dir='ltr' id='par_1_3' title="bbox 250 3141 1316 3960">
     <span class='ocr_line' id='line_1_27' title="bbox 352 3141 1314 3225; baseline -0.001 -19"><span class='ocrx_word' id='word_1_198' title='bbox 352 3143 409 3225; x_wconf 82' lang='lat' dir='ltr'>llp.</span> <span class='ocrx_word' id='word_1_199' title='bbox 433 3141 483 3214; x_wconf 81' lang='grc'>61,</span> <span class='ocrx_word' id='word_1_200' title='bbox 509 3143 542 3202; x_wconf 88' lang='lat' dir='ltr'>l:</span> <span class='ocrx_word' id='word_1_201' title='bbox 586 3141 844 3216; x_wconf 82' lang='lat' dir='ltr'>Desinemus,</span> <span class='ocrx_word' id='word_1_202' title='bbox 867 3141 970 3225; x_wconf 92' lang='lat' dir='ltr'>quod</span> <span class='ocrx_word' id='word_1_203' title='bbox 992 3143 1193 3210; x_wconf 84' lang='lat' dir='ltr'>voluimus</span> <span class='ocrx_word' id='word_1_204' title='bbox 1215 3143 1314 3224; x_wconf 87' lang='lat' dir='ltr'>(codd.</span> 
     </span>
     <span class='ocr_line' id='line_1_28' title="bbox 252 3247 1314 3330; baseline -0.004 -15"><span class='ocrx_word' id='word_1_205' title='bbox 252 3249 439 3324; x_wconf 81' lang='lat' dir='ltr'>volimus)</span> <span class='ocrx_word' id='word_1_206' title='bbox 461 3247 572 3311; x_wconf 88' lang='lat' dir='ltr'>velle.</span> <span class='ocrx_word' id='word_1_207' title='bbox 621 3248 700 3329; x_wconf 68' lang='lat' dir='ltr'>Suo</span> <span class='ocrx_word' id='word_1_208' title='bbox 724 3247 894 3312; x_wconf 82' lang='lat' dir='ltr'>certeid</span> <span class='ocrx_word' id='word_1_209' title='bbox 927 3267 996 3330; x_wconf 85' lang='lat' dir='ltr'>ago</span> <span class='ocrx_word' id='word_1_210' title='bbox 1028 3266 1147 3312; x_wconf 85' lang='lat' dir='ltr'>senex</span> <span class='ocrx_word' id='word_1_211' title='bbox 1181 3249 1314 3312; x_wconf 91' lang='lat' dir='ltr'>eadem</span> 
     </span>
     <span class='ocr_line' id='line_1_29' title="bbox 251 3351 1315 3434; baseline -0.005 -14"><span class='ocrx_word' id='word_1_212' title='bbox 251 3355 378 3430; x_wconf 76' lang='lat' dir='ltr'>velle,</span> <span class='ocrx_word' id='word_1_213' title='bbox 415 3371 495 3434; x_wconf 87' lang='lat' dir='ltr'>quac</span> <span class='ocrx_word' id='word_1_214' title='bbox 529 3369 626 3434; x_wconf 84' lang='lat' dir='ltr'>puer</span> <span class='ocrx_word' id='word_1_215' title='bbox 667 3353 787 3417; x_wconf 87' lang='lat' dir='ltr'>volui.</span> <span class='ocrx_word' id='word_1_216' title='bbox 844 3351 894 3418; x_wconf 88' lang='lat' dir='ltr'>Sic</span> <span class='ocrx_word' id='word_1_217' title='bbox 928 3352 1054 3418; x_wconf 90' lang='lat' dir='ltr'>codices.</span> <span class='ocrx_word' id='word_1_218' title='bbox 1112 3352 1315 3417; x_wconf 89' lang='lat' dir='ltr'>Scribendum</span> 
     </span>
     <span class='ocr_line' id='line_1_30' title="bbox 251 3457 1316 3540; baseline -0.006 -13"><span class='ocrx_word' id='word_1_219' title='bbox 251 3462 388 3528; x_wconf 79' lang='lat' dir='ltr'>videtur:</span> <span class='ocrx_word' id='word_1_220' title='bbox 410 3459 449 3522; x_wconf 94' lang='lat' dir='ltr'>id</span> <span class='ocrx_word' id='word_1_221' title='bbox 471 3474 559 3540; x_wconf 79' lang='lat' dir='ltr'>ago,</span> <span class='ocrx_word' id='word_1_222' title='bbox 580 3477 622 3517; x_wconf 80' lang='lat' dir='ltr'>ac</span> <span class='ocrx_word' id='word_1_223' title='bbox 643 3475 765 3522; x_wconf 84' lang='lat' dir='ltr'>senex</span> <span class='ocrx_word' id='word_1_224' title='bbox 788 3457 927 3526; x_wconf 72' lang='lat' dir='ltr'>eadem,</span> <span class='ocrx_word' id='word_1_225' title='bbox 946 3457 1078 3532; x_wconf 81' lang='lat' dir='ltr'>velim,</span> <span class='ocrx_word' id='word_1_226' title='bbox 1116 3477 1196 3540; x_wconf 91' lang='lat' dir='ltr'>quae</span> <span class='ocrx_word' id='word_1_227' title='bbox 1217 3475 1316 3540; x_wconf 90' lang='lat' dir='ltr'>puer</span> 
     </span>
     <span class='ocr_line' id='line_1_31' title="bbox 251 3561 1314 3646; baseline -0.005 -14"><span class='ocrx_word' id='word_1_228' title='bbox 251 3565 367 3632; x_wconf 87' lang='lat' dir='ltr'>volui.</span> <span class='ocrx_word' id='word_1_229' title='bbox 422 3561 546 3627; x_wconf 82' lang='lat' dir='ltr'>Omissa</span> <span class='ocrx_word' id='word_1_230' title='bbox 566 3582 609 3623; x_wconf 80' lang='lat' dir='ltr'>aa</span> <span class='ocrx_word' id='word_1_231' title='bbox 630 3564 700 3626; x_wconf 89' lang='lat' dir='ltr'>ante</span> <span class='ocrx_word' id='word_1_232' title='bbox 722 3583 762 3625; x_wconf 84' lang='lat' dir='ltr'>ae</span> <span class='ocrx_word' id='word_1_233' title='bbox 790 3565 944 3628; x_wconf 84' lang='lat' dir='ltr'>mutatum</span> <span class='ocrx_word' id='word_1_234' title='bbox 967 3565 1014 3627; x_wconf 87' lang='lat' dir='ltr'>est</span> <span class='ocrx_word' id='word_1_235' title='bbox 1036 3562 1177 3640; x_wconf 80' lang='lat' dir='ltr'>velim,</span> <span class='ocrx_word' id='word_1_236' title='bbox 1199 3581 1314 3646; x_wconf 87' lang='lat' dir='ltr'>praece·</span> 
     </span>
     <span class='ocr_line' id='line_1_32' title="bbox 253 3666 1316 3761; baseline -0.003 -25"><span class='ocrx_word' id='word_1_237' title='bbox 253 3673 344 3736; x_wconf 87' lang='lat' dir='ltr'>deute</span> <span class='ocrx_word' id='word_1_238' title='bbox 365 3668 534 3753; x_wconf 73' lang='lat' dir='ltr'>prasertim</span> <span class='ocrx_word' id='word_1_239' title='bbox 558 3666 676 3730; x_wconf 84' lang='lat' dir='ltr'>velle.</span> <span class='ocrx_word' id='word_1_240' title='bbox 722 3667 801 3732; x_wconf 81' lang='lat' dir='ltr'>Tum</span> <span class='ocrx_word' id='word_1_241' title='bbox 819 3667 870 3761; x_wconf 20' lang='lat'>§¹3</span> <span class='ocrx_word' id='word_1_242' title='bbox 893 3668 1086 3732; x_wconf 88' lang='lat' dir='ltr'>scribendum</span> <span class='ocrx_word' id='word_1_243' title='bbox 1108 3670 1156 3732; x_wconf 87' lang='lat' dir='ltr'>est</span> <span class='ocrx_word' id='word_1_244' title='bbox 1178 3669 1316 3751; x_wconf 84' lang='lat' dir='ltr'>proxime</span> 
     </span>
     <span class='ocr_line' id='line_1_33' title="bbox 250 3772 1316 3859; baseline -0.003 -18"><span class='ocrx_word' id='word_1_245' title='bbox 250 3772 951 3859; x_wconf 83' lang='lat' dir='ltr'>vestigiacodicisp:Quicquiduecesse</span> <span class='ocrx_word' id='word_1_246' title='bbox 971 3775 1236 3850; x_wconf 71' lang='lat' dir='ltr'>ostiolorum</span> <span class='ocrx_word' id='word_1_247' title='bbox 1253 3775 1316 3839; x_wconf 88' lang='lat' dir='ltr'>est</span> 
     </span>
     <span class='ocr_line' id='line_1_34' title="bbox 252 3877 1314 3960; baseline 0 -15"><span class='ocrx_word' id='word_1_248' title='bbox 252 3877 683 3960; x_wconf 76' lang='lat' dir='ltr'>(eslecP)repugnanti;</span> <span class='ocrx_word' id='word_1_249' title='bbox 706 3878 865 3943; x_wconf 81' lang='lat' dir='ltr'>volenti</span> <span class='ocrx_word' id='word_1_250' title='bbox 890 3879 1123 3943; x_wconf 82' lang='lat' dir='ltr'>necessitas</span> <span class='ocrx_word' id='word_1_251' title='bbox 1145 3899 1219 3944; x_wconf 92' lang='lat' dir='ltr'>nou</span> <span class='ocrx_word' id='word_1_252' title='bbox 1245 3881 1314 3945; x_wconf 80' lang='lat' dir='ltr'>est</span> 
     </span>
    </p>

    <p class='ocr_par' dir='ltr' id='par_1_4' title="bbox 349 3970 1316 4069">
     <span class='ocr_line' id='line_1_35' title="bbox 349 3970 1316 4069; baseline 0 -20"><span class='ocrx_word' id='word_1_253' title='bbox 349 3985 405 4069; x_wconf 80' lang='lat' dir='ltr'>Ep.</span> <span class='ocrx_word' id='word_1_254' title='bbox 428 3983 477 4055; x_wconf 82' lang='lat'>65,</span> <span class='ocrx_word' id='word_1_255' title='bbox 503 3983 558 4046; x_wconf 79' lang='lat'>15:</span> <span class='ocrx_word' id='word_1_256' title='bbox 601 3983 680 4066; x_wconf 85' lang='lat' dir='ltr'>Ego</span> <span class='ocrx_word' id='word_1_257' title='bbox 712 3970 870 4066; x_wconf 88' lang='lat' dir='ltr'>quidem</span> <span class='ocrx_word' id='word_1_258' title='bbox 905 3984 1043 4064; x_wconf 87' lang='lat' dir='ltr'>priora</span> <span class='ocrx_word' id='word_1_259' title='bbox 1075 3983 1150 4048; x_wconf 88' lang='lat' dir='ltr'>illa</span> <span class='ocrx_word' id='word_1_260' title='bbox 1178 4003 1251 4068; x_wconf 86' lang='lat' dir='ltr'>ago</span> <span class='ocrx_word' id='word_1_261' title='bbox 1272 4005 1316 4050; x_wconf 87' lang='lat' dir='ltr'>ac</span> 
     </span>
    </p>
   </div>
   <div class='ocr_carea' id='block_1_3' title="bbox 4 4088 1315 4173">
    <p class='ocr_par' dir='ltr' id='par_1_5' title="bbox 4 4088 1315 4173">
     <span class='ocr_line' id='line_1_36' title="bbox 4 4088 1315 4173; baseline -0.003 -15"><span class='ocrx_word' id='word_1_262' title='bbox 4 4097 5 4158; x_wconf 72' lang='lat' dir='ltr'>l</span> <span class='ocrx_word' id='word_1_263' title='bbox 132 4103 134 4108; x_wconf 84' lang='lat'>&#39;</span> <span class='ocrx_word' id='word_1_264' title='bbox 250 4091 403 4163; x_wconf 81' lang='lat' dir='ltr'>tracto,</span> <span class='ocrx_word' id='word_1_265' title='bbox 446 4088 589 4170; x_wconf 92' lang='lat' dir='ltr'>quibus</span> <span class='ocrx_word' id='word_1_266' title='bbox 622 4089 791 4170; x_wconf 84' lang='lat' dir='ltr'>pacatur</span> <span class='ocrx_word' id='word_1_267' title='bbox 823 4089 996 4165; x_wconf 81' lang='lat' dir='ltr'>animus,</span> <span class='ocrx_word' id='word_1_268' title='bbox 1034 4093 1073 4154; x_wconf 86' lang='lat' dir='ltr'>et</span> <span class='ocrx_word' id='word_1_269' title='bbox 1105 4107 1162 4154; x_wconf 90' lang='lat' dir='ltr'>me</span> <span class='ocrx_word' id='word_1_270' title='bbox 1201 4090 1315 4173; x_wconf 88' lang='lat' dir='ltr'>prins</span> 
     </span>
    </p>
   </div>
   <div class='ocr_carea' id='block_1_4' title="bbox 359 4193 370 4211">
    <p class='ocr_par' dir='ltr' id='par_1_6' title="bbox 359 4193 370 4211">
     <span class='ocr_line' id='line_1_37' title="bbox 359 4193 370 4211; baseline 0 0"><span class='ocrx_word' id='word_1_271' title='bbox 359 4193 370 4211; x_wconf 59' lang='lat' dir='ltr'>k</span> 
     </span>
    </p>
   </div>
   <div class='ocr_carea' id='block_1_5' title="bbox 0 0 1482 4648">
    <p class='ocr_par' dir='ltr' id='par_1_7' title="bbox 0 0 1482 4648">
     <span class='ocr_line' id='line_1_38' title="bbox 0 0 1482 4648; baseline 0 0"><span class='ocrx_word' id='word_1_272' title='bbox 0 0 1482 4648; x_wconf 95' lang='lat' dir='ltr'> </span> 
     </span>
    </p>
   </div>
  </div>
 </body>
</html>
