2918 4652
329 297 393 360 m
502 281 505 290 ’
706 295 938 366 mmmu

292 496 411 563 Gellius
433 497 540 580 ponit),
573 495 633 561 nisi
648 581 651 588 Ι
666 496 746 579 quod
769 495 1023 578 reprehensionis·
1035 495 1218 580 significatio
1237 498 1352 585 deesset

291 612 333 682 (r.
366 623 392 668 e.
429 602 496 667 sed
528 601 628 666 enirn
665 601 786 683 prave
901 604 1167 679 sanxerunt).'
1204 605 1240 666 In
1274 603 1352 666 vide

247 723 249 728 ’
289 711 396 775 subest
418 708 580 774 manifesto
612 707 806 773 videlieet
827 708 901 772 nota
921 709 1145 790 perfrequeutis
1167 709 1353 792 usussorip·

291 817 370 890 turn,
406 835 465 898 quo
502 815 650 881 rooabulo
697 813 835 878 elevatur
876 813 956 890 iam,
1001 814 1081 896 quod
1129 815 1285 890 obiieitur;
1326 816 1354 878 in

290 921 417 1004 ipsum
438 921 560 986 videtur
591 920 689 984 latare
719 919 855 986 adverbii
886 919 1103 1002 superlativus:
1147 920 1221 985 Sed
1259 922 1355 985 enirn

290 1027 546 1111 iniquiorum
571 1025 940 1090 videlieet'iniurias
976 1019 1105 1090 faetus
1137 1026 1236 1090 XXV
1267 1028 1356 1091 assi·

292 1135 360 1200 bus
383 1133 601 1198 sanxerunt
650 1123 777 1196 'Primae
806 1130 942 1195 adverbii
963 1131 1074 1195 littera
1097 1136 1166 1214 posi
1188 1134 1289 1197 enim
1311 1134 1356 1198 iu-

290 1243 435 1322 terooptae
456 1258 526 1305 esse
549 1238 703 1313 uidentur,
724 1237 783 1306 uisi
804 1237 881 1303 luit:
920 1236 984 1300 Sed
1003 1239 1258 1324 iniquiorum
1280 1238 1357 1300 odie-

292 1345 367 1408 licet.
428 1346 475 1410 De
507 1348 528 1426 ξ
559 1343 601 1406 34
622 1344 729 1426 primis
751 1343 852 1407 verbis
882 1341 943 1407 diri
965 1344 1013 1408 vol
1046 1345 1111 1427 I-p.
1136 1343 1176 1407 33
1198 1363 1244 1426 sq.
1302 1343 1358 1408 Sed

291 1454 489 1536 paulopost,
522 1452 558 1515 ut
581 1451 678 1517 oratio
706 1450 858 1514 oobaereat
890 1449 923 1512 et
954 1450 1107 1514 sententia
1129 1451 1295 1524 efficiatur,
1319 1441 1364 1514 sio'

295 1558 490 1626 scribendum
513 1561 576 1624 est:
598 1576 720 1640 neque
752 1557 834 1621 eius
941 1555 1088 1620 tantam
1112 1574 1196 1620 esse
1218 1555 1356 1621 baben·

183 1661 187 1671 “
292 1666 377 1731 darn
413 1663 602 1730 rationem
635 1661 826 1728 arbitrati
859 1665 965 1736 sunt,
998 1666 1057 1738 ut,
1092 1661 1259 1745 prudens
1295 1662 1359 1722 im-

288 1771 507 1855 pradeaaae
527 1769 716 1852 rupisset,
751 1766 1004 1851 speotandum
1037 1768 1224 1851 putarent
1247 1765 1359 1829 talio·
1426 1775 1427 1786 ¹

290 1897 415 1939 nemea
456 1878 518 1942 rel
562 1875 607 1939 ad
661 1875 842 1940 amussim
887 1874 1174 1958 aequiperarent
1216 1875 1281 1938 rel
1322 1873 1358 1936 in

290 1982 422 2047 librili
445 1981 750 2064 perpenderent.
795 1981 921 2064 (Vulgo
957 1984 1014 2054 ut,
1036 1999 1082 2045 en
1103 1978 1273 2063 prudens
1296 1981 1361 2042 im-

290 2087 706 2170 prudensuerupisset,
730 2091 777 2150 et:
799 2087 986 2152 talionem
1002 2087 1037 2150 in
1062 2106 1102 2152 eo
1125 2088 1188 2151 vel
1210 2086 1260 2150 ad
1282 2091 1359 2158 anu.)

195 2177 198 2184 ¹
290 2193 372 2280 §37
395 2195 427 2259 in
460 2213 506 2270 eo,
540 2193 622 2275 qnod
654 2192 685 2255 in
721 2192 877 2258 oodioibus
908 2194 1067 2258 scribitur:
1112 2193 1222 2271 Quod
1257 2191 1360 2255 edio-

293 2303 372 2365 tum
405 2302 535 2366 autern
569 2299 793 2386 praetorium
825 2298 878 2362 'de
917 2299 1163 2374 aestimandis
1204 2298 1360 2363 iniuriis

176 2475 179 2484 ,
292 2405 542 2491 probabilius
574 2424 661 2470 esse
693 2405 774 2470 exis
808 2406 872 2481 (uel
904 2406 1003 2483 enti),
1034 2405 1122 2470 nolo
1144 2405 1215 2480 eet,
1242 2404 1361 2469 videtur

236 2529 240 2535 ·
293 2511 643 2598 litteraegeminatione
656 2511 723 2574 orta
732 2529 802 2576 esse
811 2511 1189 2593 eliioiendumqueda‘ati.
1201 2511 1360 2576 Postremo

292 2617 451 2704 §40pro
481 2637 528 2694 eo,
560 2615 638 2699 quod
671 2615 784 2682 editur:
822 2635 934 2699 quam
967 2618 999 2680 si
1033 2618 1096 2682 oui
1128 2617 1361 2706 probaretur

293 2726 478 2792 clientem
501 2722 646 2788 diuisui
669 2721 869 2796 habuisse,
903 2723 1107 2795 seribendum,
1131 2736 1169 2787 ne
1192 2724 1359 2788 subiectum
1426 2753 1427 2796 p

294 2831 391 2898 desit:
425 2848 536 2913 quam
558 2830 590 2892 si
612 2829 677 2912 qui
697 2828 804 2910 (quia)
829 2829 1105 2914 probaretur.¹)
1150 2827 1358 2913 [SioStepb.]

379 2935 461 3002 lbd.
484 2936 512 3009 5,
536 2935 570 2998 7:
604 2953 687 2999 oum
792 2953 855 2998 rer
879 2934 1099 2999 Alexander
1207 2955 1249 3001 ea
1273 2940 1358 3000 tenr-

293 3044 451 3126 pestate
493 3039 608 3104 armis
648 3041 862 3106 exereitum
900 3058 1044 3104 omnem
1077 3060 1193 3123 prope
1231 3043 1358 3107 Asiam

293 3150 469 3212 teneret·
511 3144 607 3212 Sorib.
640 3145 757 3209 armis
780 3154 812 3206 el
833 3147 1014 3213 eerraira.
1068 3147 1357 3223 (Hertziuserer-

293 3254 410 3319 oitum
433 3270 541 3326 errore,
563 3254 600 3315 ut
615 3252 750 3316 videtur.
788 3251 821 3316 Si
843 3252 888 3315 ita
909 3253 941 3315 in
965 3253 1119 3317 ordinibus
1142 3255 1235 3331 esset,
1260 3251 1355 3317 meni·

118 3343 119 3348 ἵ
269 3359 398 3447 ,laedor
418 3359 501 3424 esset
524 3357 695 3440 eorreotio.)
729 3358 822 3442 [lidd.
845 3361 919 3422 vett.
943 3360 1058 3422 armis
1080 3355 1355 3443 exercituque]

177 3455 179 3458 ’
393 3465 459 3528 lbd.
490 3465 525 3541 6,
558 3463 585 3526 3.
610 3465 653 3540 (in
679 3463 852 3547 fragmento
884 3465 918 3528 L.
947 3464 1040 3528 Sullae
1069 3482 1181 3530 rerum·
1202 3467 1353 3549 gestarum
1426 3451 1427 3528 l

291 3571 362 3636 libri
384 3570 538 3652 secund-il:
568 3570 646 3650 Quo
672 3571 705 3634 si
727 3577 797 3647 (sor.
827 3567 935 3647 Quod
956 3572 1004 3665 si)¹
1024 3571 1116 3635 fieri
1138 3572 1288 3653 potest,
1320 3568 1354 3631 ut

291 3777 491 3786 Ἢ

320 3926 341 3994 ¹)
360 3926 520 3982 Incredibile
538 3927 608 3981 illud
634 3927 694 3994 int
717 3930 746 3982 7:
773 3929 976 3980 nocturnum
1006 3931 1118 3980 autern
1146 3926 1257 3982 furem
1283 3926 1349 3979 iure

271 4045 275 4054 ·
361 4018 544 4074 incidendi
563 4020 693 4076 tribuit
711 4023 799 4074 ortum
810 4018 1027 4074 rideturerboo:
1046 4021 1098 4072 ius
1118 4023 1148 4071 ei
1164 4016 1349 4074 oooidendi.

363 4111 440 4179 (lldd.
460 4113 609 4182 superiores
626 4112 679 4166 ius
698 4111 817 4179 occid.)
1091 4101 1095 4114 ⁸
