2956 4648
325 243 387 310 536
663 205 666 212 ¹
691 242 752 299 usu.
760 241 836 298 vm.
846 240 909 312 esp.
918 241 951 296 v,

283 445 426 510 iuncta
448 462 533 510 cum
555 439 744 523 loquendo
767 441 835 514 eet,
865 441 905 504 et
926 439 1227 506 enarrationem
1249 459 1342 524 prae·

285 549 395 616 cedit
428 546 637 614 emendata
668 545 795 610 lectio
828 547 886 610 eet
942 543 1040 610 Nemo
1062 545 1171 612 Latine
1204 547 1343 610 morant

285 660 349 718 cirre
369 654 598 738 prepositiones
620 670 691 716 cum
720 650 867 734 gerundio
889 651 1006 732 posuit,
1040 671 1106 729 uec,
1140 652 1221 737 quod
1242 653 1343 718 scribi·

284 764 346 839 tur,
379 763 496 826 rectam
517 759 611 823 hebet
639 757 839 833 sententiam
873 773 971 840 neque
1001 757 1083 822 enim
1111 775 1181 823 cum
1207 757 1343 842 loquendi

285 885 377 951 opera
407 869 440 932 et
462 863 617 930 locutione
645 862 804 928 coniuncta
825 862 977 928 scribendi
999 863 1077 928 ratio
1101 865 1157 940 est,
1190 864 1245 929 sed
1277 883 1344 930 cum

286 993 331 1050 ea,
365 991 457 1056 quam
485 969 621 1056 proxime
657 971 727 1034 ante
760 965 966 1046 Quintilianus
995 969 1175 1046 nominavit,
1208 969 1345 1054 loquendi

285 1079 421 1146 scientia.
473 1075 553 1141 Nam
589 1094 659 1141 oum
692 1075 889 1158 grammatici
931 1074 1152 1157 professionem
1195 1075 1346 1142 divisisset
1440 1163 1441 1166 Ἴ

284 1184 316 1247 in
353 1182 497 1267 loquendi
531 1181 693 1246 solentiam
729 1183 761 1245 et
792 1179 1016 1245 enarrationem
1048 1182 1226 1264 poetarum,
1259 1200 1344 1256 nnnc,

285 1287 360 1372 quid
378 1289 426 1353 his
449 1287 566 1353 duobus
588 1286 766 1352 adiunctum
788 1287 842 1362 sit,
862 1286 994 1367 exponit.
1045 1285 1216 1369 Sumpserat
1236 1288 1344 1372 igitur:
1440 1273 1441 1286 ¹

286 1393 494 1461 scribendi
526 1391 633 1456 ratio
656 1391 868 1456 coniuncta
890 1410 974 1456 cnm
997 1389 1186 1476 loquendi
1206 1394 1347 1473 (ratione)

286 1502 359 1566 est.
404 1498 502 1579 Quem
526 1498 657 1582 proclive
686 1497 831 1562 fueritin
853 1497 910 1560 hac
930 1497 1077 1562 orationis
1098 1497 1198 1564 forma
1219 1499 1268 1576 (de
1290 1518 1350 1582 qua

285 1604 346 1683 diri
377 1603 431 1670 Gr.
466 1604 535 1668 Let.
569 1603 586 1687 ᾗ
614 1603 676 1666 280
704 1624 735 1668 n.
758 1603 793 1684 2)
830 1605 1006 1687 genetivum
1035 1605 1074 1670 ad
1105 1605 1346 1688 praepositionem

286 1708 521 1783 accommodare,
544 1710 715 1792 appareb¹l

385 1815 453 1880 lbd.
484 1815 518 1894 6,
554 1816 593 1878 14
625 1815 759 1897 seposita
792 1814 969 1880 coniectura
1000 1835 1017 1881 e
1053 1817 1120 1886 eod.
1148 1817 1351 1882 Ambrosiano

287 1923 319 1986 et
342 1921 489 1986 Beruensi
521 1926 578 2004 (pr.
609 1920 884 2004 miseribendum
907 1923 970 1986 est:
1003 1921 1080 1988 illa
1101 1924 1230 1988 tamen
1254 1941 1351 2006 quo·

286 2025 395 2092 modo
441 2025 654 2111 effugient,
703 2036 742 2089 ut
789 2047 883 2101 coa,
935 2029 1112 2109 quamvis
1160 2028 1351 2093 feminina

286 2131 487 2216 singulari
507 2133 752 2198 nominativo
773 2153 814 2193 ae
835 2131 994 2200 litteris
1016 2133 1133 2198 finita
1157 2153 1352 2218 nunquam

287 2238 475 2324 genetivo
507 2257 600 2304 casu
632 2239 691 2300 rie
723 2238 881 2322 syllaba
902 2239 1191 2317 terminentur,
1226 2240 1354 2305 faciat

286 2348 416 2412 tamen
439 2345 566 2410 Venus
589 2344 783 2409 Veneris?
826 2344 909 2409 Nam
931 2344 971 2409 ad
1001 2344 1191 2429 effugient
1221 2345 1266 2410 sic
1288 2345 1354 2410 baec

287 2451 493 2532 Quintilianus
516 2449 663 2524 adiunxit,
691 2448 779 2532 quusi
804 2450 861 2516 sit:
895 2450 1064 2532 „quomodo
1087 2451 1234 2534 effugient
1255 2451 1355 2516 elfici-

286 2561 408 2642 entque,
429 2559 465 2622 ut
488 2559 577 2622 non“.
754 2641 757 2648 Ι

385 2662 583 2740 lbd.10,l:
622 2662 708 2726 Haec
741 2661 784 2726 de
813 2661 1085 2746 grammatice,
1123 2645 1232 2743 onam
1260 2661 1355 2726 bre-

285 2769 447 2836 vissime
469 2768 597 2851 potui,
618 2786 706 2844 non,
731 2768 775 2832 ut
796 2765 930 2832 omnis
951 2765 1138 2842 dicerem,
1160 2768 1355 2840 sectatus,

285 2874 382 2959 quod
403 2873 605 2940 infinitum
628 2874 733 2951 erat,
765 2873 831 2938 sed
854 2874 895 2936 ut
916 2871 1084 2937 marimo
1109 2873 1355 2939 necessaria.

285 2983 380 3046 Deest
412 2980 557 3052 verbum,
597 2976 678 3058 quod
710 2998 744 3044 eo
776 2979 877 3044 minue
914 2978 1023 3042 abesse
1053 2978 1170 3060 potest,
1209 2977 1292 3061 quod
1327 2979 1357 3043 ei

178 3167 181 3174 ,
285 3085 463 3170 adiungitur
492 3082 689 3165 participium
717 3084 910 3149 sectatus.
964 3083 1032 3150 Une
1063 3083 1168 3148 littera
1201 3084 1359 3149 mutanda

285 3323 483 3333 ...—.——--·-

289 3481 334 3550 v¹)
353 3481 437 3537 Pravo
467 3483 560 3537 contra
594 3481 665 3552 opud
696 3481 850 3538 Ciceronem
880 3499 928 3554 pro
959 3482 1035 3538 Sulls
1072 3485 1105 3540 72
1140 3500 1211 3540 nunc
1248 3485 1362 3564 oditurr

354 3573 519 3630 Conferte
551 3591 636 3631 nuuc
655 3591 724 3630 cum
754 3575 855 3630 illiue
881 3575 988 3630 vitsm
1016 3575 1048 3632 P.
1078 3575 1197 3644 Sullam
1230 3595 1295 3634 uam
1325 3597 1360 3636 ex

352 3667 512 3736 precedenti
520 3683 583 3723 casu
592 3668 664 3724 alius
673 3667 762 3722 rediri
772 3667 1065 3746 potastspreecedenti
1073 3669 1263 3739 praepositione
1273 3687 1360 3726 nemo

355 3775 472 3830 unquam
490 3759 528 3814 sic
546 3775 643 3814 nomen
661 3761 807 3829 separavit,
835 3762 866 3814 ut
892 3760 947 3816 slio
965 3777 1028 3816 casu
1046 3761 1261 3831 subsequeretur.
1300 3767 1359 3817 Re-

353 3851 521 3908 stituendum
549 3855 591 3908 est
615 3851 701 3921 igitur
724 3869 739 3907 e
765 3853 823 3910 cod.
849 3852 990 3924 legeras,
1022 3853 1094 3925 quod
1112 3854 1178 3908 olim
1205 3854 1358 3910 edebatur:

353 3960 421 3999 cum
440 3943 544 3998 illius
562 3945 638 3998 vita
656 3944 686 3999 P.
707 3945 814 4000 Sulle
835 3946 948 4015 (vitam).
