2956 4648
295 259 358 324 bns
650 257 711 314 nro.
730 259 806 314 sur.
820 259 885 330 cap.
903 259 936 316 r.

353 459 421 524 Lib.
443 454 527 530 XIV,
552 455 625 518 146:
670 457 862 542 Torquato
895 475 982 522 rere
1002 456 1143 540 glorie,
1171 456 1320 540 quondo

255 568 293 630 et
312 564 388 628 haec
412 582 473 630 ers
494 563 640 646 (multum
673 563 808 640 bibendi)
844 561 924 628 suis
955 561 1112 646 legibus
1151 563 1321 636 constat,

256 687 326 734 non
362 669 520 734 labasse
547 687 735 748 sermone,
772 715 840 746 ...,
872 668 1080 750 matutinos
1111 667 1240 732 obisse
1262 667 1319 730 in·

254 775 356 840 iurIu
379 772 556 858 vigilios,
579 775 637 838 oet.
661 773 712 840 Sic
724 773 958 856 palimpsestus;
977 791 1050 838 nam
1062 773 1156 838 ceteri
1178 771 1322 836 iniuria

255 881 411 946 omittunt.
471 877 796 954 Detlefsenobisse
838 877 921 942 sine
964 877 1124 955 Iniurie;
1174 877 1320 943 debebat:

255 985 468 1050 matutinos
498 985 627 1049 obisse
657 985 697 1046 in
720 987 826 1046 curio
848 982 1024 1066 vigilios,
1057 983 1115 1048 boc
1137 986 1193 1058 est,
1228 1000 1320 1047 mene

255 1092 286 1156 in
322 1092 430 1156 senetu
462 1089 594 1154 affuisse.
645 1086 839 1154 Contrarium
874 1106 1007 1154 errorem
1041 1089 1124 1172 apud
1150 1087 1245 1154 Cicer.
1267 1105 1322 1171 pro

255 1196 365 1262 Fleeoo
389 1196 428 1257 77
451 1194 573 1260 sustuli.

354 1301 422 1366 Lib.
444 1299 593 1374 XXXIII,
626 1299 681 1364 20:
717 1299 816 1364 uude
840 1298 1063 1382 (crespionis
1092 1301 1123 1364 et
1145 1298 1238 1362 Drusi
1261 1298 1321 1362 ini·
1454 1367 1455 1380 χ

260 1406 400 1484 micitiis)
436 1406 543 1490 origo
565 1404 725 1470 socialis
758 1405 854 1470 belli
887 1407 925 1470 et
946 1405 1067 1470 exitia
1090 1423 1224 1469 rerum.
1268 1401 1321 1467 Ne

255 1515 346 1578 tune
371 1511 520 1594 quiuem
542 1529 672 1576 omnes
708 1512 909 1576 senatores
940 1511 1105 1576 habuere
1139 1513 1196 1575 cet.
1252 1507 1321 1574 Non

255 1616 326 1683 inde
349 1617 482 1694 eritis,
503 1618 559 1682 sed
581 1618 686 1700 origo
709 1635 780 1682 soc.
808 1616 901 1681 belli
923 1618 961 1680 et
982 1616 1076 1678 cotti
1096 1633 1238 1688 rerum·
1261 1615 1322 1680 nisi

256 1723 329 1788 fuit:
353 1725 390 1788 et
414 1723 516 1790 eniti.
569 1721 698 1784 Verum
713 1741 758 1786 no
780 1724 871 1788 tuno
893 1721 1044 1806 quidem
1060 1722 1118 1785 cet.

356 1825 420 1892 Ibd.
457 1826 498 1890 38
531 1845 628 1912 neque
657 1848 673 1893 c
698 1823 905 1894 ¹deterioribus
927 1827 1080 1893 codicibus
1104 1827 1211 1910 cipro
1235 1845 1321 1894 eum

255 1933 463 2015 recipiendum
503 1937 550 1999 est
587 1952 685 2018 neque
721 1933 814 2017 (quod
857 1933 949 1998 Ianus
981 1932 1064 2010 lecit)
1096 1934 1212 1998 lacunae
1248 1932 1339 2024 nota'

256 2039 408 2122 ponende,
443 2039 497 2105 sed
532 2039 578 2104 sio
615 2041 712 2106 oratio
743 2037 1002 2122 interpungende:
1048 2038 1140 2117 QuIs
1176 2038 1321 2120 primus

256 2144 422 2209 donatus
445 2144 499 2208 sit
521 2162 563 2210 ee
596 2143 847 2227 (coronarint),
881 2161 951 2208 non
973 2142 1105 2208 inveni
1126 2143 1317 2226 equidem3

259 2249 343 2332 quis
382 2249 529 2332 primus
578 2248 791 2324 donaverit,
834 2249 920 2314 eL.
956 2249 1095 2314 Pisone
1137 2248 1323 2316 truditur:

259 2356 295 2418 A.
331 2354 556 2420 Postumius
599 2354 782 2429 dictator,
826 2354 921 2436 opud
965 2352 1086 2418 Iocum
1127 2354 1322 2438 Regillum

259 2460 402 2526 eastris
432 2459 670 2525 Latinorum.
692 2459 937 2544 expugnetis,
970 2477 1065 2526 cume
1103 2461 1209 2524 cuius
1242 2479 1324 2525 ma·

259 2565 354 2630 rime
398 2584 514 2649 opere
557 2569 669 2648 copto
711 2569 850 2659 essent.
913 2555 1236 2650 Honcscoronam
1281 2584 1325 2630 er

258 2671 381 2754 proedo
415 2670 525 2735 (ledit
566 2671 658 2735 item
695 2672 730 2738 L.
766 2670 953 2736 Lentulus
986 2689 1058 2736 oos.
1197 2669 1325 2736 libra-

258 2774 493 2854 rum3‘Piso
536 2775 654 2860 Frugi
709 2775 835 2840 filium
879 2795 922 2840 er
964 2777 1114 2858 privata
1161 2775 1327 2858 pecunie

258 2880 416 2947 conavit
438 2882 495 2945 cet.
544 2880 699 2966 [Silligius
720 2882 804 2946 idern
827 2880 974 2965 videret]

266 3017 268 3022 ·
359 2985 426 3051 Ibd.
459 2986 498 3047 67
526 2987 558 3050 iu
591 2987 704 3052 codice.
724 2987 963 3072 Bembergensi‚
1000 2986 1138 3077 omnium
1174 2985 1327 3068 antiquis-

258 3091 355 3164 simo,
402 3090 446 3155 sic
486 3091 643 3157 scribitur:
699 3093 840 3157 Aurum
885 3093 952 3176 qui
994 3095 1186 3174 quaerunt,
1234 3093 1327 3157 ente
1454 3111 1455 3152 l

259 3193 384 3259 omnio
418 3195 629 3280 segutilum
666 3192 798 3273 **'it;
835 3198 891 3263 ito
926 3200 1088 3263 vocetur
1122 3197 1326 3262 indicium.
1454 3211 1455 3278 j

259 3300 404 3366 Aloeus
427 3301 488 3365 hic
510 3304 568 3367 ost
590 3301 740 3368 herenee
765 3303 1027 3386 numeretur,
1061 3305 1174 3386 atque
1197 3322 1241 3368 cx
1266 3321 1323 3376 eo,
1454 3291 1455 3328 ³

259 3405 356 3488 quod
389 3406 556 3484 resedit,
590 3406 814 3472 coniectura
847 3409 1006 3492 capitur.
1064 3408 1211 3474 Extremo
1233 3408 1329 3473 uerbo

259 3509 304 3574 sic
326 3509 485 3578 Geertrius
515 3514 599 3578 recto
632 3513 784 3598 corrigere
813 3514 950 3580 videtur:
994 3515 1138 3580 Aloeus
1171 3513 1235 3578 hic
1267 3513 1330 3577 est

259 3635 401 3695 orenae,
436 3618 711 3702 caelaretur,
744 3619 861 3702 etque
895 3639 938 3686 er
975 3638 1017 3684 eo
1051 3621 1110 3686 cet.
1162 3617 1245 3682 Nam
1270 3635 1328 3702 ego

260 3721 349 3787 aliter
369 3723 573 3789 tentaveram.
832 3775 835 3782 ⁴

359 3827 427 3892 Ibd.
449 3827 508 3892 69:
552 3828 657 3908 Quod
679 3804 865 3895 effossum
888 3831 962 3907 est,
996 3828 1195 3901 tunditur,
1213 3828 1330 3892 lava-

260 3934 339 4022 tur,
367 3934 509 4014 uritur,
543 3933 721 4018 molitum
757 3933 925 4000 ferinam
958 3932 1228 4016 epitescodom
1263 3950 1330 3996 vo-

261 4040 358 4104 cent
408 4037 458 4103 Sic
487 4038 529 4113 B;
573 4040 666 4104 ceteri
711 4029 989 4122 ebilesoudem,
1032 4038 1330 4122 apiluscudunt‚
