2918 4636
636 254 744 314 8811818
1119 255 1178 320 121

158 456 314 524 tissimum
336 456 417 541 qnod
438 457 505 523 eret
525 454 653 536 (881181),
682 473 788 522 uersus
815 455 956 524 excludit.
998 456 1107 524 Potest
1126 457 1222 526 etiem

162 561 334 646 perfeetum
366 562 500 645 positum
524 561 620 631 fuisse
641 561 746 638 uerbi,
779 561 862 645 quod
893 561 1082 646 signideeret
1115 563 1223 628 sortite

159 689 245 744 eoem
268 667 324 733 sed
345 686 405 733 non
426 667 553 752 reperio,
574 666 653 751 qnod
674 667 788 732 littoris
809 666 911 732 simile
934 666 985 734 sit.
1028 663 1188 752 (08111111)

261 773 327 838 lbd.
352 772 413 838 315
435 793 502 857 sqq.
524 773 694 857 Postquem
713 772 1018 858 HeoubePolyxenre,
1040 791 1108 857 qum
1128 773 1225 842 tueite

158 879 314 946 offnmeto
350 879 453 945 enimo
475 877 564 944 adest
585 878 655 958 (yid
687 877 907 962 uitiosum),
940 880 1057 946 sortem
1089 878 1223 964 dederit,

160 984 201 1050 ed
223 987 393 1052 extremum
416 984 561 1050 leerimes
583 985 648 1050 eius
670 1003 704 1051 se
725 985 899 1067 oonspiesre
921 985 980 1052 ait:

457 1143 459 1148 .
556 1089 669 1173 lrriget
692 1090 783 1156 dotus
804 1109 900 1174 genes

330 1261 333 1268 ,
355 1195 515 1280 imberque
537 1194 618 1262 vieto
640 1197 761 1264 subitus
782 1214 800 1262 8
821 1195 909 1260 vultu
929 1193 1021 1272 ondit,

154 1307 246 1386 (qnos
268 1320 374 1370 uersus
395 1301 506 1384 Peipsr
526 1302 749 1368 Andromeolrae
770 1299 878 1380 dedit).
922 1298 1098 1382 Sequuntur
1118 1299 1200 1367 haeer

290 1408 421 1481 Laemre,
442 1407 551 1490 gaude,
574 1409 682 1491 guedel
730 1409 830 1488 Quem
854 1405 949 1472 uellet
972 1406 1043 1472 oros

295 1512 468 1580 Gessendra
488 1513 652 1588 thalamos,
674 1513 769 1580 uellet
790 1511 1006 1578 Andromeelrs
1028 1512 1114 1578 tuost

255 1617 320 1682 Hos
351 1637 458 1686 uersus
491 1623 632 1702 apertum
665 1619 713 1684 est
745 1619 783 1684 eb
805 1617 933 1682 Hecube
954 1615 1015 1684 dioi
1038 1636 1100 1684 non
1120 1638 1221 1704 posse,

151 1739 221 1804 quae
255 1741 376 1790 summo
408 1725 494 1792 luotn
514 1725 702 1808 Polyxenam
731 1723 945 1808 prosequetur,
982 1725 1088 1790 uentre
1120 1725 1221 1809 eptis-

40 1839 42 1844 ’
153 1827 233 1892 sime
266 1829 305 1892 eb
341 1829 559 1898 Andromeolue
590 1829 742 1904 dicuntur,
779 1829 942 1913 Polyxene
975 1830 1090 1896 sortem
1129 1830 1220 1916 longe

154 1929 335 1999 (tossendrae
357 1955 479 2020 sueque
501 1937 534 2002 et
557 1937 727 2002 eetererum
748 1934 931 2018 proferenti,
964 1953 1030 2015 neo,
1055 1935 1116 2002 nisi
1135 1936 1158 2002 ii
1180 1937 1221 2004 ed

152 2053 224 2103 eum
246 2040 485 2120 transferuntur,
518 2044 602 2108 reete
623 2040 763 2126 pergitur
784 2040 861 2106 979:
894 2062 959 2115 noe,
992 2039 1129 2118 Hecuba,
1157 2063 1222 2118 noe,

150 2163 217 2218 nos,
234 2143 371 2228 Hemoda,
395 2147 534 2231 lupendoe
557 2170 671 2226 eumue,
692 2147 846 2230 quoniam,
868 2144 897 2216 ti
916 2145 1112 2214 illthtotlbn
1132 2146 1219 2228 didit,

152 2266 279 2333 prorsus
315 2269 386 2318 oum
428 2253 647 2319 Andromeohe
680 2253 844 2319 consentit.
894 2252 954 2318 Sed
992 2252 1105 2332 obstet,
1141 2253 1223 2338 quod

152 2365 253 2440 peada
285 2356 441 2443 Polyxene
473 2359 654 2443 appelletur.
698 2357 898 2424 Seribendum
919 2357 1014 2442 igitur
1035 2375 1097 2426 nne
1117 2359 1223 2428 littere

151 2463 274 2528 mutate
285 2485 293 2526 :

256 2568 385 2650 Laetere,
406 2572 516 2656 gendo,
538 2573 644 2656 yram!
668 2569 771 2651 Quem
793 2568 886 2636 vellet
908 2567 967 2636 oet.
981 2567 1009 2650 ¹)
1034 2617 1038 2626 .

256 2673 321 2740 lbd.
344 2695 372 2744 u.
397 2677 477 2742 1038
499 2699 582 2762 sqq.:

217 2786 219 2790 ’
355 2778 454 2848 Nemo
475 2801 508 2848 se
529 2783 635 2848 credet
657 2780 815 2858 minorum,
836 2779 911 2846 lieet
933 2779 985 2847 sit.

321 2925 323 2932 <
358 2886 444 2954 Tolle
465 2887 580 2963 felleos,
606 2889 764 2954 removete
785 2885 898 2952 multo

152 3049 356 3064 Μ

525 3085 542 3118 δ

173 3133 195 3198 ¹)
220 3135 321 3205 Peiper
339 3137 401 3206 post
418 3125 516 3193 uss·854
534 3136 732 3206 poenitende,
746 3139 807 3202 830,
818 3137 877 3201 836,
888 3135 948 3201 837,
968 3136 1020 3186 veri
1035 3131 1065 3188 in
1082 3133 1143 3186 8881·
1158 3146 1219 3188 mu·

226 3229 293 3292 teto,
311 3244 361 3283 neo
379 3228 530 3284 eeousetire
549 3229 702 3296 (Salamina)
727 3229 802 3284 inter
829 3227 1012 3284 nominetiros
1029 3225 1146 3282 offensus
1164 3225 1223 3291 ests

224 3321 279 3378 855
296 3320 336 3376 sin
354 3319 479 3389 scripsit:
499 3327 611 3390 estsere
628 3333 707 3376 11818111
723 3322 759 3374 ad
779 3321 908 3391 Calydone
925 3339 1004 3388 owen,
1022 3317 1119 3382 deinde
1136 3317 1222 3374 trium

227 3429 353 3468 versuum
372 3413 468 3468 leeune
480 3416 575 3470 notato
584 3415 615 3472 in
626 3413 811 3484 mediospetio
830 3412 921 3483 posuit
930 3431 1011 3477 oooooo
1029 3413 1182 3470 illudentem
1194 3411 1223 3466 et

225 3508 360 3564 33181118
387 3509 439 3564 839
458 3508 557 3580 posuit.
607 3508 716 3564 Serinne
741 3508 796 3564 1188
821 3507 899 3573 fiunt,
922 3509 950 3562 et
967 3505 1060 3576 potuit
1078 3505 1222 3574 quisquam

227 3599 283 3654 1188
299 3623 302 3626 ·
320 3598 424 3654 somnia
451 3615 500 3670 pro
530 3600 600 3656 veris
631 3603 679 3655 eut
706 3600 762 3654 ueri
792 3599 927 3656 similibus
957 3597 1074 3654 heberei
1122 3596 1164 3654 Ne
1194 3595 1223 3652 id

227 3691 335 3762 quidem
363 3707 425 3747 enm
455 3691 629 3756 intellexisse,
648 3695 709 3763 port
727 3693 840 3763 longum
858 3692 997 3746 nominum
1019 3689 1221 3761 splendidorum

228 3785 373 3854 strepitum
399 3785 566 3840 nominativo
589 3801 651 3840 eesu
669 3787 818 3856 positorum
844 3783 958 3839 ultorem
976 3781 1071 3837 seriem
1090 3782 1221 3837 eeeuseti·

227 3893 322 3934 rorum
340 3877 431 3936 studio
450 3881 478 3932 et
497 3881 555 3933 erte
573 3893 590 3932 e
607 3877 711 3932 tumido
729 3877 905 3934 deelemetore
924 3874 1036 3931 subiicit

182 3969 208 4040 ³.)
227 3969 306 4028 Gust.
324 3971 435 4028 Riolrter
455 3971 567 4042 Peipero
584 3971 724 4041 personuit,
751 3972 784 4027 ut
801 3971 850 4025 hon
878 3970 945 4025 duos
962 3983 1055 4023 uersus
1080 3967 1142 4036 post
1169 3967 1221 4023 988

227 4063 394 4131 maturet,
412 4063 460 4122 ubi
478 4066 534 4122 iem
551 4079 629 4120 nemo
647 4064 680 4120 de
700 4063 835 4136 Polyxene
851 4063 969 4133 negitare
987 4060 1087 4132 petest.
1155 4065 1181 4128 ’,
