2970 4648
504 297 535 353 L
555 297 656 354 Seneca
672 297 705 354 de
723 297 873 358 clementia
1122 300 1185 366 427

165 493 226 558 cie:
264 500 305 558 ee·
334 491 424 560 dare
445 493 572 561 videm
594 513 754 571 omnem,
785 516 821 564 ex
842 517 901 582 quo
924 499 1004 567 effici
1025 499 1164 568 videtur:
1187 521 1228 570 oe

165 597 256 664 dere
271 599 396 683 sidem
416 600 520 663 ridor
540 601 686 680 (efficere,
707 604 743 667 ut
764 604 793 668 ei
814 603 1004 683 confidatur).

264 705 405 780 Ion-14,
441 707 458 770 1
482 707 695 774 scribendum:
727 708 803 776 nisi
823 729 965 794 magnae
1064 713 1227 780 iniuria

166 811 404 894 patientium
426 812 930 897 coicerentsproevicerint),
945 817 1021 884 niei
1043 819 1129 903 plue
1152 823 1227 897 cst,

166 919 262 1001 quod
283 918 412 992 timet,
443 937 551 1002 quam
579 919 677 1002 quod
698 919 868 1001 damnat,
901 942 970 989 non
1002 925 1152 991 accedit
1183 927 1230 992 ad

165 1024 433 1090 decretorium
467 1024 612 1091 stilum.
668 1025 736 1090 vio.
757 1027 797 1092 ad
823 1030 929 1112 quaeet.
957 1031 1021 1095 nat.
1043 1029 1101 1116 IV,¹
1120 1031 1151 1112 2,
1175 1033 1228 1098 22.

167 1128 233 1207 (Sic
254 1130 319 1196 cod.
343 1131 453 1214 aliquio
475 1129 589 1210 (iucif.)
1138 1133 1141 1138 ’

267 1236 334 1304 Ibd.
360 1236 409 1316 15,
432 1237 468 1301 2:
508 1237 679 1315 Tarium,
713 1238 778 1321 qui
799 1237 925 1304 filium
947 1239 1229 1323 deprehensum

165 1342 206 1406 in
229 1343 438 1426 parricidio
461 1342 580 1408 exilio
602 1341 802 1408 damnavit
825 1389 897 1419 ...‚
919 1363 1028 1411 nemo
1050 1365 1127 1412 non
1158 1367 1231 1414 eu-

164 1449 315 1531 ‘epexit,
348 1448 443 1532 quod
465 1450 669 1515 contentae
692 1450 812 1515 exilio
897 1449 1083 1517 Massilia
1104 1453 1231 1535 perri·

167 1553 289 1620 cidem
311 1554 518 1620 continuit.
564 1555 704 1620 Primum
726 1573 818 1622 cauea
840 1559 871 1621 et
893 1557 1049 1623 damnatio
1073 1559 1229 1642 significe-

165 1664 227 1736 rur,
249 1660 358 1725 deinde
387 1660 419 1725 in
441 1679 531 1744 poena
551 1659 767 1725 constituenda
788 1659 909 1727 lenitas.
967 1663 1076 1746 Itaque
1099 1683 1228 1746 pravum

167 1768 217 1832 eet
253 1767 338 1848 prim
372 1765 506 1841 exilior
551 1767 583 1830 et
614 1765 733 1831 codices
765 1765 853 1844 (Nan.
894 1765 926 1831 et
959 1767 1025 1845 alii)
1060 1771 1231 1837 coneilio

165 1872 290 1937 habent.
334 1870 536 1938 scribendum
556 1871 652 1954 igitur
673 1872 739 1937 est:
766 1872 805 1932 ia
822 1873 1025 1956 parricidi
1055 1873 1229 1944 concilio,

166 1977 310 2056 (Adiuvit
332 1995 465 2043 errorem
488 1979 538 2043 vel
559 1978 681 2062 genuit,
708 1977 790 2061 quod
811 1979 998 2060 pfarricidi
1019 1999 1080 2046 non
1102 1981 1228 2065 plenum

166 2070 350 2162 videbatur.)
1223 2111 1228 2116 ·

268 2190 334 2255 Ibd.
370 2190 426 2264 16,
461 2189 496 2256 3:
541 2190 634 2256 Uter
673 2191 804 2255 autem
836 2193 1051 2274 praeceptor
1080 2191 1231 2260 libore·

167 2296 273 2362 libue
316 2296 462 2362 studiis
503 2296 675 2382 dignior,
718 2295 783 2380 qui
821 2297 1123 2364 excarnificabit
1170 2299 1230 2364 di-

169 2402 340 2484 scipuloe
369 2419 376 2467 ;
401 2421 521 2480 .·.‚an
563 2403 625 2487 qui
666 2402 950 2468 monitionibus
1094 2404 1231 2472 docere

168 2505 289 2572 malit.
345 2506 455 2572 Scrib..
483 2507 606 2574 moloc.
660 2508 843 2576 Incredibile
874 2510 923 2574 cet
956 2508 1033 2574 talia
1073 2511 1225 2577 incuriose

166 2612 349 2679 transmitti.

268 2719 468 2795 ibd.19;3:
511 2720 579 2786 Est
606 2721 703 2785 enim
741 2721 804 2786 illi
833 2721 979 2798 (naturae)
1009 2737 1088 2784 moe
1118 2739 1232 2786 oxor-

170 2847 255 2894 cere
278 2845 316 2892 ee
336 2828 374 2892 in
396 2827 529 2911 parvis
563 2825 601 2890 et
634 2826 851 2909 ingentium
882 2844 1005 2890 rorum
1027 2823 1232 2891 documen-

168 2935 250 2998 tem
271 2932 429 2998 minima
449 2951 591 3016 argere.
647 2931 698 2997 Sic
720 2931 795 2996 Nau.
820 2931 925 3009 (ceteri
947 2947 1062 3014 agere
1086 2932 1142 2996 aut
1162 2949 1234 2995 au·

169 3046 288 3125 gere),
310 3039 467 3127 geminata
483 3037 589 3102 littera
608 3059 649 3101 m.
694 3037 789 3102 Scrib.
813 3035 1049 3102 documenta
1074 3035 1233 3102 minima

169 3162 365 3230 oporycrc.
417 3141 520 3222 (Quod
540 3143 674 3209 Haecine
695 3143 731 3206 in
753 3142 915 3208 minime
937 3161 1071 3228 cogere
1099 3141 1233 3225 scripsit,

169 3249 325 3333 Hauptius
357 3249 395 3313 in
430 3267 473 3314 m.
506 3266 658 3332 urgere,
696 3246 828 3312 debebat
862 3247 902 3310 in
935 3247 1135 3312 minimum
1156 3246 1233 3322 dici3

170 3375 308 3440 urgere
338 3355 376 3418 in
408 3337 604 3418 minimum
643 3353 708 3418 eive
736 3352 894 3418 minima
927 3371 981 3436 pro
1003 3372 1049 3429 eo,
1082 3353 1163 3437 quod
1186 3355 1234 3418 eet

171 3480 326 3547 cogere,
348 3461 593 3538 contrahere,
616 3457 740 3524 omnino
760 3475 822 3523 non
844 3457 979 3536 dicitur.)

271 3565 338 3631 ibd.
367 3563 422 3641 22,
457 3564 477 3628 3
511 3564 740 3648 (constituit
768 3564 884 3628 bonos
916 3582 1044 3629 mores
1074 3563 1234 3629 civitati

170 3673 353 3758 princepe
376 3673 413 3735 ct
433 3671 534 3736 vitia
555 3670 654 3749 eius,
676 3669 713 3735 ei
737 3671 891 3752 paticus
914 3687 1040 3734 corum
1063 3671 1141 3748 cet,
1163 3687 1234 3734 non

171 3783 353 3863 tauquam
375 3777 525 3860 probet,
558 3776 625 3842 eod
645 3777 824 3858 tanquam
851 3773 1002 3840 invitae
1109 3775 1155 3841 od
1176 3794 1236 3840 ca-

171 3867 398 3970 stigandum
431 3881 577 3960 veniat,
611 3884 648 3947 ut
674 3881 707 3944 iu
736 3879 811 3964 Neu.
839 3881 871 3944 ct
892 3879 961 3944 aliis
983 3880 1140 3960 scribitur)
1171 3881 1235 3945 iam

172 3991 346 4059 Gronovius
376 3973 473 4054 eeneii
501 3987 638 4066 verbum,
665 3986 744 4071 quod
767 3985 849 4052 varie
871 3984 1048 4068 suppletur,
1083 3985 1185 4048 inoeee
1203 3985 1235 4049 iu

172 4098 255 4163 eius
278 4094 343 4173 (vel
362 4095 464 4177 potius
486 4093 562 4170 eiu3
584 4111 657 4158 nam
678 4115 694 4154 r
718 4091 924 4178 geminatione
946 4090 1101 4172 sequentis
1122 4089 1235 4154 litterae
