2970 4648
519 308 548 361 L.
562 306 667 362 ¹Seneca
685 306 717 362 de
735 306 807 362 brev.
830 307 900 362 sits.
1135 307 1194 371 401

176 507 338 591 aptiora
385 505 601 590 portandis
651 505 845 571 oneribu's
894 505 1016 571 tarda
1060 508 1239 574 iumenta

176 617 280 688 sunt,
314 631 372 678 non
396 609 654 694 exportandis.
709 611 839 690 §brix
861 611 995 678 dubitari
1016 616 1129 696 potest,
1164 615 1238 699 quin

175 720 323 788 exciderit
354 717 566 782 meministi.
632 717 832 784 Exclamandi
863 738 918 800 per
942 719 1094 784 infinitam
1117 723 1238 786 senten-

174 828 253 892 tiam
274 828 370 892 forma
391 824 441 890 hic
464 807 569 906 inepta
590 825 653 898 est;
687 826 821 908 (poterat
841 825 913 890 ferri
934 827 1024 909 penio
1047 829 1131 910 post:
1162 829 1240 892 eri·-

175 934 231 998 tio
253 950 356 1014 paene
379 930 609 996 constitisse
648 977 686 992 ..
710 977 718 994 .
754 930 1058 1027 imitationem).
1084 935 1127 1020 vet,
1148 933 1240 997 debe-

175 1041 230 1105 bat
262 1043 329 1104 tum
365 1035 604 1119 superfuisse
637 1035 714 1112 dici,
749 1055 809 1101 non
843 1055 1056 1120 superesse.
1117 1037 1239 1112 Contra,

152 1146 257 1231 ·quod
279 1145 324 1210 sic
345 1143 459 1208 editur:
496 1142 596 1207 intra
624 1160 764 1224 paucos
791 1139 1011 1216 illos'dies‚
1041 1141 1189 1226 quibus
1205 1143 1239 1208 C.

176 1252 303 1318 Caesar
345 1249 479 1333 periit,
523 1247 555 1312 si
599 1246 1023 1330 quisinferissensus
1059 1253 1130 1323 est,
1172 1250 1239 1315 boc

175 1358 406 1442 gravissime
439 1354 585 1426 ferens,
630 1354 725 1436 quod
755 1355 965 1422 decedebat
996 1356 1132 1438 populo
1166 1356 1240 1421 Ro·

175 1482 282 1528 meno
315 1459 547 1547 superstite,
590 1479 643 1543 pro
678 1459 892 1526 decedebat
926 1462 958 1526 in
1001 1449 1156 1527 bodicibus
1193 1466 1240 1529 est

176 1568 349 1644 dicebat,
382 1566 461 1652 quod
492 1585 546 1650 ega
579 1565 679 1632 atiena
707 1583 802 1630 manu·
829 1566 966 1632 additum
996 1585 1065 1634 esse
1095 1570 1239 1650 suspicor,

174 1688 244 1736 cum
282 1669 397 1740 Seneca
437 1673 610 1755 scripsisset
644 1673 783 1737 tantum:
827 1673 921 1757 quod
957 1693 1038 1756 pop.
1073 1674 1240 1740 Romano

175 1778 395 1859 superstite
436 1779 586 1860 (periret).
651 1777 806 1844 Decedam
847 1799 908 1846 uon
951 1782 1058 1863 aptum
1103 1782 1141 1846 de
1184 1781 1240 1846 tali

174 1881 285 1947 mortis
307 1902 425 1966 genere.
478 1919 485 1930 ·
891 1965 892 1969 Ἰ

277 1988 407 2069 Ibd.19‚
425 1991 452 2055 1:
476 1991 559 2073 quis
581 1991 745 2056 animum
769 1991 871 2056 tuum
895 2009 1006 2056 cesus
1029 1994 1238 2073 exspectet,
1312 2014 1315 2020 ·

174 2095 238 2159 ubi
260 2114 323 2160 nos
345 2098 383 2162 et
403 2096 625 2178 corporibus
657 2095 836 2162 dimissos
864 2103 999 2170 nature
1015 2099 1239 2179 componat.

175 2199 227 2264 Sic
262 2207 289 2266 A
326 2203 352 2277 1,
388 2202 421 2266 id
453 2205 516 2266 est:
560 2220 794 2284 nusecorp.
825 2203 1030 2270 dimissos.
1101 2203 1242 2268 Secunde

175 2325 284 2371 manus
308 2308 382 2372 iecit
403 2311 442 2373 et
463 2329 497 2382 a,
529 2309 685 2391 secutique
708 2326 776 2373 eam
798 2310 891 2374 ceteri
912 2309 1044 2384 codices,
1077 2312 1132 2376 bos
1154 2310 1239 2377 Fick.

175 2414 207 2476 et
228 2413 376 2488 Haecine
421 2433 492 2479 nem
515 2414 687 2497 superiores
710 2415 841 2480 editores
868 2415 905 2478 ct
931 2416 1136 2492 sustulerant,
1170 2437 1241 2498 prc-

174 2537 246 2584 vam
268 2521 514 2603 praepositionem
536 2521 729 2603 reliquerant.
791 2521 908 2585 Deinde
929 2519 950 2606 ξ
972 2523 990 2582 2
1013 2522 1057 2588 sic
1081 2523 1239 2586 scribitur:

175 2623 244 2690 Vis
277 2627 335 2702 td,
370 2626 508 2691 relicto
542 2626 636 2704 solo,
674 2630 798 2692 mente
831 2627 875 2690 ad
907 2627 985 2692 ista
1020 2629 1238 2710 respicere?

105 2815 107 2822 y
174 2749 291 2808 nunc,
335 2733 419 2798 dum
462 2731 565 2796 calet
601 2732 777 2814 sanguis,
822 2732 1045 2822 vigentibus
1082 2733 1125 2798 ad
1162 2753 1239 2797 me-

174 2836 270 2902 liore
312 2839 474 2903 eundum
514 2841 583 2903 est.
647 2837 857 2919 Exspectat
890 2841 927 2904 te
1076 2839 1238 2907 multum

174 2943 355 3008 bonarum
388 2944 526 3010 artium
559 2947 616 3010 cet.
684 2943 752 3008 Non
783 2947 884 3026 potest
917 2945 1142 3026 vigentibus
1176 2947 1238 3013 ullo

174 3047 265 3114 modo
287 3051 511 3116 accommodari
533 3049 573 3116 ad
600 3053 653 3126 tu,
687 3054 733 3117 to.
798 3049 967 3132 Scripseret
989 3050 1118 3118 Seneca:
1154 3053 1237 3118 dum

174 3156 278 3221 calet
321 3157 491 3240 sanguis,
534 3155 997 3241 rigentibus'eease‘bus3
1053 3158 1083 3222 id
1128 3179 1239 3224 nornen

172 3265 242 3344 post
284 3263 436 3328 entibus
479 3263 599 3330 excidit.
664 3263 808 3338 (Haasius
835 3261 928 3345 praei.
969 3263 1015 3327 111
1052 3283 1081 3346 p.
1119 3265 1237 3328 XXIV:

172 3368 277 3454 viget
321 3369 486 3448 enimus,
552 3369 649 3434 multo
692 3369 937 3452 improbabilius3
1003 3371 1056 3436 sed
1099 3377 1238 3437 senserat

171 3475 339 3554 vitium.)¹)

172 3731 372 3739 ——-—--—-

200 3910 221 3978 ¹)
241 3909 304 3980 Cap.
324 3914 366 3977 20,
387 3914 399 3966 1
420 3908 568 3965 laudandus
587 3909 726 3964 Fickertus
745 3910 778 3964 ob
797 3913 934 3979 repertum
952 3911 1136 3979 antequam,
1156 3909 1233 3964 modo

242 4003 331 4070 simul,
355 4003 513 4058 Pincianum
532 4003 686 4072 ceterosque
705 4019 825 4074 sequens,
851 4003 971 4058 homines
990 4017 1037 4071 per
1054 4001 1234 4072 indignitates

240 4096 269 4150 in
288 4095 541 4151 consummationem
560 4113 655 4162 erepere
674 4097 787 4159 sivisset,
807 4110 859 4149 uon
880 4115 1009 4162 erumpere.

1005 4220 1036 4264 26
