2924 4660
313 311 373 374 ma
673 313 953 383 mmmm

271 515 490 593 peratorem
513 511 724 586 salutavit,
753 512 830 576 latet
851 511 966 594 aliquid
988 511 1108 586 mendi3
1141 530 1213 576 uam
1238 530 1335 595 neque

271 635 288 681 e
325 620 430 682 nostro
471 615 573 682 studio
605 617 784 683 sciscitandi
820 617 1014 701 agnoscimus
1052 617 1199 700 aliquem,
1236 637 1334 702 neque

271 721 391 787 Claudii
414 722 567 788 latitantis
590 724 727 789 studium
749 723 882 808 intelligi
904 725 1014 805 potest.
1059 723 1139 788 Mihi
1160 727 1337 807 suspectum
1434 751 1435 774 r

271 831 319 891 est
360 827 461 909 ipsum
499 829 683 912 agnoscendi
726 831 868 904 verbum3
912 847 984 892 nam
1026 829 1128 894 studio
1164 828 1339 893 sciscitandi

272 933 404 997 militem
437 932 600 999 Claudium
634 936 799 1000 extraxisse
820 936 903 1018 puto.
940 935 1037 1000 Recta
1058 935 1161 1000 omnia
1183 939 1274 1000 erunt
1297 936 1339 1000 sio

272 1037 402 1122 scripta:
447 1039 650 1105 hatentem
757 1059 859 1124 greg.
890 1041 1021 1117 miles,
1057 1041 1339 1107 animadversis

270 1145 457 1229 pedibus,
504 1146 641 1211 studio
686 1146 938 1220 sciscitandi,
992 1146 1168 1230 quisnam
1217 1149 1338 1224 esset,

272 1255 493 1317 extractum
526 1253 565 1315 et
680 1252 923 1317 accidentem
1032 1249 1235 1316 salutavit.
1281 1250 1340 1329 Qui

270 1359 474 1441 interpolavit,
508 1375 567 1422 non
600 1358 752 1423 intellexit
784 1357 915 1422 aetionis
937 1357 1066 1441 gradum
1089 1358 1222 1439 priorem
1243 1357 1339 1438 parti·

272 1465 350 1546 cipio
373 1463 583 1547 significatum
607 1483 691 1530 esse:
714 1464 919 1527 Latontem
1044 1463 1176 1528 studio
1198 1463 1341 1527 scisci·

272 1569 382 1635 tandi
487 1569 659 1633 extraxit
681 1571 720 1634 et
742 1571 801 1633 cet.
860 1569 968 1652 ltaque
991 1570 1118 1635 verbum
1141 1567 1339 1633 desideravit.

272 1675 358 1760 (Cap.
384 1675 403 1738 9
425 1676 461 1739 in
494 1694 652 1739 vacnum
674 1679 748 1759 puto
771 1693 853 1740 osso:
875 1673 907 1738 in
933 1676 1052 1758 partem
1075 1675 1211 1757 pecuniae
1234 1674 1342 1738 defici-

273 1784 388 1860 entem,
418 1783 453 1844 ut
486 1799 523 1846 aa
558 1781 699 1846 auctione
729 1781 945 1846 conficeretur:
979 1781 1029 1844 fiir
1055 1780 1110 1845 das
1141 1779 1340 1864 Mangelnda

273 1887 293 1950 f.
317 1885 343 1949 d,
366 1885 585 1970 Ungedeokte.)

373 1991 439 2056 Ibd.
463 1990 519 2055 20:
563 1992 692 2074 Opera
724 1973 1093 2078 magna'potiusque
1118 1993 1341 2056 necessaria

273 2116 383 2182 quam
410 2097 534 2162 multa
566 2097 743 2181 perfecit.
801 2097 896 2163 Sorib.
941 2097 1067 2181 Opera
1103 2115 1239 2181 magna
1273 2117 1341 2179 po·

273 2205 354 2271 tius
386 2203 685 2286 necessariaque
715 2223 822 2287 quam
844 2203 967 2269 multa
987 2203 1165 2287 perfecit.
1186 2203 1232 2267 lla
1253 2206 1341 2269 recta

272 2309 534 2392 comparatioost.
556 2311 560 2322 '
579 2307 700 2374 Excidit
734 2329 807 2394 que
830 2311 901 2374 anta
933 2326 1060 2392 quam,
1104 2307 1213 2371 deinde
1247 2327 1341 2390 prave

272 2415 448 2500 suppletum
471 2416 528 2479 est.
634 2415 637 2418 ’

372 2521 438 2584 lbd.
473 2521 530 2584 41:
580 2521 742 2584 Initium
786 2522 912 2610 autem
957 2519 1123 2600 sumpsit
1163 2519 1340 2586 historiae

272 2630 362 2711 post
395 2627 534 2692 caedem
568 2625 731 2691 Caesaris
766 2625 991 2703 dictatoris,
1025 2625 1091 2689 sed
1122 2627 1160 2690 et
1181 2627 1341 2693 transiit

272 2733 318 2798 ad
338 2733 526 2798 iuferiora
552 2736 723 2815 tempora
756 2731 948 2814 coepitque
977 2751 996 2797 a
1024 2749 1116 2813 pace
1145 2733 1256 2797 civili
1279 2738 1364 2800 cet„

272 2841 415 2923 Ineptum
437 2839 501 2906 sed
524 2840 561 2903 ct
584 2839 714 2916 (etiam).
749 2837 964 2902 Soriboudum:
1089 2835 1263 2912 Caesaris,
1289 2849 1342 2902 sot

271 2941 433 3010 transiit
460 2941 581 3028 (relicto
610 2929 664 3008 illo
690 2943 789 3021 initio)
819 2943 863 3007 ad
891 2943 955 3007 inf.
992 2944 1015 3007 t.
1072 2941 1175 3007 Etiam
1198 2943 1271 3008 Ner.
1298 2945 1335 3007 lb

271 3051 466 3116 scribendum
488 3051 551 3115 est:
573 3068 695 3133 neque
715 3050 754 3113 iu
776 3067 974 3113 commune
996 3049 1198 3132 quicquam
1219 3031 1339 3132 neque

251 3156 476 3240 'propalam
499 3155 763 3229 deliberabat,
792 3153 858 3219 sed
881 3154 1131 3236 conscriptas
1152 3159 1232 3236 (prot
1274 3153 1339 3239 send

272 3265 311 3328 et
336 3267 497 3340 consor.)
533 3261 577 3326 ab
598 3280 832 3344 unoquoque
867 3260 1086 3325 sententias
1107 3260 1253 3324 tacitns

271 3368 404 3452 legens
428 3369 485 3432 cet.
545 3367 643 3452 [Illud
663 3367 852 3444 Torrentius,
875 3366 931 3430 hoo
953 3365 989 3432 B.
1013 3364 1138 3430 Grnsius
1160 3363 1334 3448 praecepit]

372 3473 431 3554 (De
453 3492 478 3538 o.
500 3474 542 3536 44
564 3474 680 3539 dictum
696 3473 816 3539 estaol.
833 3473 847 3536 l
863 3491 890 3554 p.
907 3471 952 3535 19.
976 3470 1037 3536 Sed
1060 3471 1104 3536 sic
1114 3471 1176 3534 iam
1190 3470 1226 3535 B.
1237 3469 1335 3544 Oros.)

371 3579 443 3646 Ner.
468 3580 522 3645 12:
556 3580 648 3644 item
681 3575 843 3659 (exhibuit)
877 3576 1083 3661 pyrrichas
1115 3575 1335 3658 quasdame

270 3705 425 3752 numero
448 3686 695 3768 epheborum,
729 3685 866 3770 quibus
901 3683 988 3767 post
1018 3681 1163 3747 editam
1186 3699 1333 3764 operam
1434 3715 1435 3737 r

271 3793 488 3876 diplomata
529 3791 709 3858 civitatis
745 3791 917 3855 Romanoa
965 3786 1134 3871 singulis
1180 3787 1331 3853 obtulit.

270 3899 396 3964 Haerent
418 3898 549 3964 editores
572 3916 628 3963 nec
651 3915 684 3962 se
706 3896 877 3980 expediunt.
901 3893 1118 3959 scribendum:
1139 3891 1331 3978 pyrrichi-

224 4081 227 4088 1
269 4014 347 4066 stas
370 4003 566 4088 quosdam.
602 4001 792 4081 (Pauloante
807 4000 898 4066 verba
919 4001 962 4065 sio
981 3997 1224 4082 interpungenda
1246 3999 1327 4063 suut:

269 4109 447 4174 exhibuit
481 4111 608 4174 autem
648 4106 693 4172 ad
730 4107 872 4170 ferrum
1004 4105 1161 4188 equites
1200 4105 1248 4181 a,
1293 4104 1329 4168 et
