2970 4648
577 279 608 336 1.
627 279 728 336 Sennea
744 279 778 335 de
796 281 845 337 ira.
1142 279 1204 346 393

182 479 399 544 teneamus.
442 475 502 554 (De
522 475 573 560 §4
593 477 824 545 reeteHausius
845 479 929 562 praef.
950 479 1011 548 vel.
1024 481 1072 547 llI
1085 502 1115 566 p.
1126 481 1246 561 XXIII,

183 585 279 651 etiam
299 584 339 649 de
360 601 386 648 e.
410 582 460 662 16,
482 581 501 645 3
520 582 618 648 libelli
638 582 677 648 de
698 586 793 650 oonst.
815 585 895 670 sap.)
976 609 980 618 ·
1181 645 1182 650 ,
1339 683 1340 686 ¹

281 689 351 756 lbd.
375 688 432 768 15,
463 689 482 752 3
505 688 556 773 (de
577 690 730 772 potestate
756 691 914 757 servitutis
935 692 993 758 sub
1014 694 1153 779 tyrannis
1174 695 1246 761 lini·
1302 732 1307 741 ·

182 795 298 871 endum:
344 793 606 862 Ostendemus
637 796 675 862 iu
709 796 815 862 omni
847 797 1039 864 servitute
1071 803 1246 883 apertam

179 900 363 967 libertati
384 900 498 978 viam,
521 901 554 966 si
575 919 671 986 aeger
692 902 839 968 animus
859 904 899 968 et
918 921 984 969 eun
1006 904 1106 979 vitiu
1127 909 1246 975 miser

179 1009 259 1086 est,
298 1007 387 1072 huie
421 1004 603 1072 miserias
634 1007 759 1074 finire
790 1023 917 1073 seeum
948 1008 1054 1076 lieet.
1098 1009 1184 1093 Imo,
1218 1015 1246 1081 ei

179 1132 263 1198 aeger
285 1111 406 1178 animus
428 1114 496 1189 est,
529 1112 659 1177 mortem
687 1111 878 1178 eonsois'eere
898 1132 960 1179 uon
981 1115 1090 1194 audet;
1122 1137 1189 1197 nee,
1210 1121 1246 1185 ut

179 1219 322 1287 miseriae
342 1217 432 1284 linire
459 1217 567 1295 litent,
580 1255 583 1260 ·
597 1235 725 1284 neeesse
746 1220 803 1298 est,
825 1219 977 1286 enuntio
999 1221 1146 1288 miserum
1168 1241 1244 1292 esse.

180 1328 304 1410 (Itaque
327 1323 462 1391 Hessius
485 1342 563 1404 non
595 1324 668 1388 ante
695 1341 760 1390 eno
788 1322 930 1404 addidit.)
980 1325 1097 1394 Seueoa
1124 1329 1244 1397 miseris

180 1432 306 1498 omnino
329 1428 482 1496 libertatis
501 1429 585 1496 viem
607 1429 758 1506 osteudit;
797 1431 824 1496 ei
845 1449 882 1496 ea
902 1431 950 1497 uti
970 1432 1086 1513 nolint,
1108 1434 1244 1517 ipsorum

179 1555 248 1603 esse
271 1538 393 1621 eulpam
422 1535 507 1603 dicit
549 1534 721 1618 Suripeerat
752 1538 856 1602 autem
885 1536 944 1602 sie:
988 1537 1243 1606 Ostendemus

177 1642 351 1711 inomni
387 1641 580 1708 seruitute
609 1642 781 1725 apertam
809 1641 990 1709 libertati
1020 1645 1136 1726 riam,
1167 1647 1244 1710 uiae·

178 1767 280 1833 aeger
305 1747 458 1815 animus
481 1749 548 1817 eet.
600 1745 673 1813 Suo
695 1746 792 1813 vitio
813 1748 929 1814 miser
950 1751 1025 1828 eet,
1047 1753 1108 1814 eui
1127 1753 1243 1818 mise·

176 1855 257 1920 rias
278 1853 398 1919 linire
420 1855 551 1920 seeum
573 1853 681 1920 lieet.
716 1853 839 1920 Excidit
859 1856 897 1920 ui
918 1855 960 1934 (in
981 1856 1072 1936 nisi)
1099 1860 1172 1940 pest
1194 1879 1242 1933 ηις

178 1959 298 2035 deinde,
321 1960 484 2026 sententiis
507 1959 589 2026 male
611 1960 767 2026 distractis
788 1963 897 2026 natum
919 1963 968 2028 est
989 1961 1086 2028 huie

277 2064 345 2133 Ine..
387 2064 446 2142 23,
483 2066 503 2128 6
538 2065 589 2147 (de
623 2065 765 2150 Auguste
806 2067 861 2132 irae
898 2067 930 2133 in
961 2067 1130 2153 Timagene
1160 2070 1242 2134 tem·

175 2172 334 2254 perante):
367 2169 514 2237 Postea
536 2170 770 2254 Timagenes
791 2171 827 2238 in
851 2173 1101 2246 coutubernio
1124 2173 1241 2242 Polli·

175 2279 259 2344 ouis
289 2278 423 2344 Asinii
457 2276 663 2342 eonsenuit
689 2295 730 2365 ap
756 2279 839 2344 tote
870 2278 1033 2345 eivitaie
1065 2279 1241 2363 direptus
1316 2347 1319 2355 ,

168 2388 244 2464 eet.
289 2385 322 2450 -N
330 2384 454 2450 ullum
476 2383 541 2449 illi
572 2383 694 2449 limen
716 2382 905 2467 praeclusa
926 2383 1089 2450 casaris
1111 2373 1241 2453 domus

175 2475 352 2558 abstulit.
384 2491 583 2558 Historias
604 2491 754 2572 postea,
776 2509 872 2573 quas
894 2491 1122 2574 scripserat,
1145 2494 1241 2558 reoi-

174 2597 280 2664 tavit
302 2599 339 2663 et
362 2596 590 2675 uombuseit,
611 2595 788 2661 etlibroe
804 2595 1243 2681 aetaansarisAugusti

178 2703 487 2770 continentesin
509 2703 636 2786 ignem
667 2700 805 2784 posuit
853 2699 994 2766 Ridicule
1016 2701 1242 2786 coniunguntur

175 2810 369 2876 recitavit
398 2812 430 2876 et
456 2806 683 2887 combussit,
715 2823 843 2889 quorum
865 2806 950 2889 prius
971 2807 1106 2889 pertinet
1127 2809 1165 2874 ad
1188 2809 1242 2876 de·

55 2908 57 2912 ’
178 2914 357 2982 eluraudam
377 2914 556 2980 libertatem
585 2911 702 2997 ingenii
732 2913 920 2996 proferendi,
954 2912 1085 2978 alterum
1107 2915 1146 2980 ad
1168 2933 1241 2980 eou-

178 3020 310 3088 trariam
345 3023 480 3105 partem:
523 3037 596 3085 nam
639 3019 753 3085 alteros
793 3019 901 3098 libros,
944 3019 1053 3102 quibus
1088 3017 1241 3086 Caesarem

178 3126 380 3210 (Augustum)
413 3125 611 3204 laudaverat,
637 3125 735 3192 iratus
762 3124 876 3190 Caesari
905 3125 937 3190 et
962 3125 1102 3190 invidens
1135 3125 1241 3210 gloriae

176 3230 241 3315 igni
264 3230 359 3306 dedit,
382 3233 413 3297 et
434 3231 500 3298 haeu
518 3233 587 3315 ipsa
608 3231 757 3298 contraria
778 3233 945 3315 ponuntur,
978 3250 1090 3297 novum
1112 3250 1188 3316 opus
1208 3231 1240 3297 in

177 3337 290 3422 vulgus
321 3336 439 3403 editum
472 3339 517 3415 (et
552 3337 738 3419 superfuisse
778 3337 887 3420 postea
922 3336 1138 3420 lectitatosque
1174 3355 1242 3404 esee

179 3442 325 3509 historiae
358 3441 537 3527 Timagenis
568 3443 706 3520 seimus),
739 3441 871 3507 alterum
899 3441 1044 3508 deletum.
1093 3445 1240 3527 Apparet,

178 3550 218 3615 et
239 3549 457 3616 combussit
491 3551 546 3615 aut
565 3551 634 3632 post
654 3547 731 3612 illud
758 3547 797 3612 in
826 3549 955 3634 ignem
982 3548 1113 3632 posuit
1139 3551 1242 3616 trans-

176 3652 339 3720 ferendum
371 3673 439 3722 esee
469 3656 524 3720 aut
554 3654 727 3720 tollendum
754 3658 900 3738 tanquam
929 3654 1069 3720 additum
1100 3654 1138 3719 ad
1164 3654 1242 3720 illud

179 3759 405 3844 explicandum,
429 3761 465 3828 ut
486 3761 552 3826 baeo
572 3761 800 3845 relinquantur:
853 3759 1052 3826 Historias
1087 3759 1240 3842 postea,

178 3884 270 3950 quas
287 3868 511 3950 scripserat,
527 3867 729 3945 recitavit3
751 3867 871 3932 libros
888 3865 1147 3932 autaGaeearis
1167 3865 1239 3929 Au·
1476 3935 1478 3954 ἵ

176 3971 287 4056 gusti
309 3973 556 4039 continentes
577 3974 615 4040 in
635 3974 723 4058 igne
746 3973 803 4055 (sio
824 3971 930 4058 serib.)
953 3972 1089 4056 posuit.

278 4077 486 4156 Ibd.27,1:
530 4077 679 4159 Quanto
715 4080 846 4146 satine
883 4082 943 4145 est
978 4078 1107 4146 sanari
1137 4077 1240 4141 iniu-
