2918 4652
303 257 363 320 646
677 255 793 314 nrarx.
806 256 869 327 cap.
883 257 920 316 11.

262 457 414 541 dignum
444 455 588 522 exitum
617 454 694 516 aira
724 474 765 522 ac
797 457 973 524 moribus
995 456 1074 522 suis
1096 458 1238 524 habuit
1264 475 1321 540 ¹pro

260 563 363 628 vitae.
417 561 569 645 Dignus
592 578 662 626 cum
685 560 787 627 dativo
808 581 964 645 nunquam
987 563 1121 644 positum
1143 567 1200 630 est.
1243 563 1322 628 Novi
1436 577 1437 586 ¹

260 668 364 734 Plauti
380 669 470 750 atque
486 665 580 732 etiem
597 665 707 742 Ovidii,
729 666 757 732 si
772 667 818 732 dis
830 669 940 751 placet,
962 670 1164 753 testimonia.)
1208 669 1323 734 Eodem

260 773 361 856 capite
388 772 432 851 (3)
461 772 541 856 quod
568 773 696 856 legitur:
733 778 775 840 ut
807 776 1032 842 etiamnunc
1066 775 1226 841 ridetur
1258 795 1324 840 ex·
1436 793 1437 806 ¹

261 898 397 964 pressa
418 879 578 944 thorace
600 880 730 945 vultus
752 881 853 954 eius,
884 899 923 946 ne
946 883 972 946 si
994 897 1179 965 expresso
1200 881 1324 963 quidem

262 1003 332 1051 cnm
354 985 504 1051 Salmasio
526 985 660 1062 scribas,·
681 985 777 1052 ullam
799 987 892 1054 habet
914 988 1117 1070 senteutiam
1157 987 1249 1071 vulgo
1271 986 1326 1051 ad-

261 1092 391 1156 debatur
412 1094 518 1156 contra
538 1091 656 1156 codices
677 1093 803 1176 imago
824 1097 895 1177 post
917 1095 1011 1160 eius.
1066 1091 1126 1158 Sed
1149 1092 1233 1156 nullo
1254 1093 1326 1157 tbo·

260 1216 331 1262 rece
364 1197 491 1280 exprimi
523 1197 626 1281 imago
659 1199 762 1264 vultus
792 1201 899 1282 potuit.
965 1199 1163 1264 Scribendum
1186 1199 1325 1266 videtur:

261 1314 295 1366 cr
317 1303 713 1370 etiamnunevidetur
735 1325 943 1389 capescens
965 1327 985 1366 a
1006 1306 1169 1370 thorace
1186 1304 1326 1372 vultus

235 1397 355 1474 'eius
421 1409 618 1494 Significatur
647 1404 816 1494 προτομή,
852 1412 955 1496 imago
979 1410 1123 1476 vulture
1147 1409 1274 1476 thorace
1298 1413 1328 1473 et

260 1515 396 1580 bumeris
418 1515 578 1599 incipiens,
600 1516 663 1581 sive
685 1517 787 1595 malis,
808 1517 841 1580 in
863 1535 902 1580 en
923 1517 1106 1593 desineba¹>

361 1621 427 1686 lbd.
452 1622 488 1686 9:
532 1624 714 1705 quantum
742 1628 846 1690 esset
872 1623 1045 1688 additum
1075 1622 1327 1705 reipublicae3
1436 1687 1437 1704 p

261 1727 292 1791 si
315 1726 468 1810 quidem
489 1746 587 1792 nuuc
616 1729 734 1794 verba
764 1729 963 1812 naufragii
986 1727 1141 1811 publici
1163 1726 1330 1812 colligit
1436 1723 1437 1740 ³

261 1835 396 1896 nostra
426 1832 638 1917 diligentia
669 1833 714 1898 ad
743 1835 918 1900 Romanae
940 1833 1173 1918 reipublica.
1217 1834 1329 1917 Neque

261 1938 375 2002 verba
408 1937 613 2023 naufragii
645 1940 805 2022 publici
827 1941 990 2024 quiequam
1016 1940 1199 2025 significant,
1229 1959 1329 2023 neque

262 2062 298 2108 ea
322 2044 515 2128 colliguntur,
539 2063 638 2128 neque
659 2046 760 2112 unus
792 2047 947 2128 scriptoris
980 2064 1074 2128 opera
1106 2048 1137 2110 in
1161 2046 1219 2112 bac
1243 2065 1330 2112 com-

262 2151 430 2232 paratione,
460 2151 534 2234 quid
555 2151 622 2216 fieri
642 2153 785 2235 potnerit
816 2155 992 2237 quantaque
1014 2152 1127 2218 damna
1147 2154 1230 2218 facta
1255 2155 1329 2228 sint

263 2255 361 2320 ullum
383 2257 475 2322 habet
496 2257 608 2322 locum.
631 2257 847 2323 Scribendum:
871 2261 1082 2343 siquidem
1106 2277 1210 2324 nunc
1234 2259 1332 2321 reli·

262 2363 380 2444 quiae
401 2364 605 2448 naufragii
626 2364 778 2448 publici
799 2365 962 2447 colligit
993 2374 1123 2426 acerra
1158 2365 1330 2448 (Augusto
1436 2351 1437 2382 r

261 2485 340 2542 rum,
362 2466 401 2532 ad
423 2488 499 2551 quos
521 2471 674 2547 scribitur)
697 2470 921 2552 diligentia.
946 2470 1012 2554 [Sic
1022 2471 1085 2542 iere
1098 2470 1181 2555 Cas]
1204 2471 1330 2555 Siquid

260 2573 384 2654 propius
418 2593 509 2658 quam
542 2577 734 2660 reliquias
767 2577 798 2641 in
829 2579 958 2642 eandem
988 2578 1174 2643 sententiam
1200 2578 1330 2660 reperiri

260 2681 380 2760 poterit,
404 2682 564 2764 accipiam.
608 2682 727 2748 Deinde
749 2685 831 2748 recte
853 2684 961 2765 opinor
983 2703 1002 2748 a
1024 2684 1132 2749 Petere
1155 2682 1331 2748 orationem

262 2785 489 2868 interponebam
512 2791 583 2869 post
607 2788 820 2872 diligentia
845 2794 877 2854 et
897 2791 1040 2854 lacunam
1063 2791 1212 2854 notatam.

363 2894 516 2960 Aurelian.
533 2893 569 2960 6:
591 2895 735 2960 Refert
756 2895 976 2960 Theoclius
999 2898 1329 2959 Caesareanorum

261 2997 481 3079 temporum
513 3001 693 3084 scriptor.
737 3000 831 3066 Nulla
865 3003 937 3065 sunt
968 3003 1109 3084 tempora
1142 3000 1329 3072 Caesariana,

262 3103 321 3166 nisi
353 3106 455 3170 omnia
486 3107 558 3172 inde
591 3127 609 3172 a
643 3108 721 3172 lulio
759 3106 878 3172 Caesare
912 3107 1161 3190 comprehendas.
1229 3104 1329 3170 Scrib.

260 3208 478 3276 Theoclius
500 3211 759 3289 Cocceianus,
779 3216 1131 3294 cerumtamporum
1146 3211 1329 3292 scriptor.

261 3315 347 3398 (Cep.
366 3316 385 3378 5
402 3317 535 3384 mirabar
550 3320 703 3384 nerninem
718 3318 888 3401 scripsisse,
910 3318 991 3402 quod
1013 3319 1109 3383 cuivis
1130 3320 1162 3382 in
1186 3322 1326 3382 mentem

262 3423 366 3488 uenire
388 3441 512 3490 necesse
534 3427 632 3490 esset:
656 3425 823 3490 Fuerunt
844 3426 882 3488 et
901 3426 1035 3505 postea
1055 3424 1177 3488 multa
1199 3425 1330 3488 omina

261 3528 337 3594 iam
359 3529 561 3592 militanti
582 3531 772 3608 (Aureliano)
795 3530 929 3596 futuri
1023 3530 1194 3611 imperii;
1217 3529 1326 3593 deinde

261 3633 324 3696 vidi
347 3634 391 3698 sic
413 3636 493 3718 apud
517 3636 697 3718 Bipontinos
720 3640 752 3701 et
773 3637 806 3701 in
827 3637 980 3702 veteribus
1003 3635 1071 3704 edd.
1094 3636 1212 3704 scribi.)

291 4066 311 4131 ¹)
331 4065 414 4134 Capti
424 4059 587 4136 scripseram,
598 4072 628 4122 nt
639 4068 820 4130 Oberdickius‚
831 4067 1071 4122 admirabilem
1081 4083 1128 4136 pro
1139 4066 1327 4122 amabilem.
1436 4097 1437 4140 p
