2918 4652
519 289 619 360 scupu—
637 289 707 346 mo.
729 291 798 362 nug.
1092 291 1152 354 641
1267 256 1271 264 ’

132 489 342 575 [Babronsius
363 490 396 553 in
418 487 520 554 annal.
540 487 686 572 philolog.
707 506 735 552 a.
759 487 835 552 1871
860 510 890 573 p.
907 490 986 554 656:
1010 492 1089 558 nisi
1112 511 1195 558 eum

132 597 191 662 sui
213 614 293 661 oum
316 613 429 679 equo,
451 613 513 660 non
534 595 617 658 recte
638 595 759 660 retenta
780 595 1020 679 propositione]
1158 595 1159 600 ’

232 702 299 768 Ibd.
325 701 380 765 13:
411 699 606 767 Sarmatis
627 700 778 766 inferre
800 699 948 766 bellum
969 719 1111 785 paraus
1134 703 1195 766 at-

130 827 201 892 que
224 807 349 874 animo
371 805 615 888 concupiens.
653 805 722 872 Non
747 806 875 872 barbaro
896 808 989 874 verbo
1011 809 1079 892 (pro
1102 825 1195 874 cou-

134 913 365 996 cupiscere)‚
387 912 440 978 sed
458 911 567 978 Latino
590 913 806 996 concipiens
827 913 976 996 scriptum
991 914 1195 980 fuissentiam

122 1020 259 1095 ‚animo
282 1018 427 1086 ostendit.
473 1017 563 1099 Apud
579 1017 728 1084 Senecam
744 1036 863 1100 quoque
885 1019 964 1083 rhet.
987 1037 1017 1102 p.
1041 1019 1102 1082 284
1124 1021 1193 1103 Bip.

133 1127 311 1204 Bourienos
342 1144 412 1194 oum
434 1124 466 1188 in
489 1123 645 1192 codicibus
668 1143 721 1207 pro
744 1124 892 1208 figuras
915 1126 1196 1210 compingebat

132 1231 318 1316 repperisset
349 1231 414 1316 fig.
448 1229 727 1312 consumebat,
761 1230 893 1300 scribere
927 1231 1034 1298 debuit
1066 1232 1197 1297 conci·
1259 1219 1262 1226 ’

133 1338 269 1421 piebat
300 1337 349 1420 (ut
370 1356 452 1403 nunc
471 1335 677 1418 Kiesslingius
699 1335 795 1420 fecit).
838 1337 930 1422 Apud
952 1339 1086 1406 Ennium
1117 1336 1194 1416 (Cic.
1267 1394 1269 1398 .

134 1441 172 1508 de
194 1442 253 1508 diu.
277 1444 301 1522 1,
325 1443 398 1519 107)
419 1443 491 1508 ferri
513 1442 640 1508 fortasse
661 1441 763 1526 aliquo
784 1444 874 1511 modo
895 1464 950 1526 pro
971 1443 1119 1510 affiecduo
1141 1462 1197 1526 po-

133 1548 229 1613 situm
252 1551 356 1630 posset
378 1548 660 1631 concupientes
683 1549 810 1632 regni;
845 1551 898 1617 sed
915 1550 1043 1644 codices
1065 1550 1196 1616 habent:

235 1657 375 1726 curantes
398 1673 512 1739 magua
532 1673 603 1720 cnm
624 1673 705 1731 cura,
731 1665 795 1718 tam
819 1657 977 1738 cupientes
999 1655 1109 1740 Regni.

234 1760 380 1826 1111191
424 1779 554 1826 omnes
589 1759 782 1828 Gordiani
816 1765 923 1828 metu
954 1761 1126 1846 partium
1158 1761 1197 1825 in

90 1935 92 1940 ,
133 1865 273 1930 Africa
305 1866 519 1934 interemit.
583 1865 689 1949 Neque
720 1885 849 1932 omncs
883 1865 1197 1948 Gordianineque

134 1973 240 2036 metu
260 1973 428 2056 partium
449 1973 523 2041 farri
545 1975 655 2056 potest.
711 1973 826 2038 Verum
849 1991 909 2038 non
932 1975 1076 2056 quattuor
1097 1990 1196 2048 voces,

134 2097 263 2162 quarum
285 2077 459 2145 additarum
482 2097 574 2144 causa
597 2079 724 2146 indicari
746 2078 866 2162 nequit,
900 2078 955 2144 sed
977 2096 1038 2143 una
1059 2077 1197 2144 tollenda

132 2188 200 2250 est:
244 2203 375 2252 omnes
405 2184 595 2251 Gordiani
623 2185 1205 2269 [11177111117111171111111111177Ἰ

132 2290 191 2354 boc
213 2295 270 2368 est,
295 2292 347 2374 qui
361 2290 660 2373 'Gordiauipartium
673 2294 768 2356 erant.
793 2290 952 2375 [casaub]
975 2289 1195 2357 Genetiuonon

132 2395 291 2462 intellecto
302 2395 443 2461 additum
454 2398 502 2460 cst
513 2398 626 2461 metu,
650 2396 777 2478 (Gapll
790 2397 966 2474 tenendum,
982 2396 1063 2481 quod
1075 2395 1195 2462 codices

135 2501 263 2567 babent:
289 2501 533 2583 amicisoqui
552 2519 632 2568 eum
655 2502 789 2568 videre
810 2521 880 2566 nou
901 2503 1106 2584 poteraut,
1128 2502 1196 2567 sed

133 2607 340 2684 tacebant,
363 2606 420 2672 boe
435 2609 492 2682 est
514 2608 567 2690 qui
588 2609 783 2690 conspectum
806 2606 871 2672 cius
887 2625 972 2689 aquo
993 2607 1095 2672 auimo
1117 2607 1196 2672 ferre

136 2729 195 2778 uon
218 2715 377 2794 poterant;
421 2713 481 2779 uid.
508 2731 576 2796 quoe
597 2713 636 2778 de
657 2712 713 2778 hoc
745 2707 889 2795 loquendi
921 2731 1030 2796 genere
1063 2713 1196 2796 exposui,

136 2818 232 2884 ctiam
254 2817 394 2902 Siesbyei
412 2819 507 2902 copiis
528 2837 612 2898 usus,
636 2817 675 2882 ad
698 2817 760 2884 Cic.
784 2818 849 2884 Fin.
872 2819 913 2896 11,
936 2818 975 2881 67
997 2838 1028 2900 p.
1051 2817 1123 2896 257,
1145 2819 1198 2884 ubi

137 2925 188 2990 hio
207 2924 291 2990 locus
313 2924 469 2990 addendus
493 2927 562 3002 est.)

237 3029 382 3098 Gordian.
409 3029 462 3094 18:
485 3030 688 3096 Maximini
709 3049 775 3096 sou
797 3031 965 3096 eiusdem
989 3030 1198 3097 Alexandri

136 3135 386 3220 temporibus
400 3136 444 3202 ad
460 3136 779 3220 proconsulatum
793 3136 1075 3218 patrismissus
1090 3137 1198 3220 lega-

137 3242 200 3308 tus
222 3243 286 3306 est
307 3239 521 3308 obsecutus
543 3242 663 3324 atque
684 3241 773 3307 illic
805 3260 866 3316 ea,
903 3261 983 3326 qua
1015 3245 1198 3324 superius
1294 3261 1297 3278 ⁴

137 3347 247 3415 dicta
261 3349 363 3422 snut,
387 3348 649 3432 contigerunt.
693 3345 773 3412 Mire
787 3349 910 3413 notatur
925 3349 1105 3414 obsecutum
1122 3367 1199 3424 esse,

137 3453 189 3537 qui
210 3453 331 3538 legatus
352 3453 433 3535 patri
454 3453 636 3518 mitteretur.
674 3451 768 3520 Sorib.
792 3455 940 3520 missus
961 3455 1119 3538 legatus
1142 3459 1200 3520 est

137 3558 361 3622 obsonato.
426 3557 604 3625 vinos:
643 3558 1201 3643 lilio...sibilegatoase-
1262 3613 1267 3624 ,

138 3665 359 3730 uatudato.
796 3682 799 3689 ·

239 3770 305 3835 Ibd.
333 3769 388 3836 32:
432 3768 688 3854 Cogitavarat
730 3771 920 3852 praeterea
964 3789 1045 3834 cum
1089 3771 1202 3836 Misi·

138 3877 249 3953 theo,
271 3878 311 3940 ut
331 3877 419 3957 post
439 3875 647 3940 basilicam
669 3876 840 3941 thermas
864 3876 1024 3940 aestivas
1046 3877 1110 3940 eui
1132 3895 1202 3941 no·
1230 3882 1232 3886 ’

140 3981 255 4046 minis
277 3982 444 4057 faceret,
472 3982 531 4046 ita
552 3984 594 4046 ut
615 3981 811 4047 hiemales
833 3982 870 4044 in
892 3982 1089 4065 principio
1111 3987 1214 4066 por-'
1298 4051 1300 4056 ,

187 4111 297 4146 navtur!
310 4112 448 4146 bonnac-m,
471 4111 493 4144 ll.
970 4117 1001 4160 41
