2970 4648
549 293 578 348 1.
597 267 853 352 assecutae.
1128 297 1190 362 411

165 493 243 574 ing.
278 490 354 557 fuit
384 489 460 554 tam
496 489 654 558 sterilis
685 509 792 574 quam
819 492 954 577 pusilli
983 495 1111 562 animi.
1153 497 1232 564 Rec-

164 596 245 674 tius,
290 595 415 678 opinor,
448 594 638 660 tenebimus:
683 596 833 678 ingenii
864 597 942 663 fnit
978 600 1055 666 tam
1095 602 1233 684 pusilli

164 719 276 786 qnam
299 699 436 782 animi,
459 701 490 765 et
512 699 672 766 sterilis
694 701 833 768 additum
855 703 1042 786 putabimus,
1072 724 1143 772 eum
1165 725 1233 773 eor·

163 809 292 890 ruptum
313 807 376 872 iam
398 807 481 872 esset
502 805 578 870 tam
599 806 747 890 pusilli.

265 912 333 978 Ibd.
366 901 424 990 31,
456 911 492 975 4;
536 911 723 995 Alioquin
764 914 933 995 pessima
978 917 1133 1000 optimae
1175 917 1232 982 rei

163 1018 346 1084 condicio
369 1019 444 1083 est:
475 1019 518 1082 ut
549 1019 685 1102 gratus
707 1018 780 1082 sini
803 1019 848 1086 ad
869 1021 1063 1088 fortunam
1084 1023 1232 1090 mittor.

163 1124 296 1192 Siilla
330 1123 455 1206 invita
494 1123 729 1206 respondere
767 1144 838 1190 non
869 1145 1040 1209 possum,
1071 1127 1231 1195 sufficit

161 1231 317 1296 animus
357 1230 497 1295 animo.
551 1229 697 1294 Extrema
733 1230 798 1296 haee
829 1231 957 1296 ridicule
995 1235 1228 1312 connectuntur,

161 1355 230 1420 quae
254 1354 379 1418 prorsus
401 1335 555 1400 centrmia
575 1337 662 1411 sunt;
698 1354 769 1400 narn
799 1337 826 1402 si
856 1337 985 1401 fortunae
1016 1335 1121 1403 favore
1151 1357 1227 1421 opus
1357 1409 1360 1416 ⁴

161 1443 211 1508 eet
233 1441 273 1506 sd
294 1441 539 1525 respondendum
563 1441 753 1520 (beneficio),
786 1442 909 1506 animus
934 1442 1034 1506 animo
1062 1457 1122 1508 nen
1144 1445 1229 1510 suffi-

160 1547 214 1612 oit.
239 1547 358 1612 .Reeta
380 1550 412 1613 et
434 1549 540 1630 aperta
560 1547 627 1611 haec
649 1546 803 1612 sententia
824 1548 887 1614 est:
931 1546 1119 1631 Alioquin
1140 1569 1231 1636 pes·

159 1653 260 1718 sima
282 1654 436 1736 optimas
457 1653 512 1718 rei
533 1652 707 1718 condicio
730 1653 804 1726 est,
839 1653 888 1728 oi,
921 1653 963 1716 ut
983 1655 1117 1738 gratus
1140 1657 1228 1732 sim,

159 1759 207 1830 ad
241 1759 445 1830 fortunam
479 1760 631 1836 mittor,
672 1759 706 1824 si
737 1758 807 1824 illa
839 1758 967 1824 invita
996 1761 1230 1844 respondere

159 1883 231 1929 non
270 1884 423 1949 possum
488 1863 649 1930 Sufficit
685 1866 830 1930 animus
864 1865 995 1930 animo.
1046 1867 1166 1932 Excidit
1198 1868 1231 1933 si

160 1973 232 2052 post
255 1974 298 2036 st.
343 1973 403 2054 (De
425 1990 450 2035 e.
474 1969 523 2046 34,
548 1971 564 2032 1
589 1970 651 2036 disi
672 1971 732 2037 vol.
756 1971 771 2034 Ι
793 1991 822 2054 p.
843 1970 885 2034 40
908 1971 995 2053 ima.)

264 2077 331 2144 Lib.
354 2077 419 2156 ΙΙΙ,
453 2076 488 2152 3,
514 2077 530 2138 1
552 2077 584 2141 in
606 2076 709 2154 codiee
732 2076 807 2144 Nan.
831 2077 875 2142 sie
896 2078 1056 2144 scribitur:
1101 2079 1229 2145 Prima

160 2183 331 2248 omnium
365 2202 408 2250 ao
440 2182 716 2267 potentissima
749 2187 854 2261 (causa
887 2183 957 2262 est),
990 2185 1088 2266 quod
1121 2186 1231 2252 novis

161 2307 316 2372 semper
337 2288 624 2370 cupiditatibus
647 2288 825 2370 occupati
847 2307 936 2364 non,
968 2291 1061 2372 quid
1088 2291 1231 2356 habea·

162 2415 259 2470 mus,
301 2395 367 2462 sed
397 2394 490 2478 quid
530 2397 708 2477 petamus
741 2393 778 2458 in
811 2393 851 2458 id
887 2395 985 2476 qued
1027 2399 1085 2462 est
1130 2395 1230 2479 quod

163 2502 363 2586 adpetitur
400 2500 566 2566 intentis
601 2498 781 2584 quicquid
822 2499 921 2566 domi
954 2502 1014 2564 est
1045 2500 1121 2564 vile
1160 2500 1230 2568 est.

163 2607 279 2674 Forma
306 2607 363 2672 loci
394 2607 495 2672 verbis
523 2609 646 2688 propter
674 2605 907 2671 similitudinem
941 2605 1064 2670 omissis
1094 2606 1231 2686 corrupti

163 2712 229 2778 haec
252 2713 328 2778 fuit:
351 2713 431 2792 sed,
453 2711 547 2796 quid
568 2714 769 2796 petamus,
793 2711 1039 2796 [spectamus.
1062 2710 1226 2795 Itanon]

95 2875 98 2882 .
161 2819 201 2885 in
242 2819 296 2897 id,
340 2820 440 2903 quod
471 2820 549 2894 est,
588 2819 652 2880 scd
678 2815 775 2900 quod
810 2815 1031 2899 adpetitur,
1052 2816 1229 2895 intentis,

161 2923 351 3010 quicquid
373 2924 475 2990 domi
497 2925 571 3001 est,
594 2923 671 2988 vile
693 2924 761 2988 est.
820 2921 983 3006 [Similiter
1005 2923 1168 3008 Muretus]

266 3031 435 3113 (Deloue,
469 3030 520 3114 qui
551 3033 599 3096 est
623 3049 649 3094 o.
679 3029 737 3107 12,
774 3027 793 3090 2
827 3029 1067 3111 transpositione
1095 3027 1231 3094 sanando

162 3138 282 3206 dietum
316 3138 364 3202 est
397 3135 455 3202 vol.
489 3137 560 3217 Ip.
584 3135 640 3212 493
672 3135 778 3200 eodem
810 3133 981 3219 corrigendi
1014 3153 1126 3220 genere
1147 3134 1229 3200 reete

162 3243 298 3310 Hessius
320 3259 393 3306 usus
416 3243 464 3307 est
486 3260 511 3306 o.
537 3240 586 3316 29,
608 3244 654 3323 5.)

264 3348 330 3414 lbd.
361 3347 415 3420 19,
446 3348 482 3411 l:
527 3345 709 3430 Alioquin
738 3345 886 3410 cotidie
909 3344 1101 3412 dominum
1123 3364 1230 3410 suurn

163 3453 471 3538 (servuslobligat3
484 3453 794 3537 peregrinantem
811 3453 997 3535 sequitur,
1009 3471 1104 3535 aegro
1117 3452 1231 3516 mini·

163 3562 317 3625 stratur
339 3560 421 3624 eius
442 3558 615 3623 laborem
637 3575 782 3623 summo
810 3557 914 3622 colit.
958 3557 1009 3622 Sic
1030 3557 1104 3622 Nan.
1148 3557 1230 3622 Hinc

164 3668 245 3730 natae
284 3665 533 3748 interpolationes
572 3664 786 3740 (ministrat
828 3665 864 3727 et
906 3662 1046 3728 labore
1089 3681 1230 3728 summo

164 3771 271 3850 colit)
309 3774 340 3837 et
375 3770 557 3835 coniecturae
595 3769 685 3834 malae
729 3772 775 3848 (ut
816 3767 970 3833 Pineisni:
1015 3767 1228 3844 ministrat,

165 3875 248 3942 eius
268 3875 441 3944 laborem
463 3895 529 3941 suo
551 3875 679 3952 tollit,
701 3875 827 3940 Haasii:
864 3873 1115 3944 ministratur
1147 3872 1230 3938 eius
1290 3883 1294 3891 ·

165 3980 298 4048 labora
320 4001 476 4063 summo,
498 3983 619 4052 sublato
641 3982 751 4060 colit,
773 3980 907 4046 oratione
923 3979 1000 4044 mire
1020 3978 1053 4043 iu
1074 3978 1229 4062 passivam
