2918 4636
291 260 332 324 94
647 259 709 314 nin.
728 258 777 315 vr.
794 255 862 328 cup.
875 259 914 314 11.

249 461 419 544 aequalibus
432 459 562 532 Livium,
585 457 678 522 cessit
698 459 883 540 pervagata,
909 455 1109 542 additumque
1130 460 1179 524 est
1192 458 1232 523 ad
1246 475 1317 524 vor·

250 583 321 632 sum
342 565 530 632 fidcieudum
552 583 618 647 que.
672 562 738 626 Iam
758 561 929 640 [abanech
970 557 1109 648 deceptos
1140 583 1220 630 vana
1247 584 1316 648 spe·

251 671 305 744 cie,
329 688 388 752 qno
410 669 586 753 significatu
606 665 711 750 posuit
727 667 889 732 Terentius
910 668 990 733 Eun.
1005 669 1046 747 11,
1070 670 1100 746 2,
1123 669 1163 732 13
1187 669 1315 750 (274)ῑ).

350 773 420 852 XV,
437 773 517 851 270,
539 773 616 838 271:

386 878 447 942 Hie
468 879 566 943 fontes
588 879 700 944 natura
720 895 815 944 novos
836 877 950 959 emisit,
973 881 1007 943 ab
1026 878 1091 944 illie

387 983 507 1060 clausit,
523 968 563 1050 vei
583 983 717 1068 antiquis
738 987 804 1048 ‘cem
827 983 928 1050 mulia
948 985 1132 1052 tremoribus
1156 985 1239 1052 orbis

387 1091 515 1156 fiumina
535 1090 697 1173 prosiliunt
719 1092 773 1156 aut
794 1090 944 1154 excaecata
966 1089 1115 1156 residunt.

200 1235 203 1240 ·
255 1197 457 1264 Scribendum
479 1215 546 1260 asse
578 1195 699 1280 antiqui
723 1197 859 1264 Batavm
893 1194 1004 1277 aliquis
1027 1196 1191 1278 superioris
1215 1195 1320 1260 saeculi

254 1302 422 1379 innuerim
456 1321 530 1366 nam
562 1303 643 1366 orbis
675 1303 813 1366 vetustas
845 1301 893 1364 esi
924 1303 956 1364 ei
990 1303 1122 1380 saecula,
1162 1320 1223 1366 non
1256 1302 1320 1366 tre·
1343 1339 1347 1348 -

253 1427 391 1485 morum;
413 1410 497 1472 recte
520 1408 623 1473 omnia
645 1409 742 1484 erunt,
763 1425 825 1472 una
845 1409 995 1488 praterea
1015 1407 1120 1472 littera
1134 1407 1277 1472 'mutabat

406 1516 437 1578 a
459 1513 579 1597 anemos?
598 1513 661 1576 iam
683 1512 783 1578 multe
805 1512 988 1578 bremoribus
1011 1513 1094 1578 orbis

405 1619 533 1684 flumina
555 1618 716 1702 prosiliunt
736 1620 792 1684 aut
812 1619 964 1684 excaecata
983 1618 1132 1684 residnub

355 1723 441 1790 Inter
473 1743 507 1788 se
542 1725 716 1790 referuntur
737 1725 858 1809 antiqui
880 1730 911 1790 at
932 1725 997 1786 iam
1025 1727 1141 1803 (nnnc).
1186 1721 1236 1801 (V.
1259 1722 1320 1784 322

256 1829 383 1913 vulgare
410 1830 560 1897 mendum
589 1831 741 1898 codicibus
763 1831 882 1913 aliquoi
908 1831 1117 1914 preeuntibus
1139 1829 1322 1910 bollandum,

255 1935 477 1999 discribetur:

407 2040 533 2106 Clitorio
555 2041 738 2126 quicumque
759 2042 845 2108 sitim
868 2039 1013 2108 desento
1035 2041 1150 2116 bened,

407 2146 479 2210 rina
500 2147 581 2230 fugit
602 2148 777 2231 gaudetque
797 2149 891 2214 meris
913 2149 1082 2215 abstemius
1104 2146 1204 2223 undis,

258 2269 317 2316 uon
343 2251 469 2328 levarit.)

358 2357 431 2436 ΧΥ,
450 2357 526 2420 364;

396 2464 567 2547 aneqne,
604 2465 739 2530 deiectas
774 2465 839 2542 (eil.
876 2465 964 2530 codd.
987 2464 1139 2541 delectos)
1174 2464 1325 2530 maneos

945 2609 949 2618 ·
992 2571 1224 2645 obtestantem

394 2677 519 2759 cognita
539 2696 588 2742 res
611 2696 684 2742 usu:
707 2676 746 2756 de
768 2675 851 2758 putri
872 2675 990 2742 viscera
1011 2674 1136 2758 passim

393 2781 555 2866 Florilcgae
577 2784 743 2852 nascentur
764 2800 849 2864 apes.

363 2885 461 2952 Reate
483 2906 501 2951 a
523 2887 663 2970 pluribus
683 2887 875 2953 intellectum
905 2888 975 2961 asi,
1010 2899 1070 2951 non
1086 2883 1204 2949 solum
1235 2893 1328 2962 prave

261 3089 430 3097 Μ-
436 3093 460 3098 --

293 3223 315 3292 ¹)
334 3230 440 3294 Vereor,
460 3243 502 3296 ne,
522 3228 546 3282 si
564 3245 617 3283 uno
636 3230 665 3284 in
682 3229 747 3283 loco
759 3243 874 3283 errorem
893 3241 979 3296 nuper
995 3224 1168 3280 commissum
1185 3221 1244 3276 sine
1261 3233 1330 3274 nova

336 3322 521 3376 emendatione
539 3322 682 3392 corrigam,
707 3320 828 3386 infinita,
854 3337 912 3390 qnae
931 3318 1125 3389 praetermisso,
1150 3313 1263 3384 probare
1282 3313 1331 3368 aut

333 3413 504 3470 mediocriter
522 3414 778 3485 improbarevidear.
816 3413 876 3470 Non
897 3429 1005 3483 possum
1024 3414 1115 3466 tamen
1133 3410 1229 3471 iacere,
1250 3419 1331 3474 quam

335 3507 458 3572 admirer,
476 3509 504 3564 in
523 3507 655 3564 facillima
672 3526 700 3564 re
717 3512 748 3564 in
764 3508 845 3562 huius
862 3506 926 3562 libri
943 3523 967 3561 v.
988 3505 1022 3562 73
1040 3519 1087 3574 pro
1101 3502 1188 3564 arcad,
1208 3496 1280 3569 qued
1297 3495 1330 3554 ab

335 3600 447 3657 Heinsio
465 3603 624 3658 restitutum
642 3602 725 3656 ceteri
747 3603 900 3665 tenuerant,
929 3600 1083 3654 revocatum
1107 3610 1164 3650 esse
1183 3594 1271 3660 aryair,
1300 3590 1332 3642 ub

337 3695 441 3750 dicatur
459 3695 626 3767 Pythagoras
654 3696 755 3766 primus
779 3693 966 3757 insimulasse,
991 3685 1200 3756 abdominibus
1227 3683 1330 3738 anima·

335 3787 373 3842 lia
391 3789 490 3860 mensis
508 3789 618 3862 imponi.
655 3789 694 3842 Ei
718 3790 809 3841 tamen
827 3785 895 3849 XII,
925 3785 976 3839 427
1001 3782 1083 3838 iidem
1112 3777 1247 3834 scribunt:
1279 3793 1333 3844 quea

337 3883 429 3934 clamor
455 3885 491 3935 ad
504 3873 588 3934 'cares
615 3885 694 3934 arcuit
719 3884 754 3932 ire
780 3899 851 3932 meas.
902 3876 981 3946 Apud
1008 3874 1132 3930 Taciium
1160 3871 1243 3926 ctiam
1270 3885 1331 3924 ann.

337 3976 388 4039 ΙΙΙ,
408 3979 442 4032 72
461 3993 515 4031 non
534 3975 628 4042 deerit,
647 3974 694 4044 qui
713 3983 828 4040 arcuerat
845 3987 892 4040 pre
910 3979 1024 4022 orauere!
1040 3985 1057 4022 a
1074 3965 1165 4038 Lipsio
1183 3962 1272 4036 posito
1291 3977 1332 4016 re·

271 4087 276 4102 r
335 4071 419 4136 vocab,
438 4070 493 4124 alia
514 4067 653 4137 promendi
671 4064 774 4134 ingenii
792 4063 905 4120 materia
925 4061 1074 4118 deficiente.
