3018 4634
542 1 548 3 ”
572 16 592 52 ο

588 298 694 362 'Incerti
710 301 783 362 Bell.
803 302 886 360 Afric.
1170 303 1230 368 289

296 508 341 576 Ὀ.
363 507 418 570 ie:
451 501 668 586 Postquam
698 545 747 570 ω
776 501 1115 590 animadvertebat
1141 507 1179 570 et
1205 506 1273 584 (hoc

195 615 288 680 lreete
310 611 397 678 addit
418 607 566 686 Iuriniusl
591 608 846 676 adverrrerio
878 625 950 672 non
971 605 1122 700 virtute
1145 629 1273 682 eorum

195 718 401 785 ‘conlidere
504 706 724 780 intellexit.
775 712 839 778 Sor.
861 713 1193 782 uirtuteeuorom.

307 823 341 889 O.
373 821 428 888 83:
472 813 503 886 'A
535 819 670 886 dextro
702 818 861 884 interim
898 837 1017 884 cornu
1054 819 1272 892 funditores

198 927 491 1014 *sagittariique
513 925 668 991 concita
682 925 764 991 tela
784 926 821 990 in
843 922 1080 1006 elephantos
1095 927 1274 1012 frequen-

198 1035 266 1100 'te's
287 1033 497 1120 ini-iciant·
526 1022 632 1100 Nihilo
654 1029 774 1114 magis,
808 1030 924 1114 opinor,
948 1032 1067 1098 concita
1089 1052 1180 1116 quam
1207 1056 1274 1119 quse

198 1139 348 1206 solebant
368 1140 480 1214 iacere;
502 1137 622 1202 rectum
637 1136 684 1201 est
696 1137 851 1212 (revocato
872 1136 903 1200 ti
924 1138 995 1200 aute
1011 1138 1081 1216 te):
1106 1139 1273 1212 adertro

198 1264 327 1310 cornu
433 1233 637 1328 sagittarii
673 1241 869 1318 concitari¹
892 1239 971 1306 tela
1075 1243 1272 1316 inliciunt.

206 1349 272 1434 til·
288 1347 329 1412 82
366 1351 398 1413 et
429 1335 649 1432 Nipperdeium
687 1347 720 1411 et
753 1345 952 1413 Duehnerum
985 1349 1080 1414 miror
1094 1429 1098 1438 ,
1111 1350 1202 1418 silere
1235 1355 1273 1420 de

126 1471 128 1476 ·
208 1454 346 1520 Scheelic
367 1452 584 1538 irruptione
605 1471 660 1536 pro
679 1453 891 1535 eruptione
914 1454 1078 1532 scribente,
1101 1474 1173 1522 cum
1194 1476 1272 1543 aga.

204 1563 258 1626 tur
279 1559 317 1625 de
338 1556 534 1644 irrumpendo
554 1549 587 1623 in
610 1559 712 1624 cestre
732 1558 878 1652 hostium.
921 1558 963 1623 Et
983 1561 1130 1643 probarat
1149 1563 1274 1630 Ouden-

200 1664 359 1749 nlorpiusl)

308 1770 344 1838 Ο.
373 1769 430 1832 87ε
473 1768 627 1852 plebem
659 1770 842 1834 inermem
867 1770 1008 1854 oppido
1040 1761 1211 1842 eie'oe'rat
1238 1781 1274 1846 et

175 1878 176 1881 ’
203 1877 300 1940 ente
332 1875 487 1962 portam
513 1873 693 1940 bellicam
730 1876 875 1942 castris
902 1875 1088 1961 fossaque
1114 1885 1274 1964 parvula

204 1980 401 2046 ¹(luntarat
428 1980 625 2046 munierat
656 1979 803 2064 ibique,
833 1974 1027 2049 custodiis
1056 1986 1273 2056 circumda-

206 2088 269 2166 tis,
302 2085 481 2154 habitere
514 2091 711 2178 coegerat.
758 2086 902 2152 Ridicula
933 2092 983 2154 est
1005 2092 1094 2173 porta
1122 2094 1271 2173 bellice,

207 2195 240 2260 ct
260 2192 348 2258 deest
371 2181 564 2278 significatio,
596 2190 670 2275 quid
700 2191 855 2257 munierit.
908 2193 1052 2262 Aususnc
1073 2200 1122 2262 est
1142 2201 1274 2284 scriptor

205 2299 333 2384 *aitque
365 2299 397 2364 et
418 2296 586 2363 Catoniana
608 2295 728 2362 dicere:
762 2319 960 2362 verrucam
1061 2305 1271 2386 munierat,

207 2408 244 2470 ut
275 2401 560 2478 cruciabiliter,
596 2402 809 2500 leroculus‚
845 2406 1046 2488 suppetias
1077 2409 1137 2474 ire
1170 2418 1272 2495 (saepe)

208 2512 244 2574 et
264 2509 325 2576 alia
345 2509 461 2576 simiha
482 2507 559 2574 diiii
579 2508 654 2588 (uid.
675 2507 822 2592 Nipperd.
843 2530 874 2594 p.
899 2509 971 2588 18)?

310 2614 391 2682 soii
412 2612 630 2702 crispeiensis
651 2615 780 2694 numm,
814 2615 852 2680 ai
880 2615 980 2680 infimi
1010 2616 1067 2682 ioci
1096 2603 1220 2689 simite
1242 2630 1274 2693 c

208 2719 286 2786 nihil
308 2739 345 2787 ex
365 2719 457 2785 rebus
479 2719 576 2806 gestis
597 2718 658 2785 uisi
678 2719 845 2804 particulas
866 2721 1014 2803 quasdam
1036 2723 1162 2790 tenente
1177 2729 1273 2814 scrip-

210 2828 278 2892 tum
300 2825 424 2892 mutuae
447 2824 479 2889 et
499 2842 638 2890 nemone
664 2844 761 2910 usque
789 2825 828 2890 ed
850 2825 1024 2896 barbariem
1046 2820 1181 2910 rustico,'
1206 2835 1273 2904 tum
1390 2812 1394 2818 ⁸

209 2932 381 2999 alibrariis
403 2921 449 2998 ita
469 2928 690 3033 incredibiliter
711 2921 900 3016 corruptum,
921 2935 957 2998 ut
978 2935 1055 3000 nihil
1077 2936 1141 3003 fere
1164 2941 1196 3004 in
1218 2959 1274 3008 an·

210 3039 306 3123 tiquis
324 3036 438 3104 litteris
463 3034 565 3102 rimile
587 3035 639 3116 sit,
671 3037 867 3120 paucissimis
898 3040 975 3106 locis
998 3043 1102 3127 attigi,
1126 3064 1196 3112 cum
1219 3068 1274 3114 ne·

209 3164 269 3228 que
291 3143 428 3230 dignum,
449 3141 480 3208 iu
503 3160 561 3225 quo
583 3143 706 3227 tempus
728 3144 872 3224 tererem,
891 3145 1057 3214 iudicarem
1079 3169 1178 3236 neque
1192 3157 1274 3222 mul-

208 3251 276 3315 tum
299 3267 349 3314 me
369 3248 578 3332 profecturum
600 3266 765 3337 sperarem.
821 3249 896 3330 Qua
923 3255 1029 3320 tamen
1063 3259 1117 3322 aut
1138 3263 1275 3344 suspice-

209 3359 260 3422 tus
282 3373 351 3422 sum
372 3355 427 3420 aut
449 3353 563 3421 certius
584 3353 714 3436 repperi,
734 3353 801 3420 haec
825 3357 912 3422 sunt:

310 3457 344 3524 G.
385 3459 420 3522 1:
463 3458 529 3546 'Ita
564 3459 936 3544 peucis'commode
971 3466 1082 3536 hoste
1119 3473 1275 3544 hortato

210 3557 377 3630 maiores
399 3563 641 3648 augebantur
662 3565 785 3658 copiae.
829 3565 945 3650 Opinor
965 3570 1075 3639 fuisse:
1119 3577 1180 3643 Ita
1206 3600 1275 3664 pa-

211 3669 266 3734 cir
289 3669 489 3736 commoda
508 3669 619 3736 hoste
634 3669 783 3754 forato.
834 3673 876 3738 Et
896 3676 1003 3760 pacis
1025 3679 1057 3744 in
1082 3685 1168 3764 perte
1190 3685 1275 3752 codi-

213 3793 282 3839 cum
305 3775 362 3852 est,
387 3774 563 3859 recepitque
584 3775 774 3842 Duehnerus.
1319 3836 1322 3840 ,
1371 3837 1372 3842 ,

311 3879 344 3946 C.
387 3879 444 3946 22:
492 3881 564 3947 illi
602 3882 791 3992 prasium
822 3885 996 3954 insecuti
1045 3912 1088 3960 er
1131 3897 1274 3966 adver-

130 4077 132 4083 ·
211 3985 323 4052 sione
343 3987 496 4072 legatos
520 3987 753 4074 iugulerunt.
807 3989 901 4057 Scrih.
934 3993 1105 4065 insecuti
1137 4021 1177 4068 er
1205 4003 1276 4068 Ur.

211 4112 226 4152 8
232 4113 252 4154 a
257 4113 275 4154 υ
281 4113 299 4158 0
304 4113 326 4154 n
334 4113 358 4158 θ.

258 4197 368 4234 uiuum!
380 4201 458 4234 Aonia
470 4199 519 4235 carr·
543 4200 563 4235 ¹¹-
1044 4215 1076 4262 19'
