2956 4648
326 247 388 312 468
686 245 966 318 uit.vl11.crp.1V.

285 447 495 514 arbitrium
546 461 615 509 non
659 445 796 510 cudere
829 444 1021 511 uictoris.
1087 443 1237 521 Quanto
1281 444 1351 510 hoo

284 555 408 620 maius
443 555 520 624 est,
563 567 633 633 quo
664 551 909 632 promittitur
941 551 1129 633 perpetuo
1169 549 1350 624 libertus,

284 661 432 743 nullius
466 676 534 722 neo
573 656 739 722 hominis
773 673 842 720 neo
877 655 939 720 dei
978 657 1108 732 timon
1142 655 1350 739 etquidem

284 767 346 846 vel
384 763 582 830 esurienti
614 761 660 826 od
698 762 780 828 ista
811 759 1044 826 veniendum
1070 762 1137 825 est
1180 761 1350 843 Pp:Haec

283 871 454 954 quidem,
484 869 548 934 Ab:
571 869 617 932 Et
638 867 737 954 quid.
780 864 998 932 scribendum:
1038 864 1191 949 Ecquid
1211 867 1272 930 vel
1294 885 1344 930 es.

284 976 330 1042 ud
358 978 378 1040 i.
411 974 640 1042 veniendum
673 976 752 1040 est?
802 972 943 1036 Fortasse
973 971 1082 1036 etium:
1127 971 1276 1051 Quanto
1297 971 1349 1034 tic

283 1081 410 1148 muius
432 1083 505 1157 est,
529 1080 627 1164 quod
647 1077 915 1161 promittitur?
954 1076 1143 1161 Perpetua
1164 1078 1348 1155 libertus,

283 1189 341 1251 oet.
377 1186 473 1264 (Tum
497 1186 614 1250 Seneos
635 1184 769 1267 scripsit,
799 1185 835 1246 ut
862 1184 911 1247 est
931 1182 962 1247 in
984 1183 1034 1254 Ab
1058 1194 1090 1250 et
1121 1184 1188 1249 edd.
1217 1185 1350 1268 superio

282 1293 383 1358 ribus:
415 1292 592 1356 vixerunt
619 1288 825 1353 herborum
847 1288 1043 1355 radicibus
1069 1294 1106 1356 et
1134 1291 1245 1355 dictu
1278 1290 1351 1354 fre-

282 1398 343 1463 dis
374 1397 554 1462 tulerunt
584 1395 734 1458 fumem.
781 1394 806 1457 P
842 1394 951 1472 foede;
985 1417 1004 1479 p
1042 1399 1074 1463 et
1108 1396 1162 1462 ulii
1200 1395 1349 1462 foedius.

285 1502 320 1567 Si
353 1501 410 1567 hoo
437 1499 554 1566 Seneca
586 1499 745 1576 voluisset,
767 1499 941 1582 scripsisset
973 1504 1028 1567 cut
1055 1501 1210 1575 fedius,
1238 1503 1350 1567 omisso

286 1608 405 1682 dictu,
434 1610 488 1671 unt
508 1605 750 1682 foedioribus3
787 1606 846 1669 etsi
869 1603 942 1670 fredi
974 1606 1050 1671 nihil
1082 1608 1203 1688 proprie
1232 1607 1350 1672 eratin

283 1712 472 1790 radicibus).
522 1711 539 1794 ᾗ
569 1711 609 1774 10
635 1711 818 1792 simpliciter
848 1710 1017 1776 tollendum
1050 1716 1123 1795 puto
1158 1711 1273 1795 quod,
1317 1712 1351 1776 ut

283 1819 448 1884 scribatur:
478 1817 576 1882 idem
601 1818 726 1880 sutem
748 1817 851 1882 omni
872 1817 1003 1881 seculo
1027 1819 1090 1882 sut
1112 1818 1182 1882 est.

383 1923 439 2005 Ep.
466 1921 515 1988 18.
552 1922 609 1986 11:
654 1920 805 1999 Quontc
833 1923 891 1986 est
912 1921 1032 1986 unimi
1056 1922 1282 2006 magnitudo
1304 1923 1347 1988 ud

284 2030 321 2094 id
349 2047 418 2092 sus
449 2029 591 2111 sponte
621 2027 872 2104 descendere,
904 2026 1004 2111 quod
1035 2045 1079 2091 ne
1108 2027 1152 2092 sd
1181 2029 1352 2093 extremo

289 2133 446 2217 quidem
470 2131 641 2198 decretis
671 2133 885 2200 timendum
916 2137 983 2198 ost.
1027 2133 1157 2200 Videtur
1178 2133 1288 2198 fuisse:
1311 2152 1352 2198 ne

286 2240 332 2304 od
354 2242 524 2304 extremo
547 2238 697 2321 quidem
722 2239 886 2306 dedoctis.

388 2346 443 2427 Ep.
469 2345 519 2421 19,
549 2345 568 2408 3
591 2345 656 2429 (ubi
678 2344 792 2410 Seneca
812 2346 928 2412 Lucilio
952 2345 1028 2410 dicit
1053 2346 1114 2411 ium
1137 2365 1198 2411 non
1221 2348 1353 2412 liberum

281 2471 365 2529 esse,
412 2453 577 2535 postquem
614 2451 645 2516 iu
677 2453 798 2517 tentam
835 2452 1006 2516 hominum
1045 2452 1188 2517 notitiem
1224 2452 1353 2532 venerit,

279 2558 403 2641 penitus
426 2559 512 2624 sein
534 2559 631 2624 otium
659 2558 882 2637 abscondend:
926 2558 976 2623 Ut
998 2558 1036 2622 in
1059 2559 1231 2623 extremo
1250 2575 1352 2622 mer-

280 2666 386 2749 geris
443 2684 486 2729 sc
528 2664 680 2746 penitus
737 2663 983 2738 reconderis,
1037 2665 1164 2729 tsrnon
1220 2665 1352 2745 priore

280 2772 564 2836 monstrabunt.
606 2770 676 2834 Non
699 2770 756 2834 hoo
781 2770 893 2853 egitur,
925 2770 957 2834 in
983 2768 1055 2852 quid
1083 2789 1116 2834 se
1139 2771 1277 2854 mergat,
1299 2767 1352 2833 sed

279 2877 410 2959 quondo.
458 2875 554 2940 Sorib.
586 2875 635 2940 Ut
665 2875 705 2940 iu
727 2886 914 2950 extremo,
944 2877 974 2939 h.
997 2893 1033 2950 e,
1067 2875 1100 2940 in
1122 2875 1257 2940 extreme
1278 2875 1349 2940 vito

280 2983 313 3046 et
334 2981 429 3046 studii
451 2983 546 3063 purte.
590 2981 720 3047 Inferius
755 2981 790 3066 (ξ
812 2982 844 3059 6)
866 2981 931 3046 hoec
960 3000 1040 3046 nono
1062 2981 1225 3065 leguntur:
1258 2981 1348 3060 Quis

280 3088 411 3152 exitus
445 3087 548 3152 erit?
603 3086 701 3167 Quid
731 3089 940 3169 exspectas
975 3088 1033 3170 (Pp
1053 3088 1219 3170 pervagato
1252 3105 1348 3152 erroro

280 3195 468 3275 spectes),
502 3191 619 3256 donec
651 3193 833 3258 desinas?
863 3193 1025 3270 hebere,
1062 3192 1168 3276 quod
1201 3193 1348 3275 cupias,

279 3316 474 3381 nunquam
517 3299 591 3362 erit
623 3300 783 3380 tempus.
843 3298 1021 3382 Superiores
1061 3299 1195 3364 rectius:
1248 3298 1349 3378 Quid

281 3404 500 3492 exspectas,
524 3404 640 3468 donec
663 3403 736 3469 des.
759 3403 908 3481 habero,
931 3425 959 3487 q.
981 3407 1028 3468 u?
1050 3404 1187 3470 Prorsus
1209 3406 1345 3490 emerget

275 3527 349 3573 reru
370 3509 540 3586 sententio,
568 3509 612 3574 sio
634 3511 735 3576 verbis
758 3509 927 3576 distinctis:
975 3511 1074 3591 Quid
1103 3513 1346 3592 exspectas?

279 3614 406 3679 Donec
427 3615 500 3679 d.h.
517 3614 715 3697 qrcnpius?
749 3615 950 3699 Nunquam
973 3617 1049 3682 erit
1069 3618 1247 3700 tempus.
1269 3617 1347 3682 Tum

280 3719 313 3784 in
342 3720 390 3784 tis
422 3719 537 3784 telem
570 3737 655 3785 esso
687 3723 949 3803 cupiditatum
981 3740 1080 3804 neque
1115 3720 1218 3786 audiri
1249 3739 1347 3805 neque

281 3824 355 3890 eddi
375 3827 477 3907 potest
498 3823 681 3901 disimue;
717 3818 816 3910 neque
847 3828 929 3892 enim
962 3826 1020 3892 hoo
1052 3827 1165 3891 scholae
1191 3826 1347 3893 decretum

280 3932 337 3996 est.
392 3928 513 3995 Eruidit
550 3929 654 3994 scius
690 3937 790 4008 (esse
827 3933 945 4016 scius)
985 3933 1040 3998 eut
1075 3932 1176 3998 simile
1220 3935 1347 3999 verbum

281 4034 408 4118 (putu).
458 4037 617 4101 Postremo
639 4034 660 4121 ᾗ
685 4036 725 4098 10
749 4038 815 4103 haeo
837 4037 1028 4106 scribuntur:
1073 4038 1149 4104 sed
1171 4041 1348 4108 movebis
