2918 4652
521 269 619 358 napo.
638 288 798 360 urceus
1094 288 1155 356 eet

133 489 327 571 perbreviter
348 487 518 554 subiiciem.
557 487 794 569 (Imperatomm
817 486 941 552 nomme
962 506 1050 568 pono,
1074 491 1198 556 omisso

133 595 329 678 scriptorum,
352 613 418 677 quae
441 609 499 658 non
522 592 635 677 ubique
659 593 743 656 certe
764 593 859 670 sunt.)
948 633 951 644 -
1121 652 1124 660 .

239 700 334 766 Hadr.
368 699 406 762 4:
433 697 667 781 Corrupisee
702 717 781 766 eum
819 697 975 766 Traiani
1014 700 1196 774 libertos,

132 823 296 870 curasse
331 804 526 870 delicatos
560 798 797 886 eosdemque
831 805 1019 886 sepelisse
1054 821 1199 888 perca

134 911 323 992 tempora,
370 911 513 993 quibus
545 911 582 976 in
625 910 714 976 aula
757 909 1065 978 familiariorum
1104 913 1197 987 luit,

134 1016 266 1098 opinio
288 1016 412 1086 multa
434 1015 625 1082 firmavit.
673 1017 734 1082 .Sio
755 1016 885 1082 codices.
930 1015 1015 1094 Quod
1034 1019 1198 1084 substitui-

130 1122 184 1186 tur
205 1140 305 1204 aaepe
329 1121 477 1214 lesisse
498 1124 553 1186 aut
574 1121 727 1198 livisse,
760 1141 814 1204 pro
846 1123 1046 1206 leviga-sse
1061 1142 1198 1204 ‚prorsus

134 1227 278 1310 fingitur„
295 1225 497 1292 Scribendum
522 1229 628 1310 opinor
651 1229 877 1310 eosdemque
899 1227 1088 1311 depilasee
1109 1230 1199 1311 (pilos

130 1334 269 1408 vellium,
301 1332 474 1398 hurnillirno
499 1334 668 1400 ministerio
690 1337 721 1398 et
742 1336 897 1404 obsceno).
941 1332 1006 1416 [Sic
1027 1335 1173 1418 Lipsius]

236 1422 303 1502 uo.
325 1439 379 1502 ru
423 1439 517 1504 Post
551 1440 627 1504 eso
650 1439 849 1522 profectus
886 1439 923 1502 m
947 1439 1096 1505 callias
1119 1461 1199 1506 om·

132 1562 201 1608 nes
224 1545 421 1609 casuariis
443 1545 759 1609 liberalitatibus
782 1545 1031 1610 sublevavit..
1070 1545 1227 1614 Sobesos·

127 1668 266 1715 omnes
303 1671 412 1712 caeos
446 1651 573 1712 variis
615 1634 681 1715 lib.
726 1652 821 1716 subl.
889 1651 928 1717 Et
971 1652 1099 1718 variis
1135 1651 1198 1716 iam

131 1755 366 1822 Mommsenius.

233 1861 294 1926 AEl.
319 1861 387 1925 Ver.
421 1860 457 1923 2:
493 1861 604 1944 quasi
640 1859 801 1943 quidam
830 1862 1199 1944 principnmfiliffl

134 1969 172 2039 1;
207 1966 449 2042 Plilii)uiri
471 1969 509 2032 et
534 1967 737 2049 designati
759 1970 946 2053 nugnsoae
969 1968 1212 2034 maiestatis·
1270 2035 1272 2040 ,

44 2153 47 2158 Δ
131 2073 308 2138 heredes.
352 2072 404 2136 Sic
437 2071 568 2149 codices,
601 2074 793 2156 erquofit:
827 2075 1049 2157 principum
1084 2073 1202 2136 liberi

128 2179 283 2262 (liueri)
305 2189 338 2242 et
360 2177 634 2262 designato...
663 2179 832 2244 herodes.
891 2179 993 2246 Nimis
1020 2179 1200 2263 longedis-
1240 2223 1242 2228 ·

129 2285 217 2351 cedit
238 2283 427 2366 Bernhardyi
449 2285 604 2351 correctio.

235 2391 301 2456 Ibd.
323 2390 361 2454 4:
405 2387 547 2468 Quodsi
579 2409 650 2454 nen
682 2391 790 2464 recte
824 2390 1083 2456 constellatio
1115 2391 1199 2454 eius

128 2497 306 2564 collecta
347 2497 422 2571 est,
465 2513 574 2576 quem
619 2494 812 2560 eredimus
855 2515 937 2560 esse
982 2497 1201 2562 victurum?

137 2604 236 2669 Scrib.
278 2601 394 2681 Quid,
426 2601 456 2666 si
490 2620 560 2665 non
593 2623 618 2666 r.
641 2602 765 2668 const.
799 2601 885 2666 eius
918 2601 1092 2667 collecta
1114 2605 1200 2667 est?

138 2707 241 2787 Quin
263 2707 456 2772 credimus
477 2725 564 2772 esse
586 2707 801 2772 victurum?
1000 2755 1002 2760 .

175 2821 179 2828 ’
236 2815 349 2878 Anton.
372 2812 453 2878 Phil.
476 2813 512 2875 4:
557 2811 647 2874 Fuit
674 2814 797 2878 autern
821 2812 912 2878 rita
934 2812 1199 2896 indulgentia,

134 2923 177 2986 ut
198 2923 407 3004 cogeretur
428 2923 699 3006 nonnunquam
723 2918 782 2982 uel
803 2917 1096 2984 invenatiouos
1118 2937 1200 3001 per-

134 3044 227 3111 gere
247 3025 307 3090 rel
338 3026 379 3090 in
403 3025 601 3090 theatrum
632 3023 868 3088 descendere
899 3023 958 3119 uel
987 3026 1201 3106 spectacu-

134 3131 184 3197 lis
205 3133 412 3197 interesse.
481 3131 578 3194 Pravo
601 3130 712 3195 dieitur
733 3130 808 3194 tuit
829 3130 920 3194 vitae
943 3129 1201 3214 indulgentia,

133 3241 192 3315 ut,
216 3238 279 3304 sive
301 3226 532 3308 nominativum,
565 3236 628 3299 sive
660 3235 830 3300 ablativum
859 3242 1014 3318 putamus.
1066 3236 1126 3302 Sed
1147 3255 1199 3300 ne·

133 3361 196 3427 que
216 3342 409 3425 indulgentie
429 3341 501 3405 vitae
523 3359 590 3422 quse
604 3341 655 3414 sit,
679 3359 777 3422 neque
799 3341 872 3424 quid
894 3344 1016 3408 omniuo
1038 3342 1203 3426 indulgen·

134 3450 182 3514 tia
192 3449 243 3514 hic
255 3450 337 3532 agat,
359 3436 551 3530 intelligitur.
579 3446 718 3509 Primum
730 3448 886 3528 geminato
898 3459 928 3509 m
942 3452 973 3512 et
984 3449 1095 3513 lineola
1108 3447 1201 3512 altius

136 3554 301 3638 producta,
321 3553 359 3618 lit
379 3552 515 3626 multu,
536 3551 661 3616 deinde:
695 3551 790 3616 lluit·
808 3559 936 3617 autem
958 3553 1087 3615 multuo
1105 3551 1202 3614 dili·

135 3661 336 3744 9eneioe‚ut
358 3661 631 3742 cogereturcet.
661 3657 718 3741 [ut
736 3658 962 3742 diligentiae
977 3661 1039 3723 iam
1051 3657 1199 3740 Lipsius]

240 3766 306 3833 lbd,
330 3765 365 3830 5:
393 3765 495 3830 Tunc
517 3763 676 3847 primum
699 3765 763 3844 pr'o
786 3765 910 3830 Annio
932 3763 1114 3831 Aurelius
1137 3782 1203 3827 coe-

138 3873 198 3956 pit
218 3873 368 3948 vocari,
404 3868 501 3955 quod
531 3871 567 3934 in
591 3869 805 3941 Aureliam,
834 3869 903 3934 boc
926 3869 983 3933 est
1004 3869 1203 3943 Antonini,

138 3976 370 4058 adoptionis
391 3977 474 4042 inre
496 3976 716 4040 transisset.
756 3975 956 4039 Desiderabnr
977 3975 1204 4044 substantivum

139 4084 173 4147 et
205 4085 243 4147 ad
274 4081 476 4148 Aureliam
507 4080 607 4146 etad
644 4080 844 4146 Antonini.
901 4079 976 4144 Post
1007 4080 1205 4146 Aurelia-m
