2918 4652
530 283 627 353 Script.
647 283 720 338 Hist.
738 286 807 355 Aug.
1098 287 1159 349 643
1248 317 1250 322 ·
1269 319 1271 326 ‹

140 483 320 546 tetendit.
375 481 454 545 Nem
489 502 597 543 menae
630 480 801 544 bominibus
833 491 929 545 unere
964 491 1030 566 (pro
1055 505 1101 562 eo,
1125 485 1204 570 quod

106 623 108 629 =
141 592 189 654 est
221 589 390 668 maaca)
429 606 526 671 neque
560 586 620 652 diei
650 586 772 652 uidetur
804 605 901 670 neque
938 609 1003 654 rem
1036 591 1108 656 huic
1139 592 1203 659 loco

140 698 243 778 aptam
265 694 449 779 significare.

242 801 306 866 lbd.
343 800 399 864 13:
456 790 784 876 adclamationes
826 800 995 882 primum
1039 804 1236 886 publieae.

139 907 315 985 luerunt,
353 921 433 990 quae
467 905 619 970 milites
651 905 936 988 contingerent.
1002 907 1204 976 Saribendum

138 1013 309 1096 publica
331 1011 491 1077 luerunt
532 1017 577 1088 (et
597 1029 784 1090 communes,
817 1015 851 1075 ut
867 1011 1010 1095 publicae
1032 1014 1090 1080 hac
1112 1018 1203 1082 atate

142 1118 278 1196 dieitur),
315 1135 396 1200 quae
432 1118 592 1183 milites
626 1139 697 1180 noa
731 1127 948 1201 temperent.
1014 1119 1134 1199 Postea,
1169 1123 1204 1186 ut

140 1224 247 1288 statim
276 1225 432 1297 narratur,
465 1224 496 1287 in
530 1224 637 1288 senatu
670 1221 866 1298 dictasunt,
900 1243 966 1306 quae
992 1224 1107 1311 milites
1133 1225 1204 1289 irri-

111 1317 259 1407 tarent,
303 1349 372 1394 cum
412 1331 610 1420 imperatores
644 1349 662 1395 a
696 1329 849 1394 militibus
890 1328 961 1414 eliffi'
999 1349 1056 1394 non
1092 1331 1203 1396 debere

136 1436 381 1520 significaretur.¹
1183 1441 1184 1444 ’

238 1542 392 1608 Valerian.
415 1561 440 1606 c.
463 1541 483 1603 6
505 1541 563 1619 (tlt
607 1539 662 1604 'lu
684 1541 866 1606 censibus
889 1541 1044 1606 modum
1067 1559 1201 1624 pones,

137 1651 180 1713 tu
201 1647 422 1732 uectigalia
443 1647 649 1723 firmabis,
684 1645 845 1712 divides
867 1649 979 1712 statu
1001 1649 1203 1730 respubli-

138 1773 205 1820 cas
227 1755 468 1820 recensebis.
532 1752 724 1819 Vocabulum
747 1754 854 1817 statu
874 1771 912 1816 ex
931 1753 1086 1834 superiore
1111 1771 1202 1820 versu

138 1865 307 1939 (statum)
322 1860 485 1943 repetitum
497 1860 634 1934 videtum
649 1877 708 1941 quo
726 1847 845 1924 sublato
862 1859 1055 1924 scribendum
1072 1859 1202 1926 fortasse

138 1971 202 2034 est:
236 1969 278 2032 tu
300 1965 523 2050 vectigalia
545 1964 741 2042 firmabis,
774 1964 907 2027 debita
935 1965 1092 2044 (dedita)
1121 1969 1203 2030 rei·

132 2073 311 2159 publicae
333 2072 567 2137 recensebis.
612 2071 716 2154 (Resp.
739 2089 799 2136 nen
822 2070 1009 2136 recensenda
1028 2075 1116 2147 erat.)

239 2176 371 2244 Gallien.
397 2177 452 2240 m:
476 2177 565 2243 Fuit
586 2181 776 2260 praterea
797 2176 899 2242 idem
920 2178 1203 2262 ingeniosissi-

137 2303 235 2359 mus,
258 2284 366 2348 cuius
389 2283 643 2350 ostendentia
665 2301 745 2348 cnm
767 2283 803 2346 in
826 2283 884 2348 his
906 2282 1064 2348 scilieet
1085 2287 1202 2368 pauca

137 2391 240 2456 libet
260 2409 415 2472 ponere.
460 2391 600 2454 Dubitari
621 2391 743 2454 omnino
766 2387 882 2471 nequit,
905 2389 976 2470 quin
992 2388 1104 2454 litteris
1119 2393 1203 2457 recte
1309 2425 1312 2430 ·

138 2497 310 2564 coniunctis
341 2497 373 2560 et
405 2496 552 2577 separatis
585 2495 766 2581 sublatoque
794 2493 950 2558 levissimo
980 2511 1079 2558 errore
1112 2498 1203 2563 scribi

139 2605 267 2670 debeat:
290 2603 401 2667 cuius
423 2601 654 2664 ostendendi
674 2599 878 2663 acuminis.
927 2597 976 2664 Aa
999 2599 1064 2665 haec
1085 2602 1203 2686 reliqua
1248 2654 1252 2665 .

138 2710 230 2776 lacile
263 2707 549 2774 accommodantur:
593 2706 707 2772 cuius
740 2704 975 2771 ostendendi
1009 2709 1202 2776 acuminis

139 2815 301 2883 scilicet
323 2835 441 2876 cauea
461 2830 580 2895 pauca
602 2831 744 2894 ponere
765 2811 875 2876 libet.
940 2809 1061 2877 Excidit
1083 2831 1204 2882 causa

140 2927 212 2988 ante
234 2921 401 3006 pauca1).

240 3027 307 3094 ibd.
323 3023 641 3108 13:1psa(zenobia)
657 3023 831 3106 suscepit
844 3023 1047 3105 imperium
1064 3024 1203 3110 diuque
1330 3017 1332 3020 ’

139 3135 244 3200 rexit
273 3151 344 3197 non
376 3131 621 3196 muliebriter
649 3143 770 3212 neque
797 3147 898 3194 mere
925 3128 1107 3210 leminea,
1140 3133 1202 3198 sed

140 3234 1205 3320 nonsolumGellienoquoquevirgomeliusimperare

139 3345 353 3430 potuisset,
389 3361 525 3406 verum
562 3343 683 3407 etiam
719 3340 859 3406 multis
893 3341 1204 3425 imperatoribus

139 3451 293 3516 fortius
325 3451 447 3532 atque
479 3446 702 3513 sollertius.
768 3446 908 3512 Primum
940 3465 1062 3531 prorsus
1095 3450 1204 3516 vitiose
1287 3461 1290 3466 '

141 3573 296 3639 quoque
329 3553 469 3637 ponitur,
501 3553 612 3619 deinde
646 3553 769 3619 omnino
801 3569 860 3617 non
881 3551 1022 3633 dicitur,
1054 3556 1204 3638 quomode
1239 3597 1241 3604 ι

138 3779 201 3788 -.---
213 3781 218 3786 .
241 3778 338 3786 αι’-.-

87 3980 89 3985 .
169 3929 190 3992 ¹)
211 3928 311 3996 sepa
339 3931 439 3986 rectum
468 3933 509 3982 est
536 3926 652 3996 specie
680 3925 822 3995 decoris.
871 3926 956 3980 Decus
985 3927 1091 3982 volebat
1119 3927 1204 3982 videri

210 4019 356 4084 Gallienus,
376 4018 448 4088 qnod
467 4023 541 4088 pater
561 4019 706 4074 virtutis
724 4018 853 4088 studio.
865 4015 989 4086 deceptus
1008 4023 1086 4074 esset.

907 4143 908 4148 κ
954 4112 1005 4164 41*
