2956 4648
501 256 532 311 L.
551 257 655 312 Seneca
673 256 810 328 Epistola.
1085 257 1147 322 513

126 461 252 530 caritate
285 459 342 533 sui,
374 475 441 538 quas
474 453 616 520 omnibus
649 453 756 532 (etiam
788 454 961 520 Stoicorum
996 458 1028 522 et
1065 457 1189 522 Senecae

126 565 293 646 sententia)
325 565 391 628 tam
420 560 514 626 insita
547 562 604 637 ost,
637 562 672 625 ut
704 560 795 625 evelli
832 563 987 644 nequeat?
1054 563 1188 628 Haasius

125 667 429 757 permanendum
462 666 557 732 deleri
590 665 697 730 iubens
733 665 765 729 et
795 665 832 729 in
865 667 1189 734 conciliationem

125 778 261 844 retinens
293 773 528 858 perversitatem
569 770 662 836 auxit.
734 768 889 836 Nimirum
925 772 992 856 ipsa
1016 773 1190 840 conciliatio

125 883 183 956 sui,
205 880 284 965 quod
308 882 375 945 tota
408 877 537 961 epistola
570 873 755 964 explicatur,
788 875 974 943 animalibus
1005 880 1052 943 est
1073 877 1189 944 instru-

125 988 266 1052 mentum
309 985 349 1050 ad
387 980 674 1068 permanendum-¹)
736 979 900 1046 Declaravi
937 1000 1001 1046 rem
1044 982 1082 1048 ad
1126 982 1189 1050 Cic,

126 1094 178 1157 lin.
219 1093 276 1170 ΙΙΙ,
311 1090 349 1154 16
391 1109 420 1172 p.
454 1087 524 1162 362,
558 1087 679 1170 dixique
713 1085 856 1160 breviter,
893 1087 1087 1152 scribendum
1124 1107 1190 1154 esse

126 1199 248 1264 sublata
293 1194 529 1280 praepositione,
587 1211 653 1276 quae
703 1211 739 1257 ex
785 1191 891 1256 littera
937 1215 969 1254 m
1015 1196 1082 1259 orta
1127 1197 1189 1260 est:

126 1305 292 1370 Primum
342 1301 410 1366 hoo
452 1298 754 1362 instrumentum
800 1295 886 1363 illis
930 1299 1065 1364 natura
1107 1318 1190 1366 oon·

125 1409 219 1475 tulit
249 1407 294 1472 ad
328 1403 640 1488 permanendum,
677 1401 995 1468 conciliationem
1026 1407 1066 1470 et
1088 1404 1190 1470 cari·

125 1517 245 1577 tatem
268 1509 339 1576 sui.
383 1509 464 1574 Non
486 1509 669 1592 poterant
690 1505 801 1572 salva
822 1525 919 1582 esse,
941 1510 1018 1576 nisi
1039 1510 1191 1578 vellent

128 1624 208 1701 (qua
241 1617 382 1682 voluntas
415 1617 463 1680 est
494 1614 563 1695 ipsa
594 1603 766 1678 conciliatio
798 1613 869 1690 sui).
916 1613 994 1680 Nec
1028 1616 1096 1681 hoo
1128 1635 1191 1700 per

126 1741 165 1788 se
186 1720 427 1804 profuturum
451 1721 550 1797 erat,
582 1717 649 1785 sad
683 1719 766 1782 sine
788 1717 856 1784 hoo
888 1719 995 1784 nulla
1018 1737 1079 1784 res
1102 1739 1192 1801 pro-

125 1826 277 1891 fuisset.
334 1826 376 1889 ln
410 1826 516 1890 nullo
554 1822 771 1904 deprendes
802 1826 858 1888 cet.
902 1823 983 1890 Nam
1016 1825 1080 1890 sed
1104 1843 1191 1908 pror-

125 1950 177 1997 sus
209 1932 371 1998 sententia
405 1935 485 2015 (quas
518 1929 717 1996 continuatur
747 1931 779 1994 et
806 1929 1017 2007 confirmatur)
1040 1932 1195 2015 repugnat

125 2039 287 2120 ortumque
309 2038 358 2102 est
379 2055 415 2102 ex
436 2036 547 2102 ultima
568 2035 687 2118 syllaba
708 2036 791 2102 verbi
814 2037 1043 2119 profuisset.

224 2143 280 2225 Ep.
294 2140 947 2224 122,16(ratquodanteomnialaciendum
960 2142 1192 2225 eratutproin-

129 2248 199 2332 epto
211 2247 303 2314 verbo
316 2246 429 2312 oredo
447 2263 504 2310 nec
516 2246 618 2310 miuus
629 2247 733 2332 inepto
743 2246 886 2314 adverbio
899 2249 1030 2315 crebro
1042 2248 1194 2314 substitu-

128 2354 228 2418 eretur
243 2333 416 2418 subiectom
430 2351 513 2416 verbi
529 2351 566 2414 in
576 2352 663 2434 quit
678 2355 715 2430 ‚et
723 2355 856 2419 auctoris
873 2353 957 2432 dict,
969 2353 1048 2436 quod
1060 2353 1193 2436 ponitur,

128 2476 248 2534 nomen,
269 2457 433 2524 Pincianus
455 2458 578 2532 fecerat,
603 2457 655 2540 qui
678 2457 777 2524 Pedo
800 2453 937 2542 scripsit;
960 2459 1019 2524 nisi
1041 2459 1072 2522 iu
1095 2459 1193 2542 scrip·

128 2568 199 2630 tura
219 2563 332 2630 codicis
354 2564 380 2626 B
403 2562 596 2628 credendo
627 2563 710 2629 aliud
732 2564 811 2628 latet
831 2583 962 2640 nomen,
997 2563 1081 2629 velut
1103 2564 1193 2628 Vei·

130 2673 228 2736 anto.
285 2670 390 2752 Ipsum
413 2669 531 2734 dictum
564 2669 621 2734 hoo
642 2667 773 2734 fortasse
806 2670 878 2735 fuit:
922 2670 1014 2742 Vos,
1047 2669 1195 2751 inquit,

130 2776 241 2842 illurn
272 2767 567 2862 ἐλλυχνιόβιον
599 2774 725 2840 dicite.
771 2774 805 2862 (ξ
829 2775 867 2838 18
889 2774 1093 2841 revocandum
1117 2793 1194 2854 esse,

118 2880 213 2970 ¹quod
235 2882 305 2946 ante
327 2879 501 2946 Fickertum
526 2878 688 2944 edebatur:
733 2879 925 2958 Quomodo
948 2880 1054 2944 cultu
1075 2898 1112 2944 se

132 2985 400 3070 distinguunt,
442 2986 632 3067 quomodo
666 2987 865 3070 elegantia
898 3004 1088 3055 taenarum
1132 3031 1197 3060 ...‚

132 3093 190 3157 sio
216 3092 352 3158 volunt
376 3109 559 3174 separare
591 3091 707 3157 etiam
742 3092 956 3176 temporum
987 3091 1197 3174 dispositi·

134 3215 217 3276 one,
249 3217 302 3282 pro
335 3215 394 3282 quo
425 3216 505 3262 nnnc
536 3196 814 3280 dispositiones
847 3195 956 3274 editur,
980 3196 1029 3261 vix
1052 3215 1128 3280 opus
1151 3202 1198 3264 est

89 3307 93 3314 '
134 3303 209 3380 diei;
254 3303 280 3368 si
322 3322 361 3368 se
395 3301 495 3369 audiri
539 3321 600 3366 non
634 3303 738 3384 posset
785 3321 821 3368 ex
860 3303 1014 3386 superiore
1053 3304 1199 3379 membro,

135 3408 329 3476 scribendum
350 3411 432 3474 esset
452 3407 651 3492 separari.)
722 3423 725 3428 ·

165 3687 187 3754 ¹)
205 3687 309 3744 Omisso
342 3691 402 3745 hoc
435 3690 548 3746 barbare
575 3689 655 3756 dicas,
687 3691 804 3759 primum
830 3690 1041 3743 instrumentum
1067 3689 1201 3746 tributum

207 3795 264 3836 esse
281 3781 310 3836 in
328 3783 442 3838 caritate
460 3784 503 3839 sui
532 3782 591 3852 (das
618 3783 688 3838 erote
706 3783 798 3838 Mittel
822 3782 858 3836 ist
876 3781 960 3836 ihnen
978 3782 1013 3835 in
1032 3782 1078 3836 der
1097 3781 1201 3837 Selbst·

207 3874 278 3930 liobe
295 3875 436 3946 gegeben).
481 3874 671 3931 Cavendumue
688 3876 737 3940 est,
766 3889 799 3928 na
817 3875 878 3944 quis
895 3873 945 3929 hac
963 3873 1085 3929 barbarie
1104 3874 1137 3929 ad
1156 3875 1201 3929 da·

207 3966 357 4023 sensionem
375 3967 511 4032 abutatur,
533 3967 636 4024 oblitus
654 3966 839 4037 pronominis?
1212 3961 1216 3968 ⁴

186 4081 297 4118 nauvias
309 4085 389 4119 sanni.
400 4086 450 4120 cm.
474 4086 495 4118 ll.
921 4089 954 4133 33
