2970 4648
289 247 353 312 440
650 245 928 320 cesonianus

249 445 407 527 qualem
430 462 615 511 sonorem
636 445 777 512 audine
798 446 991 523 solemus,
1022 463 1107 511 cum
1129 449 1187 512 cot.
1230 443 1308 512 Nan

248 569 432 616 sonorem
455 551 494 616 ab
516 550 652 635 Hauptio
674 569 770 618 sumo.

349 655 417 720 Ibd.
440 654 498 734 32,
528 655 548 720 8
569 660 733 742 postqum
755 657 873 724 domm
894 659 958 736 est,
980 674 1019 723 no
1040 657 1169 724 immota
1190 657 1310 742 quidem

248 762 281 826 et
308 761 467 842 superiora
497 761 600 827 sidere
633 764 738 842 „extra
768 763 816 829 ius
848 763 1078 846 dominiumque
1103 762 1199 828 nostri
1226 769 1308 828 eue“

249 866 317 945 (sed
337 866 406 948 ipsa
435 885 553 952 quoque
586 868 651 934 vim
678 870 711 934 in
739 887 796 936 nos
825 871 994 954 exercere),
1031 869 1075 936 sio
1103 869 1136 934 in
1158 867 1311 934 codicibus

248 973 403 1055 pergitur:
437 973 562 1038 Aliud
584 973 722 1058 aspice
744 976 782 1040 et
804 973 1048 1041 distributis
1068 992 1149 1040 rom
1172 973 1311 1039 efficis

249 1079 417 1144 tractas.
454 1078 532 1144 Non
554 1080 682 1164 magis
704 1083 832 1148 autern
852 1081 972 1147 facile
994 1081 1057 1146 est
1077 1079 1197 1156 seire,
1220 1078 1312 1163 quid

249 1184 433 1266 possint,
481 1204 596 1269 quam
640 1186 826 1253 dubitari
867 1187 1005 1262 debet,
1053 1203 1100 1250 an
1141 1185 1312 1268 possint.

248 1288 382 1356 Etiamsi
403 1291 470 1358 bac
492 1294 657 1375 postrema,
691 1311 758 1376 qua
779 1291 939 1378 perspicue
966 1291 1097 1358 redeunt
1117 1292 1157 1358 ad
1178 1291 1312 1358 siderum

248 1394 371 1462 illorum
394 1396 467 1475 vim,
501 1417 561 1464 nou
583 1397 743 1474 adessent,
775 1403 881 1464 tanuen
902 1397 979 1464 setis
1001 1397 1201 1464 menifestum
1222 1398 1311 1472 esset,

250 1501 327 1566 nibil
357 1501 408 1568 hic
430 1521 484 1586 per
505 1503 672 1570 emundarn
703 1523 866 1588 personam
888 1505 966 1584 (sive
987 1491 1147 1570 indicativi
1169 1504 1233 1568 sive
1253 1504 1312 1568 im·

248 1608 391 1690 perativi)
423 1607 578 1692 interponi
604 1629 693 1694 posse
724 1611 761 1676 de
789 1612 923 1678 hominis
950 1610 1067 1678 actione
1097 1612 1130 1675 et
1159 1608 1313 1692 efficito).

251 1713 488 1780 Distributa
520 1715 660 1784 officia
690 1718 778 1800 (nam
810 1709 976 1784 officiis
1001 1715 1199 1783 scribendum
1236 1733 1313 1792 esse,

251 1837 355 1886 omnes
378 1821 448 1904 post
470 1820 605 1888 Fabrum
629 1823 784 1904 viderunt)
799 1822 876 1890 satis
897 1822 1063 1889 ostendunt
1084 1821 1195 1887 eliud
1216 1820 1314 1906 gemi-

250 1925 388 1991 nandum
415 1945 489 1993 esse
526 1927 558 1994 et
587 1928 631 1992 sio
660 1928 854 1996 scribendum
884 1947 970 1996 esse:
1013 1926 1110 1990 Atia
1143 1927 1314 2004 (aliumP)

251 2030 362 2096 aliud
395 2033 506 2116 (sidus)
541 2034 739 2118 adoptata
781 2034 1022 2102 distributis
1051 2052 1132 2099 rem
1154 2033 1314 2098 officiis
1454 2045 1455 2054 ¹

251 2146 449 2212 tractaret·
466 2159 540 2206 non
557 2141 685 2225 magis
700 2143 844 2226 autern,
859 2141 918 2206 oet.
934 2139 1315 2219 (PerinielioiterHaasius

251 2242 335 2325 praei.
371 2244 433 2312 vol.
466 2245 516 2310 III
549 2267 578 2330 p.
612 2247 709 2312 XXV.
759 2247 795 2312 Iu
833 2247 1018 2312 tractant
1047 2247 1111 2310 iam
1147 2243 1316 2311 Gronovius

249 2347 383 2424 incidit.)
810 2429 817 2440 ι

352 2458 420 2524 Ibd.
444 2458 496 2534 34,
526 2459 561 2525 22
605 2459 773 2526 Sineres
804 2460 944 2525 futura
978 2458 1216 2524 cecinerunt
1247 2475 1317 2522 neo

251 2563 388 2645 potest
427 2565 501 2632 hoe
537 2565 767 2649 auspicium
804 2564 976 2630 fulmine
1021 2564 1186 2630 irritum
1222 2562 1318 2629 fieri

252 2672 321 2735 aut
373 2689 448 2735 non
504 2672 644 2737 iutura
704 2673 952 2738 cecinerunt.
1019 2669 1071 2736 Sic
1117 2671 1159 2748 E3
1214 2667 1318 2742 ueteri,

251 2774 369 2842 lacunae
403 2776 553 2844 indicium
582 2778 790 2855 occultantes,
827 2795 902 2842 non
922 2795 977 2859 pro
998 2794 1071 2842 nee
1092 2776 1241 2858 scriptino
1263 2762 1318 2840 ha·

252 2881 336 2946 bent.
367 2882 450 2948 Nam
472 2885 499 2950 si
520 2903 592 2952 neo
613 2903 683 2950 cunr
698 2884 752 2949 illo
774 2883 913 2948 intuta
930 2880 1170 2948 cecinerunt
1189 2899 1318 2966 sequen·

253 2987 298 3052 tia
319 2990 452 3071 copulat,
487 2990 576 3056 deest
607 2990 760 3074 apodosis.
802 2987 921 3053 Deinde
942 2987 1020 3054 illud
1050 2991 1119 3054 eut
1150 3005 1226 3054 non
1256 2987 1318 3052 iu·

252 3096 344 3160 tura
378 3096 616 3162 cecinerunt
646 3094 863 3182 postulat-ut
890 3093 1055 3161 antecedat
1075 3112 1136 3159 non
1157 3094 1192 3158 si
1213 3092 1319 3166 ceei-

253 3205 417 3281 neruut‚
452 3203 506 3270 sed
527 3202 868 3270 autoeoinerunt
910 3199 1028 3266 Seneca
1050 3201 1230 3282 scripserat:
1277 3197 1318 3262 Si

253 3327 348 3374 aves
381 3309 648 3395 [cecinerant
692 3308 772 3392 act]
803 3309 943 3374 future
980 3306 1220 3372 cecinerunt
1250 3321 1324 3368 neo

253 3417 389 3498 potest
420 3417 493 3482 hoo
534 3415 764 3497 auspicium
801 3413 972 3480 fulmine
1003 3414 1169 3479 irritum
1212 3409 1317 3482 fieri,

254 3523 324 3586 aut
357 3540 432 3586 uon
461 3521 602 3586 futura
632 3522 879 3587 cecinerunt
924 3520 1080 3588 Dilemma
1111 3517 1318 3583 necessarium

253 3628 386 3712 ponitur.
430 3626 549 3692 Deinde
571 3627 589 3710 ἕ
611 3626 648 3704 3,
682 3626 735 3692 ubi
763 3626 854 3710 vulgo
882 3626 1045 3692 edebatur:
1092 3623 1132 3689 Si
1164 3623 1237 3688 hoe
1258 3621 1319 3686 di·

255 3736 366 3800 cunt:
390 3722 573 3817 quaruvis
595 3734 731 3800 altera
751 3733 868 3816 signa
889 3728 1318 3813 vorumprcdixerint

274 4068 296 4136 ¹)
324 4069 436 4124 Prorsus
454 4067 544 4139 lepide
562 4066 702 4122 Fickertus
719 4065 829 4121 alites
846 4062 998 4118 coniectura
1015 4061 1119 4116 intulit.
