3018 4634
310 223 372 288 298
671 223 936 296 menmium.

267 417 311 500 11,
332 419 385 502 29,
415 421 435 484 2
456 423 539 504 etp.
564 421 625 484 153
647 420 686 488 de
707 423 733 500 l,
768 421 818 501 18,
851 423 868 484 1
902 419 1025 500 aeeidit,
1046 439 1118 486 eum
1138 441 1175 488 eo
1195 425 1337 508 tempore

265 525 390 590 tantum
417 526 519 610 priore
546 526 657 592 Haesit
690 527 830 611 exemplo
867 528 980 594 uterer.
1023 525 1136 603 Multa,
1169 545 1238 610 quae
1268 528 1338 610 ipse

266 629 349 697 inter
374 630 539 716 legendum
568 633 807 710 annotatorem,
842 635 951 716 postea
978 631 1044 696 eidi
1072 650 1094 696 a
1127 633 1336 716 superioribus

266 735 429 814 (Acidalio,
458 735 542 816 aliis)
570 739 740 821 praeeepta,
771 756 902 822 quorum
928 737 1017 802 bonis
1045 737 1181 802 inuentis
1208 738 1338 804 mallem

265 840 393 926 quidam
428 859 512 906 nune
546 843 707 909 uterentur
741 861 834 927 quam
878 843 911 908 in
947 841 1034 908 noris
1076 843 1266 926 reperiendis
1301 861 1336 911 se

262 947 492 1030 torquerent1)

367 1050 434 1118 nio.
468 1051 483 1115 Ι
522 1069 549 1118 e.
576 1053 607 1127 4,
639 1053 675 1116 4:
718 1054 765 1118 Et
797 1071 879 1119 mox
910 1052 1042 1130 dlolii,
1078 1053 1213 1120 eedem
1246 1075 1337 1138 pro·

265 1156 362 1222 loeti
394 1156 552 1224 Graeoia.
593 1158 657 1222 Ser.
689 1179 731 1220 ex
763 1159 896 1223 eadem
927 1178 979 1242 pr.
1012 1157 1074 1224 Gr.
1102 1159 1259 1226 Haustum
1288 1180 1339 1226 ex

261 1263 409 1329 antaee.

365 1366 433 1433 Ibd.
457 1367 497 1430 12
516 1366 587 1432 init.
632 1367 821 1433 Universa
841 1367 997 1446 deinde,
1018 1373 1062 1437 ut
1078 1369 1337 1455 praediximus,

265 1473 464 1541 instincta
493 1472 708 1539 inbellem
739 1473 901 1554 Aeneia,
928 1477 1037 1542 euius
1075 1495 1166 1561 pers
1197 1495 1338 1560 magua

267 1578 438 1644 eiusdem
477 1577 638 1644 Metelli
669 1577 915 1646 Macedonici
949 1580 1103 1646 uirtute
1138 1582 1337 1666 armisque

265 1685 395 1750 ireota
415 1686 516 1762 erat,
548 1685 711 1749 maxime
749 1683 966 1751 Corinthiis
996 1685 1034 1750 in
1061 1704 1168 1753 erma
1273 1687 1338 1752 in·

259 1787 527 1873 stigantibue,
560 1787 788 1854 destinatus
821 1791 856 1855 ei
876 1790 982 1857 bello
1003 1791 1174 1876 gerendo
1196 1791 1336 1858 oonsul

264 1894 478 1961 Mummius.
533 1893 635 1960 Verba
666 1895 711 1960 ut
730 1895 981 1979 prediximus
1008 1897 1239 1980 naneponenda
1260 1900 1334 1964 sunt

264 2000 338 2084 post
358 2018 446 2084 pars
467 2018 616 2085 magna.
675 1999 721 2064 De
742 2001 930 2067 universa
950 2001 1072 2068 Achaia
1092 2003 1125 2068 in
1147 2003 1265 2069 bellum
1285 2003 1336 2067 in-

264 2105 381 2172 stineta
402 2105 481 2172 nihil
502 2105 603 2172 adhue
624 2105 761 2172 Velleius
784 2097 918 2184 dixerat3
950 2107 1082 2174 Aehaeos
1116 2108 1264 2174 rebellare
1285 2109 1336 2174 in-

263 2212 410 2297 cipientes
442 2211 508 2277 eoie
527 2211 611 2278 fusos
638 2230 657 2277 a
686 2210 815 2278 Metello
844 2213 992 2291 narravit,
1022 2213 1056 2278 id
1087 2215 1150 2293 eet,
1187 2233 1335 2299 magnam

263 2317 390 2383 Achaiae
411 2326 531 2403 partem
554 2317 620 2383 eins
645 2317 757 2384 virtute
779 2317 911 2384 fractam
935 2337 1012 2384 esse.

266 2559 465 2566 Ἥ

282 2729 313 2798 ·¹)
331 2729 493 2786 Huiusmodi
521 2729 563 2781 est
580 2726 609 2780 in
628 2725 744 2781 seeundo
771 2725 865 2781 statim
892 2726 982 2795 eapite
1008 2725 1107 2795 prioris
1125 2724 1191 2781 libri
1209 2729 1280 2782 reete
1298 2725 1334 2781 ab

332 2820 445 2876 Heinsio
473 2815 624 2890 repositum
647 2819 784 2890 Megara
815 2835 865 2889 pro
891 2819 1063 2889 Megaram
1093 2817 1163 2887 (vid.
1196 2817 1271 2888 pref.
1298 2817 1334 2874 ed

333 2913 391 2972 Isin.
409 2914 447 2977 11,
467 2917 481 2970 l
501 2912 539 2988 ed
553 2911 652 2978 XXIV,
672 2915 714 2976 30,
733 2915 764 2978 9;
795 2927 869 2981 aque
890 2926 972 2982 prave
990 2910 1028 2976 11,
1048 2912 1101 2968 102
1118 2914 1212 2967 nonme
1229 2911 1333 2984 Mureti

324 3006 542 3062 edmonitionem
560 3005 695 3060 retinetur
713 3003 934 3074 Artageram),
965 3006 1026 3059 tum
1045 3019 1061 3058 a
1078 3003 1184 3076 Isipsio:
1221 3005 1256 3060 in
1275 3005 1334 3060 in·

320 3098 409 3154 sule
435 3095 647 3154 oireumfuse
663 3095 797 3154 Ooeauo
815 3138 823 3154 .
843 3137 851 3154 .
871 3137 878 3150 .
896 3096 1006 3154 Gades
1030 3096 1194 3154 condidit
1217 3113 1265 3166 pro
1293 3113 1332 3164 eo,

332 3189 404 3262 quod
420 3189 502 3246 oodex
519 3188 630 3245 imbuite
657 3189 809 3246 insulem
833 3189 1076 3248 eireumlnsem
1102 3189 1240 3246 Oooeuo
1270 3229 1333 3246 ...

334 3281 443 3339 Gades
466 3281 640 3338 condidit.
689 3282 773 3338 Aliud
796 3286 838 3338 est
855 3282 928 3354 apud
946 3281 1053 3340 (irenes
1071 3285 1173 3350 κτίζειν
1190 3287 1278 3354 νῆσον
1300 3280 1333 3336 de

333 3392 364 3432 ee
381 3375 530 3430 cultoribus
548 3373 751 3446 frequentanda,
778 3392 829 3431 usu
846 3375 977 3442 crebrum,
1006 3375 1082 3431 aliud
1100 3377 1203 3430 tuentum
1220 3377 1331 3440 condere,

333 3467 405 3539 apud
422 3467 533 3523 Latinos
545 3467 706 3536 inauditum,
725 3469 828 3522 insulem
841 3484 904 3524 uero
920 3469 1005 3523 Gades
1015 3470 1117 3524 condere
1130 3453 1330 3540 perridiculnm,

331 3561 381 3617 hoe
398 3559 508 3631 quidem
525 3561 608 3616 etiam
626 3562 651 3615 si
670 3559 760 3617 Greee
778 3560 866 3617 dieere
891 3577 986 3619 conare
1012 3579 1038 3618 v.
1057 3577 1080 3618 e
1100 3559 1209 3618 Ῥόδον
1227 3561 1332 3618 Aledoe

332 3655 441 3722 κτίζειν.
489 3651 601 3708 Utinam
626 3653 733 3709 santius
755 3653 891 3725 philologi
916 3654 1046 3726 exemplis
1077 3657 1106 3709 et
1131 3654 1332 3724 eomparatione

333 3745 522 3802 similitudinis
546 3747 694 3802 uterentur.
746 3745 801 3802 Sed
821 3745 856 3802 de
883 3767 906 3801 m
929 3745 1026 3804 littera
1053 3745 1161 3804 addita
1177 3742 1333 3804 detractave

331 3855 403 3896 nune
420 3855 497 3910 spero
515 3838 651 3910 plerisque
677 3837 719 3894 ita
743 3854 900 3909 perenesurn
918 3855 990 3907 esee,
1022 3841 1055 3895 ut
1085 3839 1175 3895 soient
1201 3841 1333 3908 diaeum

326 3935 426 4003 quater
456 3932 589 4002 seriptum
613 3931 685 3986 nihil
713 3931 803 3988 velere
829 3936 925 4002 eontra
959 3933 1073 4002 Megaris
1099 3934 1148 3987 aut
1173 3934 1333 4000 Meyereren

329 4023 375 4080 lois
392 4028 441 4081 ant
458 4024 540 4080 etiam
558 4024 640 4108 semel
658 4024 785 4096 positum.
