2918 4652
300 275 361 338 654
658 275 717 328 Lib.
729 275 776 330 lX.
789 274 855 342 Cap.
867 274 921 329 111.

357 473 603 557 Rumpere)
634 475 751 538 Varro
772 470 870 544 ὄνος
891 465 1035 555 tripos:
1078 472 1325 554 Saepctotius
1440 453 1441 522 Ῑ

257 579 403 644 theatri
424 579 534 642 tibiis
551 581 684 644 crebro
697 577 892 644 flectendo
908 582 1145 644 com-mutare
1167 582 1326 651 mentes,

257 685 351 782 frigi
373 685 519 750 animos
542 704 682 752 eorum.
736 686 898 758 Versnum,
921 686 947 749 si
969 701 1077 750 versus
1098 689 1181 760 eunt,
1203 684 1243 748 de
1264 703 1324 766 qno

258 789 346 856 valde
368 791 484 867 dubito,
504 791 603 856 forma
623 791 742 854 incerta
763 793 819 855 est.
877 791 972 857 Recte
993 791 1131 874 Scaliger
1151 807 1326 854 commu·

256 897 346 974 teri,
369 896 572 961 Buechelerus
588 897 708 980 erigi,
730 899 761 960 in
778 897 859 979 qnod
875 898 941 980 ipso
955 897 1133 970 incideram,
1155 899 1190 960 ut
1204 894 1324 960 Nouius

256 1019 350 1087 prava
371 1002 523 1085 scriptura
554 1003 699 1086 deceptus
723 1003 773 1068 sit.
830 1003 941 1068 Restat
962 1007 997 1069 ut
1018 1001 1184 1068 scribatur:
1219 1001 1325 1085 erigi

256 1109 403 1174 animos
431 1108 672 1172 miserorum.
716 1107 872 1184 (Fortasse
895 1110 970 1174 suit:
1005 1108 1185 1170 tibicinio
1218 1095 1325 1172 ilecss

255 1214 381 1281 tendo.
413 1215 507 1280 llam
532 1213 754 1278 tibicinium
779 1233 838 1279 non
857 1215 958 1281 solum
974 1215 1093 1280 Gellius
1116 1217 1149 1278 ot
1163 1213 1326 1296 Apuleius,

255 1321 360 1405 quiin
381 1320 485 1386 lexicis
507 1319 661 1397 citantur,
692 1319 850 1398 dixemnt,
885 1321 939 1386 sed
962 1320 1066 1386 Cicero
1087 1323 1151 1386 nat
1174 1320 1257 1384 door.
1282 1319 1325 1396 ll,

256 1427 296 1490 λλ
318 1429 360 1500 et,
381 1429 416 1492 ut
437 1427 552 1507 opinor,
576 1427 670 1490 etiarn
692 1428 767 1490 oret
796 1425 879 1505 198.)

357 1533 390 1598 P.
416 1535 452 1594 ll
488 1532 660 1615 (toralium)
704 1533 822 1598 Varro
855 1533 898 1596 (le
930 1533 1011 1596 vita
1043 1531 1078 1596 P.
1100 1533 1137 1596 R.
1165 1531 1265 1596 libro
1289 1531 1324 1594 l:
1440 1615 1441 1618 Ἴ

255 1638 361 1722 Quod
399 1639 561 1703 frontem
598 1637 750 1704 lecticae
783 1639 1002 1713 struebant,
1051 1655 1092 1701 ex
1128 1656 1171 1702 ea
1205 1637 1323 1701 herba

254 1749 366 1813 torta
397 1747 523 1810 torum
556 1745 808 1827 appellatum.
888 1739 1103 1824 Quiolreratins
1135 1742 1322 1807 frondem.

255 1851 472 1919 scribendum:
492 1870 497 1883 ·
514 1849 620 1929 Quod
634 1849 781 1934 fronde
806 1850 963 1914 lecticae
983 1852 1203 1924 struebant,
1232 1851 1326 1927 ωλι)

354 1958 386 2022 P.
402 1957 440 2019 16
456 1956 642 2038 (extispioes)
657 1956 776 2022 Varro
799 1958 976 2033 Serrano,
999 1959 1077 2040 cept
1089 1949 1320 2042 α’ρχαιοαοοῶοε

253 2065 322 2130 air
349 2062 561 2128 consulem
603 2061 695 2126 milri
728 2061 861 2145 pilom'
884 2063 1037 2140 celerer
1082 2063 1249 2128 subsilio
1286 2068 1325 2126 et

253 2169 409 2236 hostias
432 2171 471 2234 ct
493 2167 709 2249 extispices
732 2168 977 2252 disputantes
1000 2171 1184 2252 relinquo.
1224 2169 1324 2233 Varro

253 2275 434 2356 scripserat:
457 2273 552 2338 mihi
578 2275 698 2357 pilum
723 2275 873 2337 credere
894 2275 964 2351 (hoc
987 2279 1043 2352 est,
1066 2278 1199 2358 primurn
1222 2275 1321 2358 pilum

253 2381 327 2446 milri
349 2379 563 2458 committere).
622 2361 734 2446 Consul
767 2399 866 2464 neque
898 2383 995 2464 pilum
1029 2383 1114 2447 ducit
1146 2401 1245 2465 neque
1279 2401 1321 2448 eo
1440 2413 1441 2456 3

252 2487 344 2564 cedit,
368 2486 481 2552 nedum
504 2503 598 2550 eum.

352 2593 386 2658 P.
412 2592 450 2655 18
482 2596 626 2670 (rutrum)
669 2591 795 2656 Varro
822 2593 1051 2675 Mercopoli,
1087 2596 1165 2678 περὶ
1196 2592 1322 2680 οόχήςτ

252 2699 318 2766 Cui
340 2699 442 2764 celer
475 2691 518 2765 δι’
539 2692 616 2772 λαός
638 2690 821 2782 λήμμααος
843 2691 943 2786 λόγος
972 2699 1173 2780 Antipatri
1196 2699 1320 2767 Stoici

252 2805 363 2872 silius
406 2811 514 2871 rutro
555 2815 669 2887 caput
711 2805 923 2886 displenet.
990 2803 1207 2870 Scribendnm:
1253 2806 1319 2871 Cui

254 2912 356 2976 celer
390 2915 455 2988 (aut
476 2931 544 2987 curn
568 2913 698 2994 ltoepero
720 2911 857 2985 celere)
893 2903 935 2976 δι’
957 2903 1033 2984 ende
1054 2902 1246 2996 λήμματος,
1281 2923 1319 2976 αι

252 3012 351 3103 λόγος
377 3017 580 3100 Antipatri
603 3016 737 3088 Stoici,
767 3016 878 3081 filins
900 3017 1008 3081 rutro
1031 3035 1057 3081 o.
1079 3016 1176 3099 disp.
1222 3019 1320 3084 Filius

251 3123 346 3206 petris
380 3123 472 3205 ceput
503 3126 586 3189 rotro
624 3121 765 3188 celeriter
798 3122 976 3206 displcnans
1015 3125 1211 3205 comparetur
1249 3144 1317 3190 curn

251 3229 426 3312 syllogismo
470 3228 625 3309 Antipatri
669 3223 711 3294 δι’
759 3223 835 3302 tede
883 3223 1065 3315 λήμματος
1108 3230 1316 3296 adversarium

251 3336 471 3418 prosternente.
1440 3407 1441 3430 γ

351 3440 385 3504 Ρ.
402 3438 441 3500 26
457 3440 599 3516 (rabulae)
620 3439 744 3506 Varro
767 3441 1011 3526 Pepispepae,
1035 3442 1114 3526 περὶ
1130 3443 1314 3528 ἐγκωμίων.

250 3546 325 3612 Ille
348 3546 428 3611 ales
450 3545 595 3629 gallus,
618 3545 679 3628 qui
702 3548 923 3612 suscitabat
945 3549 1164 3614 Atticarum
1188 3549 1318 3614 Muse-

249 3671 331 3718 rum
354 3652 585 3734 scriptores,
605 3669 662 3715 'en
691 3651 753 3716 hio
784 3653 871 3735 qnia
900 3673 1057 3738 gregem
1080 3654 1314 3720 rabnlerurn.
1440 3657 1441 3696 l

279 4003 298 4070 ¹)
318 4001 349 4056 P.
378 4006 410 4059 13
438 4003 598 4070 (haustra)
625 4003 744 4057 Nonium
773 4021 826 4057 non
855 4011 1005 4064 rotarum
1033 4005 1119 4072 cadi,
1153 4005 1206 4060 sed·
1228 4005 1316 4057 radio·

319 4093 456 4164 scripsisse
474 4099 552 4165 puto.
