2918 4652
301 256 363 320 m
446 333 450 340 .
664 257 927 328 mmmm

359 455 426 522 Ibd.
458 476 486 538 p.
511 455 587 522 259:
621 446 696 520 ἄλλ’
716 451 817 523 οὐδέν
843 481 883 545 ys
911 458 1017 522 πλέον
1045 449 1225 535 dissiliunt,
1248 453 1343 525 ccidi*

260 557 504 648 ssissoeneosr'pov
528 563 687 646 πειρᾶται
722 557 776 630 deci
810 561 872 630 τόν
904 559 1021 648 ἔρωτα.
1066 563 1138 630 bod.
1174 559 1331 632 ductiv-

261 669 381 736 cscode.
426 669 489 734 Ser.
512 662 536 734 α’
542 663 677 735 notari
686 696 734 752 ει,
757 663 834 735 οὐδὲ
861 697 890 733 κ.
912 697 943 736 τ.
966 672 996 736 l.

484 1254 615 1308 Iustinus.
653 1253 801 1323 Scriptores
820 1253 948 1308 Historias
966 1253 1105 1325 Auguste.

364 1406 401 1469 ln
423 1404 541 1472 Iustini
562 1406 758 1472 historiarum
781 1407 921 1489 Pompeii
943 1408 1037 1492 Trogi
1059 1409 1210 1492 epitoma,
1245 1407 1335 1472 cuius
1429 1455 1430 1486 ,

261 1511 357 1576 oratio
392 1512 488 1576 mixta
525 1517 573 1578 est
609 1532 645 1578 ex
675 1516 778 1578 vetere
820 1515 1039 1579 consuetudine
1074 1515 1104 1578 in
1139 1512 1332 1594 excerpendo

262 1621 442 1682 conservate
474 1622 566 1685 etex
598 1619 713 1683 novitia
746 1619 853 1685 multis
886 1620 984 1685 modis
1016 1621 1182 1703 obrepente
1205 1637 1280 1682 curn
1302 1617 1335 1680 in
1429 1625 1430 1630 ’

262 1724 364 1789 verbis
385 1724 620 1808 phrasibusque,
650 1726 717 1790 turn
745 1726 777 1790 in
805 1727 925 1810 syntaxi
949 1727 984 1816 (a
1011 1745 1082 1791 vero
1104 1726 1186 1790 enim
1208 1723 1336 1788 aberrat
1429 1767 1430 1772 κ

263 1829 405 1896 Gronovii
431 1830 596 1905 indicium,
632 1831 796 1913 probatum
826 1849 845 1894 s
872 1831 1053 1897 Ruhnkenio
1088 1831 1127 1897 ad
1156 1831 1243 1894 Vell·
1261 1830 1332 1893 Pet.

262 1935 305 2012 Il,
329 1933 413 2014 102),
445 1934 499 2000 sed
521 1933 704 2019 simpliciter
726 1939 757 2000 et
777 1939 861 2000 recto
883 1937 1104 2003 sententiarum
1131 1955 1223 2000 omsu
1244 1935 1335 1999 ince-
1429 1987 1430 2010 ,

234 2095 237 2102 .
263 2039 320 2114 dit,
352 2059 450 2123 nuper
473 2040 514 2122 (a.
545 2040 638 2117 1859)
671 2043 776 2106 Iustus
805 2042 925 2124 Ieepius
959 2044 1116 2108 strenuam
1136 2042 1337 2124 ‘doctamque
1429 2023 1430 2030 ἵ

264 2164 389 2227 operam
406 2146 522 2229 posuit.
578 2146 639 2210 Sed
669 2147 743 2211 dum
765 2148 817 2211 uni
839 2147 938 2212 codici
963 2153 1014 2225 (Δ,
1036 2127 1245 2232 Bongarsiano
1269 2147 1335 2210 sive

263 2253 433 2327 Puteeneo,
469 2252 521 2336 qni
546 2271 639 2316 -nunc
672 2253 705 2317 in
738 2252 925 2319 bibliotheca
955 2255 1126 2320 barisiensi
1156 2251 1241 2316 4950
1277 2255 1337 2328 est)

263 2356 357 2422 fidem
393 2357 486 2421 hebet
520 2357 560 2422 sd
596 2376 726 2442 eumque
758 2359 862 2424 omnia
897 2379 1041 2424 revocare
1079 2361 1216 2431 conatur,
1254 2375 1337 2440 saepe

198 2471 201 2482 ’
264 2463 376 2528 menda
408 2463 573 2528 manifesta
607 2469 640 2530 et
660 2466 788 2549 originis
820 2467 933 2548 apertae
969 2471 1001 2531 et
1028 2467 1201 2550 pervagata
1228 2465 1337 2528 cuntm
1429 2527 1430 2544 ,

140 2656 143 2664 ,
265 2568 416 2634 sermonis
439 2588 530 2634 usum
552 2572 775 2653 sententiaeque
797 2572 995 2655 perspicuum
1016 2575 1157 2637 tenorem
1179 2571 1212 2636 et
1232 2571 1335 2652 ipsam
1429 2603 1430 2660 3

264 2693 369 2740 rernm
401 2675 545 2740 naturam
568 2678 716 2750 contorte,
752 2693 969 2760 nonnunquam
990 2677 1223 2752 incredibiliter,
1246 2693 1336 2739 enar-
1429 2685 1430 2692 ’

264 2781 359 2846 rande
382 2781 605 2866 dissimiliaque
627 2783 829 2865 comparando
857 2782 1001 2874 defendit,
1035 2782 1192 2847 interdum
1215 2782 1336 2846 coniec-

264 2889 349 2952 turas
371 2887 502 2968 protulit
531 2887 759 2970 improbabiles,
791 2889 908 2972 aliquot
940 2889 1064 2972 quidem
1098 2888 1188 2954 valde
1209 2907 1335 2970 perver-

265 2993 361 3066 sas.¹)
412 2993 621 3083 ¹Perspicuum
655 3001 703 3059 est
742 3013 814 3059 eum
844 2995 990 3068 codicem,
1024 3013 1059 3058 ex
1081 3014 1141 3077 qno
1164 2989 1333 3076 deteriores

267 3189 465 3206 ιμ--ι-ᾳ

286 3331 307 3396 ¹)
337 3327 468 3397 Exempla
493 3325 651 3380 mendorum
680 3342 761 3395 prave
788 3326 958 3381 defensorum
985 3343 1039 3380 non
1069 3325 1190 3382 inuenire
1221 3325 1331 3379 difficile

337 3423 387 3484 est,
406 3421 451 3476 sed
473 3420 574 3488 eligere
592 3419 751 3484 molestum
770 3420 964 3489 itaque-unum
982 3421 1010 3472 et
1023 3419 1146 3494 alterum¹
1159 3419 1218 3472 sine
1228 3418 1332 3473 delectu

336 3529 448 3583 ponam:
482 3511 533 3577 VI,
560 3515 592 3577 3,
624 3515 640 3566 6
669 3512 789 3572 (alieni
817 3512 930 3582 praelii
958 3511 1093 3566 viribus
1120 3512 1261 3568 dimicet
1287 3527 1332 3582 pro

336 3604 494 3677 imperii,
522 3604 724 3674 ubidocemnr
743 3605 874 3676 proelinm
901 3620 958 3658 esse
985 3603 1040 3658 iere
1074 3603 1146 3658 idern
1169 3621 1201 3658 ec
1222 3605 1331 3664 bellnm,

336 3698 426 3768 proelii
453 3697 601 3752 vires-esse
619 3695 690 3752 belli
708 3699 786 3767 qires
814 3698 897 3752 ebeni
916 3697 982 3754 belli
1000 3691 1069 3750 'vires
1087 3713 1152 3760 esse,
1177 3713 1245 3766 quas
1263 3697 1330 3752 alins
1429 3717 1430 3720 ¹

336 3792 370 3846 au
389 3777 491 3846 senum
510 3789 657 3859 gerendum
676 3790 805 3854 sansacu)
824 3789 879 3844 rna.
898 3793 915 3846 e
934 3789 1000 3854 (vra
1018 3790 1108 3857 infin),
1126 3789 1189 3853 vn,
1208 3795 1233 3852 e,
1252 3792 1270 3845 a
1289 3789 1329 3853 nn

339 3882 536 3938 convivium
571 3879 785 3936 suum'filiis
813 3885 848 3937 et
876 3881 1041 3937 uxoribus
1068 3898 1130 3952 pro:
1157 3883 1191 3936 iu
1218 3881 1329 3938 conri-

283 4005 285 4010 .
336 3976 431 4029 vinrn
444 3977 518 4030 suis
536 3992 573 4029 ac
591 3976 669 4030 filii
686 3975 1164 4044 uxoribus,ubinnumpronornen
1182 3990 1279 4028 suum
1297 3971 1327 4026 ed

335 4067 462 4122 mendum
472 4067 668 4136 coarguendum
678 4067 819 4133 sufficeret,
831 4067 999 4122 etiamsinon
1009 4084 1065 4122 rem
1075 4057 1249 4122 exHerodoto
1258 4069 1328 4120 tene·
