2924 4660
596 269 708 326 Gellius.
865 221 868 228 Ι
1082 267 1142 331 587

119 465 445 542 bibethinoeita,
483 467 580 533 Paris.
603 469 766 533 incerta.
823 467 982 533 Efficitur:
1027 467 1185 534 Ethinc

120 575 155 636 ei
175 569 224 639 coi
248 571 394 658 κομψοί
415 575 491 638 illa
595 575 738 657 probro
761 567 858 648 data.
892 571 926 660 (ξ
948 573 967 634 2
989 593 1044 654 pro
1068 575 1185 638 male-

119 680 240 746 dictis
276 681 738 763 compellationibusque
774 680 980 762 probrosis
1003 681 1185 746 Hertaiuse

119 787 185 852 cod.
218 787 362 870 palimps.
396 775 481 852 dedit
513 785 973 868 compellationibusque
1017 787 1184 869 probris.

1 953 2 956 ,
118 882 204 957 Ferri
242 896 345 975 posset
382 891 842 980 compellationibusque
879 895 917 956 et
950 893 1120 975 probris,
1158 895 1184 959 si

1 1059 2 1062 ,
119 985 384 1080 compellatio
417 1017 472 1082 per
504 1015 537 1062 se
569 999 600 1062 in
633 998 747 1062 malam
778 1001 896 1080 partem
926 998 1095 1075 diceretur;
1131 999 1185 1064 sed

1 1133 5 1172 i
118 1104 196 1169 nihil
228 1105 289 1169 nisi
321 1124 405 1171 error
433 1105 505 1180 est.)
557 1104 703 1168 Extremo
737 1105 850 1186 capite,
886 1104 1011 1168 sublata·
1040 1123 1184 1187 perversa

1 1253 7 1278 ,-
118 1211 347 1295 geminatione,
392 1209 603 1274 scribendum:
646 1209 852 1302 Dionysia,
895 1209 1045 1292 inquit,
1082 1211 1182 1276 malo
1260 1241 1263 1245 ·

1 1346 7 1390 ς
119 1317 299 1400 equidem
320 1335 423 1390 esse,
446 1319 503 1380 cet.

1 1487 8 1498 ,.
218 1423 285 1487 Ibd.
310 1423 338 1498 6,
362 1422 398 1486 6:
442 1420 705 1486 Demolestia
733 1421 857 1503 igitur
881 1423 1031 1487 cunctis
1056 1423 1183 1515 homi-

1 1563 7 1606 ς
117 1529 228 1593 nibus
272 1527 486 1593 notissima
524 1526 730 1591 confessus
764 1543 885 1608 eaque
929 1527 1184 1594 confessione

1 1673 10 1716 ς,
109 1634 237 1699 iidem
260 1632 494 1698 sedulitatis
518 1632 784 1713 veritatisque
806 1635 1077 1716 commeritus,
1104 1638 1185 1700 tum

1 1781 11 1823 5,
118 1740 281 1822 deniquo
297 1739 417 1804 facile
433 1740 472 1802 et
488 1736 935 1820 procliviter,quodfuit
958 1733 1086 1806 rerum
1110 1759 1184 1804 om·

1 1869 13 1933 ,33
117 1845 553 1918 nium...verissimum,
564 1844 781 1924 persuasit,
803 1841 1015 1908 'civitatem
1031 1848 1182 1912 saluam

1 1993 14 2039 ς,
117 1971 202 2016 esse
239 1949 683 2038 sinematrimoniorum
706 1949 1182 2036 frequentianonposse.

1 2089 15 2150 i:
116 2057 223 2140 Neque
246 2075 282 2148 er
305 2057 358 2132 illa
380 2057 565 2129 confessione
598 2055 738 2119 sedulum
773 2073 840 2120 esse
875 2056 1038 2144 Metellum
1056 2058 1184 2148 intelli·

1 2218 7 2250 z
117 2164 256 2249 gebatur,
289 2181 386 2244 neque
409 2160 591 2225 sedulitatis
619 2160 719 2241 opinio
748 2161 911 2244 quicquam
937 2163 975 2226 ad
997 2163 1184 2244 persuaden-

1 2299 16 2360 ,3
117 2272 190 2336 dum
225 2269 408 2351 pertinebat.
464 2265 680 2331 Scribendum:
718 2266 1000 2350 simplicitatis
1033 2271 1184 2334 verita-

1 2445 2 2452 ,
117 2378 257 2458 tisque.
303 2373 392 2452 Quod
424 2371 533 2437 deinde
564 2357 810 2466 Hortalus'post
840 2373 1047 2439 civitatem
1080 2375 1184 2441 ecod.

117 2481 318 2566 palimpsesto
352 2478 471 2544 addidit
503 2479 651 2551 autem,
686 2495 721 2540 ex
754 2477 861 2540 eodem
893 2496 1004 2561 genere
1034 2481 1091 2551 ost,
1126 2499 1184 2562 quo

1 2565 11 2660 Δζ1
117 2589 195 2655 illud
216 2588 248 2651 in
274 2606 299 2650 o.
323 2586 352 2661 5,
375 2585 394 2645 2
417 2583 592 2666 probris,
615 2583 689 2647 adeo
711 2601 900 2665 perversum,
922 2587 958 2646 ut
980 2584 1073 2648 mirer
1084 2571 1184 2650 uirum

4 2676 12 2690 ’
119 2693 277 2779 egregium
300 2711 359 2758 oon
382 2690 646 2766 animadvertisse,
677 2692 775 2754 ortam
797 2689 980 2772 geminando
1002 2692 1184 2774 particulam

12 2856 15 2869 ,
119 2821 155 2869 es
187 2800 300 2864 litteris
324 2797 467 2863 extremis
497 2796 580 2860 vocis
609 2794 812 2877 praecedentis
840 2797 977 2872 (atem),
1010 2817 1108 2881 neque
1131 2799 1186 2864 hoc

7 2884 16 2980 ,¹
118 2923 236 2990 quoque
258 2904 396 2985 exemplo
420 2902 620 2976 admonitum,
643 2919 681 2965 ne
702 2902 896 2984 palimpsesti
915 2921 1023 2968 nomen
1048 2905 1185 2988 vulgari-

7 2976 17 3081 ’ῗ
118 3014 175 3078 uus
198 3011 313 3076 rsuram
336 3009 487 3074 erroribus
510 3007 649 3071 obtentur
672 3025 739 3070 esse
762 3008 886 3074 sinerer.
896 3009 920 3084 1)

118 3254 319 3267 -u—--—-·*·-···

148 3423 170 3488 ¹)
191 3419 301 3480 Contra,
320 3416 374 3472 nisi
392 3415 508 3481 fallunt,
538 3431 596 3484 qua
615 3431 629 3469 e
647 3415 780 3470 Dressleri
810 3415 915 3470 schedis
942 3433 967 3472 a.
992 3419 1061 3473 1846
1080 3419 1186 3488 prolata

192 3515 265 3576 sunt,
296 3509 385 3565 eood.
405 3509 578 3578 palimpsesto
605 3507 773 3562 restituenda
800 3511 876 3564 crant
894 3509 922 3572 I,
953 3511 982 3574 2,
1011 3513 1044 3566 13
1072 3510 1185 3581 ipsum

192 3621 239 3676 pro
258 3619 330 3658 eum
348 3607 376 3657 et
394 3605 422 3668 3,
457 3605 472 3656 1
500 3600 553 3654 dia
580 3599 659 3654 vita
685 3615 747 3654 sua
777 3605 950 3670 postremo
982 3601 1185 3672 proinuitae

191 3716 212 3752 s.
231 3715 268 3766 p,
290 3712 382 3750 ueram
400 3711 453 3749 non
473 3694 584 3746 virum
601 3707 649 3768 pro
669 3707 770 3746 unum
790 3693 875 3763 (quod
896 3698 929 3750 Η.
948 3693 1033 3759 fecit),
1052 3710 1105 3748 non
1123 3697 1149 3759 4,
1169 3698 1186 3751 3

189 3791 218 3843 is
236 3790 375 3843 retinet
406 3787 557 3842 alienum
585 3801 632 3852 pro
656 3787 793 3841 aesret.
812 3787 874 3851 al),
893 3802 946 3840 non
966 3789 997 3848 6,
1030 3789 1047 3842 8
1076 3785 1184 3840 isdem

190 3899 237 3952 pro
256 3882 302 3935 iis
321 3881 461 3945 demum,
481 3896 534 3934 non
552 3877 588 3942 II,
608 3881 632 3943 6,
651 3879 669 3932 5
686 3881 850 3948 rapsatur
868 3895 915 3948 pro
934 3880 1099 3948 raptatur.
1132 3879 1183 3946 (De

190 3974 300 4029 uirum
319 3975 346 4027 et
364 3972 474 4027 isdem
492 3971 616 4025 Klotzius
635 3985 739 4039 quoque
757 3970 885 4049 monuit.)
