2918 4652
605 275 734 336 Iustinus.
1100 285 1160 346 617

139 481 170 544 et
190 479 366 562 interpolati
388 469 520 544 derivati
542 484 622 554 sunt,
645 499 703 545 non
728 483 827 547 solum
849 482 1033 564 aliquotiens
1056 501 1221 559 servasse„
1254 471 1257 476 ¹

138 605 205 668 quae
235 586 267 649 in
293 587 347 655 illo
379 603 478 650 erroro
507 588 625 652 ‘omissa
652 588 728 663 sint,
761 587 816 652 sod
849 591 943 654 ctiam
976 609 1035 680 non
1065 591 1110 655 ita
1137 611 1205 656 raro

137 807 336 816 --.-.——...

143 821 146 829 ·

145 985 146 988 =
210 970 298 1008 remus
317 971 366 1009 nec
383 955 447 1008 flliae
466 957 528 1018 ante
548 972 642 1010 uxores
671 969 751 1023 prave
774 953 996 1024 nominarentur),
1024 955 1080 1011 ibd.
1099 960 1115 1012 6
1135 961 1204 1028 (op-

207 1047 305 1115 ponit
333 1063 381 1116 pro
400 1049 564 1118 supponit
581 1065 612 1102 ex
630 1070 642 1099 s
657 1046 739 1100 semel
758 1047 866 1115 scripto,
894 1048 1204 1118 invenesupponit,

207 1142 314 1207 ortum),
345 1141 427 1204 VIII,
459 1145 489 1203 4,
509 1144 525 1196 9
546 1141 690 1210 (Gracia
710 1141 918 1209 imperantis
950 1141 1100 1205 aemulos,
1133 1144 1205 1212 quod

146 1257 148 1264 v
207 1233 246 1286 sio
258 1234 404 1294 crematur,
416 1234 491 1302 quasi
503 1234 591 1288 amuli
600 1233 723 1302 Philippi
733 1233 798 1297 sint,
806 1232 852 1301 qni
866 1233 1031 1292 smolentur,
1043 1235 1098 1287 utri
1107 1225 1204 1304 'aigra-

146 1337 148 1342 ’
176 1349 177 1353 “
206 1325 290 1390 tiores
311 1325 376 1388 sint,
390 1342 452 1395 pro:
474 1325 825 1396 gratiosimpersntis
845 1325 1003 1391 emulos),
1016 1327 1079 1388 XII,
1092 1329 1204 1400 4,d(ex
1287 1361 1289 1366 ,

137 1430 139 1434 ’
208 1415 323 1470 labore
342 1418 485 1472 militi-c
504 1420 696 1474 molliorem
714 1419 788 1472 fore
814 1418 1033 1474 dnlcedInem
1051 1436 1204 1488 uxorum,

208 1509 285 1585 qussi
316 1496 459 1567 mollior
483 1515 521 1568 sii
551 1513 689 1584 gratior,
723 1515 751 1566 et
782 1511 859 1581 quasi
889 1505 1039 1568 Alexander
1068 1513 1203 1568 dulcedini

146 1595 150 1603 '
207 1618 332 1668 urorum,
368 1593 421 1658 non
456 1606 514 1658 eius
547 1621 603 1673 ope·
629 1604 769 1674 patientia
796 1604 903 1658 militiae
930 1587 1116 1674 prospexerit,
1141 1623 1203 1675 pro:

165 1765 168 1770 Ι
207 1697 241 1748 et
271 1695 421 1750 laborem
448 1697 591 1751 militias
609 1697 805 1751 molliorem
836 1695 1203 1762 foredulcedineum,
1291 1763 1293 1770 y

206 1785 382 1856 XI11,4,2'4
408 1792 577 1865 (momoria
605 1806 652 1859 pro
671 1791 824 1854 materia,
853 1789 929 1858 quasi
953 1789 1081 1844 memoria
1099 1791 1204 1860 simpli·

207 1881 274 1933 ciler
285 1897 333 1950 pro
342 1881 523 1936 admonitione
536 1887 563 1936 et
572 1882 747 1938 Incitamento
757 1881 906 1948 dicatur,et
915 1881 992 1952 quasi
1001 1883 1026 1936 h.
1037 1882 1056 1937 l.
1067 1882 1099 1936 dc
1108 1883 1203 1936 iucits·
1265 1945 1268 1952 1

209 1977 301 2030 mento
320 1976 426 2028 tantum
445 1981 561 2044 agatur),
580 1973 695 2038 XXXII,
715 1978 740 2042 2,
760 1977 777 2030 2
796 1975 1032 2040 (insularinm,
1055 1963 1204 2044 quodmirc

206 2069 354 2133 enarratur,
374 2068 450 2136 qussi
468 2051 600 2137 templum
618 2067 708 2122 insula
732 2069 776 2130 rit,
804 2084 852 2137 pro
874 2069 1081 2134 Incolarum‚
1111 2067 1205 2122 addita

206 2148 296 2216 tamen
312 2159 399 2232 magis
418 2159 578 2222 incredibili
590 2161 714 2230 opinione
733 2161 768 2216 ds
784 2177 847 2230 rego
864 2177 992 2226 concursu
1010 2161 1203 2216 infularum
1277 2151 1280 2156 ’

159 2263 161 2268 ’
208 2250 370 2318 interiecto),
389 2253 544 2319 XXXVIII,
565 2255 595 2313 4,
616 2255 662 2316 14,
691 2255 740 2307 cet
778 2253 911 2309 Alienon
930 2255 1020 2308 minus
1046 2271 1128 2324 prava
1146 2255 1247 2310 sinc*

37 2379 41 2390 -
132 2400 134 2405 ,
209 2343 361 2398 defensione
378 2345 496 2415 reposita
515 2347 587 2406 sunt,
606 2347 638 2397 ut
657 2347 678 2409 I,
708 2349 749 2411 10,
779 2349 811 2400 12
831 2347 992 2410 (cessisse
1018 2363 1087 2412 eos,
1115 2346 1203 2417 quod
1275 2381 1281 2392 ·

125 2437 136 2465 ’·
207 2454 255 2507 pro
273 2454 317 2503 eo,
338 2439 444 2506 quod).
474 2439 559 2504 Quam
579 2453 631 2490 non
656 2441 733 2491 canto
751 2441 799 2491 aut
817 2443 895 2493 acute
922 2442 1116 2508 comparentur,
1145 2457 1203 2509 qrrae

207 2530 310 2584 similis
324 2519 455 2598 putantur
472 2545 536 2594 csso,
556 2531 675 2598 exemplo
695 2546 752 2584 esso
770 2534 860 2599 potest
877 2531 977 2596 XXXI,
999 2536 1059 2596 1,1,
1078 2531 1124 2584 nbi
1148 2530 1203 2585 loci
1316 2521 1317 2524 ¹

207 2622 347 2692 adscripti·
366 2623 504 2692 perspIcue
534 2621 720 2677 demonstrant
750 2623 802 2678 dici
833 2639 903 2678 esse
943 2623 1059 2694 proedae
1093 2624 1201 2678 alicui

158 2741 160 2746 v
206 2714 422 2780 (mittitur),
453 2731 526 2770 esso
554 2711 697 2785 praedsm
720 2717 885 2778 alicuius,
917 2717 1009 2785 iisque
1033 2715 1201 2776 scribendum

205 2823 270 2868 esso,
290 2809 321 2860 nt
339 2810 419 2860 antea
437 2806 611 2873 scribebatur,
641 2809 759 2878 praedae
778 2809 885 2863 etiam
903 2809 1101 2880 domesticis
1121 2811 1201 2874 crat,

206 2916 259 2954 nou
279 2899 398 2968 prada,
417 2901 466 2954 aut
489 2900 560 2969 quod
578 2901 607 2954 in
618 2902 941 2971 IpsustatimprraIatione
960 2900 1200 2968 §cantoennen-

205 2992 269 3046 dum
294 3009 361 3046 non
387 2995 456 3046 tam
481 2994 588 3064 magis
607 3035 613 3049 .
635 3035 640 3046 .
660 3036 666 3049 .
687 3011 783 3064 qnam
801 2994 992 3049 adscribuntur
1010 2995 1071 3066 loci,
1090 2995 1119 3047 in
1138 2995 1200 3064 qni-

205 3084 307 3138 busest
325 3088 373 3138 ant
391 3102 455 3140 non
475 3087 580 3154 magis
601 3129 607 3141 .
627 3125 634 3140 .
653 3129 659 3141 .
679 3104 778 3156 quam
796 3090 844 3141 aut
862 3103 928 3141 non
948 3091 1034 3141 tam.
1054 3127 1060 3140 .
1077 3102 1198 3156 .quam.

204 3175 424 3231 Coniecturarnm
444 3179 577 3248 specimen
596 3180 655 3248 capi
683 3182 774 3248 potest
793 3196 824 3233 ex
842 3179 1006 3258 XXXVIII,
1028 3183 1052 3244 9,
1080 3182 1097 3234 3
1125 3178 1198 3243 (Cui
1268 3202 1272 3209 ·

184 3259 394 3322 'Arsacides
412 3286 524 3338 parom
544 3272 579 3324 iu
596 3271 763 3342 HyrcanIc
777 3271 1130 3325 noncultumtantum
1150 3287 1198 3324 re·

204 3361 295 3430 gium
318 3363 506 3430 prestitit,
537 3362 594 3416 sed
613 3364 647 3416 et
670 3362 789 3416 filiam
812 3364 845 3417 iu
870 3365 1127 3431 matrimonium
1146 3363 1198 3416 de·

204 3453 272 3517 dit,
297 3454 370 3522 quod
387 3455 508 3524 intelllgi
527 3455 620 3510 debet:
651 3455 685 3509 in
705 3455 887 3525 Hyrcania,
919 3473 977 3526 qua
996 3458 1056 3526 Ipsa
1073 3457 1124 3510 loci
1142 3456 1198 3525 sig·

203 3546 323 3600 sificatio
352 3548 419 3612 mire
446 3549 485 3603 sic
504 3548 706 3616 interponilur.
739 3564 800 3602 non
830 3549 959 3604 cultum
983 3553 1117 3604 tantum
1144 3565 1198 3603 ro·

203 3639 293 3707 gium
312 3653 425 3708 parem
443 3641 630 3710 prustItit,
650 3641 707 3707 ubi,
726 3641 938 3711 quidsitcultus
957 3643 1047 3710 regius
1066 3658 1122 3711 par,
1141 3635 1200 3696 iu're

203 3732 370 3800 qnaeraslvsl
388 3749 419 3786 ex
436 3733 508 3794 XIV,
528 3737 552 3796 1,
572 3736 589 3788 3
608 3735 665 3798 (ut,
683 3750 723 3787 an
742 3734 835 3789 circa
856 3751 888 3807 sue
906 3734 1053 3800 animati
1072 3737 1197 3794 essent,

202 3828 441 3891 cognosceret,
469 3826 541 3895 quod
566 3826 721 3894 exponitur:
741 3843 775 3880 an
799 3843 827 3880 se
855 3826 920 3880 duce
949 3826 1049 3881 bonnm
1077 3827 1198 3880 animum

201 3915 344 3983 haberent3
368 3916 517 3972 nesciebam
536 3918 574 3990 sic
593 3917 647 3972 dici
673 3920 765 3973 circa
791 3935 825 3973 sc
853 3921 881 3972 et
910 3919 1100 3972 animatum
1125 3934 1199 3973 esse

201 4008 254 4063 dici
273 4025 320 4078 pro
344 4024 382 4073 eo,
401 4009 472 4079 quod
496 4013 537 4064 est
559 4007 641 4066 bone
659 4009 844 4063 animatum
870 4026 958 4076 csse,
977 4013 1006 4064 ot
1024 4011 1073 4066 hoc
1092 4028 1139 4080 pro
1156 4012 1196 4082 eo,

202 4099 272 4169 quod
289 4103 331 4154 cst
350 4100 471 4154 bonum
490 4101 636 4154 animum
655 4100 796 4170 habere).
