2970 4648
320 291 383 355 418
666 288 973 361 mmihi-111·

278 492 458 576 amnentur,
479 487 629 554 mendosa
658 505 727 553 eese
754 488 921 554 Pincianus
941 488 1109 564 intellexit;
1141 490 1344 574 nequeenim

278 599 339 664 alia
359 610 462 662 rerum
486 612 601 678 genera
630 613 699 658 esse
728 595 810 677 apud
833 595 1003 677 imperitos,
1032 595 1094 662 alie
1115 596 1197 678 apud
1220 597 1345 682 eapien-

277 707 326 770 bas
347 704 380 767 et
401 703 506 780 bonos,
536 701 590 766 sod
612 701 702 766 aliter
734 701 774 766 ab
800 702 939 784 utrisque
971 701 1129 792 aestimari,
1151 702 1284 786 nequid
1306 703 1345 768 de

167 806 172 813 ’
278 811 347 876 aliia
368 808 453 873 vitiis
474 805 588 872 diuam.
623 807 1092 890 Itaquesoribendumvidetur:
1114 807 1165 872 lla
1185 808 1345 874 seilicet

277 917 447 982 ratione:
496 909 569 990 Qua·
589 911 646 990 (sio
666 913 773 992 Hans,
796 913 872 979 Nea.
894 916 993 997 qnia)
1016 913 1187 996 accipiet
1206 915 1251 980 ab
1272 915 1343 980 illo
1460 931 1461 968 1

278 1019 426 1104 aliquid
453 1037 494 1084 ex
520 1017 599 1096 his,
635 1035 715 1100 quse
744 1019 843 1102 apud
871 1021 1081 1103 imperitos
1110 1019 1165 1104 [ia
1190 1020 1341 1106 pretio]

277 1128 553 1208 santonorum
575 1123 689 1188 malis
704 1126 825 1211 (vulgot
848 1145 1006 1210 quorum
1029 1127 1061 1191 si
1086 1123 1211 1202 malis)
1233 1126 1344 1209 eopia
1460 1111 1461 1194 i

276 1234 350 1309 est,
380 1231 464 1312 ipse
494 1248 644 1314 quoque
676 1231 715 1297 in
748 1232 871 1297 simili
901 1232 1074 1298 materia
1100 1236 1235 1317 gratus
1257 1249 1343 1297 esse

277 1337 449 1415 debebit,
484 1338 544 1402 eet
601 1337 643 1402 llt
668 1337 700 1402 si
727 1337 796 1404 tolli
822 1340 919 1406 voluit
946 1339 1042 1404 etiam
1064 1337 1207 1404 Hessius.
1253 1337 1343 1421 Apud
1460 1383 1461 1408 i

276 1443 376 1510 malos
408 1443 495 1525 eopia
527 1443 576 1507 est
608 1460 729 1524 eorum,
766 1463 834 1527 qua
868 1445 1005 1530 imperiti
1040 1444 1147 1528 magui
1178 1445 1342 1510 aestimant
1460 1491 1461 1522 i

277 1549 469 1633 (Siesbyeusz
512 1546 563 1614 lla
601 1547 755 1615 aoilieet
790 1549 962 1631 ratione,
997 1551 1105 1635 qnia,-
1144 1549 1207 1632 qui
1239 1550 1342 1616 aoei-

278 1656 360 1740 piet
380 1656 558 1736 notamque,
594 1655 630 1719 nt
652 1672 725 1738 ego,
758 1674 796 1720 ne
818 1675 860 1720 ea
891 1676 946 1740 pro
973 1657 1045 1722 hae
1065 1656 1205 1739 ponatur,
1234 1674 1344 1739 quam·

277 1779 368 1846 quam
398 1761 465 1842 ipse
491 1759 652 1836 admonet,
683 1760 717 1826 id
743 1761 810 1826 lieri
837 1760 967 1826 fortasse
999 1759 1108 1825 eodem
1135 1762 1227 1826 modo
1254 1779 1342 1845 posse
1460 1749 1461 1752 ¹

277 1885 336 1951 quo
365 1866 396 1930 in
425 1864 631 1942 eiusmodi,
670 1865 708 1930 de
736 1885 796 1949 quo
823 1867 885 1932 dixi
914 1865 953 1930 ad
981 1864 1044 1932 Cio.
1069 1866 1125 1936 fin.
1152 1866 1206 1946 IV,
1237 1864 1277 1928 14
1311 1885 1341 1948 p.

278 1973 361 2046 500.)
404 1972 550 2040 Extremo
581 1971 682 2053 eapite
710 1971 758 2050 (5)
788 1991 906 2051 varum,
939 1972 1018 2055 qnod
1039 1973 1101 2054 ipsi
1122 1971 1243 2038 oodieee
1265 1989 1342 2054 prae·

280 2081 370 2158 bont,
401 2075 586 2161 negligitur:
622 2095 694 2143 uos
726 2077 771 2143 ad
802 2079 969 2162 speeiem
1000 2078 1089 2173 ¹veri
1123 2076 1341 2161 componite

278 2186 450 2251 animum
472 2182 525 2254 et,
565 2181 648 2246 dum
678 2182 882 2250 honestum
911 2184 1064 2246 discitis
1096 2183 1146 2259 (R,
1174 2182 1242 2260 alii;
1266 2181 1340 2246 Nau.

278 2290 436 2366 discite,
473 2287 567 2371 vulgo
589 2287 750 2368 dicitis),
779 2289 969 2375 quiequid
991 2293 1068 2365 est,
1105 2291 1144 2350 in
1166 2305 1235 2370 quo
1258 2285 1341 2366 (Nau.

199 2431 205 2441 ,
279 2397 338 2464 est
359 2396 396 2462 io
418 2397 502 2480 quo)
525 2412 661 2460 nomen
683 2393 841 2460 honesti
862 2396 1049 2474 iactatur,
1071 2395 1110 2460 id
1131 2393 1260 2460 oolite.

377 2501 444 2568 Ibd.
481 2499 537 2579 18,
576 2501 613 2564 12
656 2501 699 2566 In
734 2500 934 2567 infinitum
973 2502 1070 2578 eius,
1103 2499 1247 2583 iuquit,
1287 2515 1340 2562 me

278 2607 449 2693 obligas,
485 2623 566 2674 eum
589 2606 690 2672 dieis
723 2607 781 2681 „et
810 2606 978 2672 nostris“
1003 2609 1120 2690 (gratos
1152 2623 1207 2670 nos
1234 2603 1342 2670 debere

281 2733 348 2782 esse
370 2714 463 2780 etiem
489 2713 635 2798 adversus
659 2730 724 2786 eos,
761 2712 813 2794 qui
844 2713 958 2780 nostrie
979 2711 1096 2795 aliquid
1119 2710 1340 2795 praestiterint).

278 2819 392 2886 Omnes
421 2817 639 2884 intellexerunt
664 2818 747 2882 eins
769 2821 944 2902 corruptum
966 2837 1044 2896 esee,
1065 2818 1126 2882 nisi
1153 2815 1235 2900 quod
1255 2815 1341 2882 liot-
1460 2879 1461 2884 ,

279 2927 363 2992 ortus
404 2924 548 3006 imperite
589 2924 665 2988 item
708 2922 768 2988 diei
810 2924 990 3006 pronuntiat
1026 2922 1178 3007 quomodo
1221 2920 1343 3005 quoad
1460 2933 1461 2940 ’

279 3031 372 3097 eins.
442 3027 621 3111 Corrigendi
657 3031 785 3094 eonatus
814 3048 876 3094 non
897 3030 982 3096 bene
997 3031 1222 3112 processerunt.
1275 3027 1343 3093 Una
1460 3099 1461 3104 ἵ

277 3135 384 3202 littera
421 3133 560 3198 tollenda
596 3133 659 3198 est:
704 3130 747 3196 In
779 3133 984 3200 infinitum
1017 3137 1076 3200 loe
1111 3153 1166 3200 me
1197 3135 1342 3220 obligas
1460 3115 1461 3144 ³

278 3243 335 3320 (ita
355 3242 391 3306 ut
411 3237 567 3304 infinitum
590 3238 638 3304 ine
660 3238 692 3304 in
714 3257 765 3304 mo
786 3239 952 3307 creditores
972 3241 1129 3319 habeant).
1185 3241 1342 3326 Sequitur:
1460 3299 1461 3306 ,

280 3346 351 3427 Qui
372 3345 459 3411 lilio
479 3343 713 3410 beneficium
746 3344 826 3423 dat,
860 3348 903 3410 ut
923 3346 1035 3422 diois,
1066 3347 1103 3411 et
1129 3347 1236 3430 patri
1263 3347 1343 3413 eius

280 3452 355 3518 dat.
409 3451 578 3516 Primum
606 3450 648 3515 do
671 3450 772 3533 qnod
793 3470 921 3533 quaero
943 3452 1001 3532 (sie
1022 3452 1099 3519 Nau.
1122 3454 1155 3518 et
1175 3451 1219 3530 R;
1252 3451 1343 3518 ueteri

281 3559 361 3622 fere:
398 3557 441 3620 de
477 3575 547 3640 quo
585 3565 746 3640 quaero);
787 3556 924 3622 deiude
958 3557 1059 3623 illud
1094 3559 1226 3641 utique
1253 3557 1345 3623 mihi

279 3661 538 3729 determinari
566 3661 668 3738 volo,
692 3661 729 3728 si
763 3663 800 3728 ot
831 3663 934 3746 petri
960 3662 1197 3728 beneficium
1223 3664 1343 3737 datur,

280 3767 460 3852 numquid
500 3769 538 3832 ot
576 3770 737 3852 patruo,
779 3770 836 3834 oet.
893 3769 1009 3852 Opinon
1049 3769 1199 3851 seriptum
1234 3769 1343 3836 luisse:

279 3875 448 3941 Primum
481 3874 525 3939 de
568 3893 672 3957 oequo
705 3879 824 3958 (equo)
859 3893 984 3957 quaero
1020 3875 1115 3958 (sitne
1147 3875 1205 3942 hoo
1243 3875 1344 3958 ipsum

280 3983 430 4064 aequum);
464 3977 603 4045 deinde
638 3978 706 4055 (hoo
728 3978 949 4063 aliquantisper
977 3981 1120 4064 seposito)
1147 3980 1247 4046 illud
1267 3980 1344 4046 uti·
1460 4041 1461 4046 ,

281 4105 351 4168 que
373 4087 431 4152 eet.
