3018 4634
600 293 702 348 Incerti
720 293 790 350 Bell.
804 291 947 348 Alexandr.
1200 293 1260 358 283

239 487 393 584 Μιαςιιίε
439 491 558 559 omittit
599 490 693 557 ceder
735 490 833 566 bein,
883 490 1169 575 antiquissimorum
1211 493 1304 561 ulter.

225 595 440 663 'scribendum
462 599 525 662 est:
546 598 706 680 repente
728 595 1007 662 circumdatum
1029 596 1151 696 copiis
1173 597 1302 663 multi-

224 701 420 786 plicibus,
457 701 643 786 presidio
664 700 920 785 pertinaciter
934 711 1223 788 promicante,
1260 705 1306 768 et

237 809 432 892 cop-iarum
464 806 733 914 magnitudine
856 808 894 871 et
919 809 1219 890 perseverentia

235 912 396 998 redegit.

223 1039 227 1048 ·
336 1016 371 1084 (l.
400 1015 474 1080 27:-
500 1015 662 1095 Quurum
682 1016 1138 1100 impetumbiitbridutss
1164 1035 1306 1103 magne
1415 1059 1418 1066 .

237 1142 321 1190 cum
358 1114 564 1208 prudentis
597 1121 899 1205 constantiaque
920 1123 1110 1189 virtutum
1133 1125 1170 1188 et
1191 1123 1304 1188 Alex·

236 1227 489 1303 eudriuerum
525 1226 806 1311 imprudentis,
849 1226 1129 1316 consuetudine
1169 1229 1307 1294 nostre

237 1333 385 1398 cestris
407 1333 584 1410 vellatis,
607 1332 806 1399 sustinuit.
829 1331 1127 1415 scriptumniialler,
1142 1333 1304 1416 posuerat:

222 1435 403 1516 ‘Quorum
440 1437 919 1524 impetumMitbri'dstcs
960 1445 1042 1503 cum
1091 1438 1307 1522 prudentie

236 1543 546 1628 constantisque
600 1543 770 1622 virtutis,
825 1553 902 1605 ium
952 1543 1305 1610 Alexandrinorum
1368 1629 1370 1631 ,

236 1648 507 1733 imprudentis
613 1635 813 1728 sustinuit.
857 1637 1034 1715 'Obscuretc
1055 1652 1149 1724 tum,
1185 1665 1307 1730 praepe-

236 1754 348 1829 sitium,
372 1765 439 1837 quse
461 1755 633 1834 videbatur,
656 1771 737 1820 cum
763 1753 903 1818 additum
926 1758 974 1823 est
994 1773 1138 1840 magna.
1236 1737 1240 1746 ’

253 1865 256 1870 ’
337 1859 451 1924 C.·32:
473 1859 524 1926 Re
546 1859 778 1927 felicissime
866 1864 979 1945 gestu
1007 1857 1135 1927 Gaesu'r
1158 1876 1306 1943 mugnus

236 1965 409 2030 uictoriae
430 1957 578 2032 fiducie
599 1965 770 2050 proximo
807 1967 992 2032 terrestri
1017 1967 1165 2032 itinere
1187 1964 1309 2030 Alex-

235 2070 697 2137 andream...c0ntendit.
748 2070 844 2138 Scrib.
866 2095 1003 2158 mapsa
1020 2093 1046 2136 e
1066 2069 1235 2135 victorie
1254 2069 1304 2134 fi-

236 2175 357 2241 ducia.
399 2175 545 2242 Extremo
565 2178 669 2270 'cupite
691 2179 773 2243 recte
796 2177 902 2243 Murus
924 2177 1085 2244 felicem
1107 2175 1185 2243 vidit
1205 2175 1308 2242 inter·

234 2281 464 2364 pretumeutum
498 2300 566 2348 esse
603 2281 793 2364 adscriptum
823 2283 864 2348 ud
899 2284 1037 2350 telem:
1074 2283 1141 2351 sed
1177 2282 1306 2348 stium

230 2385 350 2452 telem
373 2385 585 2453 adventum
608 2387 689 2453 eius
711 2388 838 2453 fuisse
860 2389 1107 2455 laetsbsntur.

335 2490 368 2585 C.
391 2489 519 2557 37:111
547 2481 682 2558 'fronte
705 2493 802 2558 enim
827 2494 1006 2578 simplici
1030 2494 1185 2561 derecta
1207 2493 1309 2570 ecie,.

234 2613 381 2663 cornua
401 2597 519 2663 trinis
542 2598 810 2663 firmabuntur
831 2599 1039 2664 subsidiis:
1079 2597 1209 2664 eudem
1241 2617 1304 2664 ru·

233 2701 343 2768 tiene
367 2701 446 2766 haec
467 2703 596 2769 media
618 2703 911 2769 collocabuntur
941 2704 1021 2768 scic
1043 2701 1190 2769 duobus
1212 2702 1307 2767 ‹iex-

234 2806 297 2870 tre
328 2805 569 2892 sinistruque
602 2807 831 2875 interuallis
869 2807 1116 2892 simplicibus
1153 2807 1308 2873 ordini-

235 2910 304 2976 bus
338 2895 559 2979 instr'uctis.
614 2913 691 2978 Haec
724 2931 816 2980 sensu
841 2932 930 2980 cesse
952 2916 1038 2990 sunt;
1062 2932 1186 2980 sensum
1207 2912 1302 2977 bebe·
1362 2977 1364 2982 ,

235 3015 313 3080 bunt
344 3031 475 3097 eumque
496 3019 611 3084 benum
633 3021 678 3083 sic
708 3018 837 3100 scripta:
870 3013 1003 3085 ecdem
1039 3019 1193 3084 ratione
1227 3018 1303 3082 haec

223 3120 387 3198 ‘subsidia
422 3126 585 3198 cornuum)
615 3144 658 3184 uc
685 3123 810 3190 medic
845 3123 1146 3190 colloctbsntu'r
1183 3125 1308 3202 acies,

222 3226 381 3291 ‘duobus
403 3225 543 3318 <iextra
575 3228 821 3311 sinistraque
852 3227 1056 3292 intervalli
1089 3229 1140 3306 (sd
1161 3229 1301 3295 dentium

237 3332 455 3415 sinistrumque
477 3332 643 3412 intervalli,
665 3332 745 3417 quud
767 3333 799 3398 in
821 3335 920 3416 medio
942 3337 1025 3410 erut,
1060 3354 1130 3401 cum
1161 3334 1204 3399 ibi
1232 3335 1308 3398 tau·-

236 3435 396 3504 tummocle
420 3457 497 3503 unus
519 3437 637 3522 primus
658 3427 731 3504 ordo
754 3441 848 3515 esset)
882 3439 1128 3524 simplicibus
1151 3439 1303 3505 ordini·

239 3542 551 3610 businstructis.
641 3555 643 3558 ·

245 3657 247 3662 ’
326 3649 369 3715 Ο.
391 3649 448 3713 40:
470 3639 520 3714 At
540 3649 702 3715 Pontica
727 3667 771 3714 ex
792 3648 919 3714 clteru
939 3652 1047 3732 purte
1068 3649 1191 3732 legio,
1218 3650 1303 3714 cum

237 3755 392 3838 paulum
412 3771 546 3821 eversu
566 3752 749 3819 hostibus
772 3752 975 3834 cessisset,
1001 3756 1148 3822 fossam
1170 3747 1301 3818 cutem

238 3859 446 3925 circumire
486 3859 589 3926 acies
627 3857 797 3924 ¹secundo
829 3860 967 3926 cuncta
999 3861 1122 3934 esset,
1165 3906 1231 3938 ...‚
1262 3859 1301 3922 in

236 3962 319 4046 ipse
341 3964 517 4030 transitu
538 3965 651 4030 fosse
678 4011 686 4028 .
709 4011 718 4029 .
745 4012 754 4030 .
781 3971 971 4046 oppressu
992 3969 1059 4034 est.
1104 3962 1206 4030 Gessit
1225 3981 1304 4046 pau-

236 4065 303 4132 lum
318 4068 409 4152 legio,
429 4087 489 4136 nen
499 4069 595 4154 tergis
611 4067 691 4135 istis
703 4067 800 4156 iugit3
817 4068 922 4151 iisque
934 4073 1092 4136 adversa
1103 4068 1301 4136 scribendum
