3000 4638
525 286 556 342 L.
576 285 668 342 Seuee.
686 286 721 342 sd
739 286 874 344 Marcium.
1133 285 1194 352 359

172 484 286 562 teutiu3
321 501 420 569 neque
452 482 554 561 euim,
595 503 662 567 quse
699 483 846 550 animulis
880 483 1003 549 omniuo
1036 485 1111 552 XIV
1141 504 1236 554 anuos

171 591 297 670 vivunt,
330 607 367 658 eu
401 590 544 656 senectus
575 589 659 656 iutra
693 589 751 656 hee
786 588 920 674 spatium
953 589 1112 677 defetigat,
1149 591 1237 677 quasi

172 713 294 779 semper
315 696 348 762 in
369 715 407 762 ee
427 695 498 761 sint
542 695 713 780 Seripseret
733 695 866 762 Seueeuz
896 695 1008 763 intra
1030 699 1237 781 quattuor-

171 801 293 869 decim
317 819 434 868 annos
457 801 649 886 defattpat
669 801 757 880 vita,
776 803 816 868 et
836 801 914 866 haee
930 801 1084 870 illiseut.
1106 803 1237 884 (Eodem

170 907 261 978 modo
283 907 316 974 in
338 883 492 974 dicereris
506 907 610 990 pured.
627 907 654 985 I,
679 907 716 968 12
733 925 751 974 e
772 907 910 973 devote
930 908 1013 974 vita
1033 908 1150 974 dutum
1171 911 1238 976 erut

171 1013 375 1081 devotavit
396 1013 471 1078 etin
483 1012 608 1096 Vopisci
618 1013 746 1080 Numer.
762 1012 801 1076 13
812 1011 973 1078 ioeduvit
989 1033 1005 1078 e
1020 1014 1119 1080 feuda
1133 1015 1236 1095 vite.)

170 1119 250 1186 Tum
261 1118 282 1204 ξ
294 1118 324 1198 5,
335 1117 388 1184 ubi
399 1117 443 1184 sie
452 1118 485 1184 in
496 1119 526 1184 A
538 1117 694 1184 scribitur:
717 1119 746 1184 N
754 1137 794 1186 eu
808 1118 919 1185 illum
932 1120 1113 1203 (terminum
1127 1121 1236 1206 edique

168 1225 315 1310 pesitum)
349 1222 519 1289 ulterius
555 1224 802 1307 ditigsntism
829 1225 871 1292 ut
904 1226 1000 1306 (reete
1036 1225 1105 1292 edd.
1138 1225 1236 1292 dili-

169 1330 305 1416 gentia
327 1331 404 1408 eut)
425 1328 555 1413 gretie
575 1330 828 1412 promovebit.
867 1331 929 1397 Sic
949 1330 1098 1399 habeut
1119 1333 1236 1398 illum

168 1435 336 1502 ulterius
389 1433 638 1519 diligentiam
689 1455 731 1504 ex
774 1437 942 1504 oonsilio
992 1437 1233 1520 perdidisse,

170 1541 301 1608 sublatis
323 1541 440 1608 duabus
456 1541 589 1620 veeibus,
612 1543 815 1626 quaepropter
835 1542 944 1608 illum
966 1543 1078 1608 iterum
1098 1543 1233 1626 positum

168 1665 270 1714 errore
288 1645 429 1728 repetitu
444 1650 530 1725 sunt,
552 1648 764 1731 relinquuntur
776 1646 856 1714 haee:
878 1649 933 1714 sie
955 1648 1102 1715 hebent
1122 1648 1232 1714 illum

168 1773 211 1820 ex
246 1772 347 1820 eous.
383 1753 620 1835 perdidisse,
663 1754 695 1820 in
735 1753 846 1837 quibus
886 1754 968 1820 reete
1003 1753 1137 1818 Hessius
1175 1753 1234 1820 sie

166 1860 265 1926 debe
301 1859 433 1942 scripsit,
464 1860 546 1926 mule
577 1860 631 1926 nil
665 1861 777 1926 illum
798 1878 844 1926 ex
866 1877 892 1928 e.
913 1859 1027 1943 perd,
1058 1859 1142 1942 quod
1162 1859 1230 1924 tum

166 1965 293 2031 demum
314 1966 435 2031 reetum
457 1965 551 2043 esset,
577 1964 604 2030 si
636 1985 679 2030 ex
708 1964 875 2032 eonsilie
899 1965 1101 2050 significaret:
1130 1985 1166 2028 eu
1189 1985 1233 2040 eo,

166 2070 251 2156 quod
273 2071 301 2134 ei
322 2069 560 2134 destinaremus
585 2071 759 2136 demensum
773 2069 849 2154 fuit.
889 2069 1090 2137 Suribeudum
1114 2073 1181 2136 eret
1195 2070 1234 2135 ed

39 2208 45 2220 =
166 2177 235 2260 ipsu
276 2176 387 2242 eodieis
419 2175 564 2260 vestigia:
617 2175 820 2257 Siehube,
854 2186 886 2240 te
919 2176 1033 2242 illum
1066 2195 1109 2242 ex
1140 2195 1234 2242 eorr-

169 2281 261 2350 siliu
282 2280 519 2364 perdidisse,
550 2281 608 2348 hee
630 2284 688 2358 est,
710 2301 772 2350 non
794 2301 877 2360 essu,
898 2301 969 2348 eum
991 2283 1097 2365 pesset
1117 2282 1233 2349 diutius
1360 2373 1361 2376 Ἴ

168 2389 281 2463 vivere,
314 2387 367 2454 sed
398 2390 481 2454 uerte
512 2387 570 2452 feti
591 2387 722 2463 decreto,
754 2405 825 2454 eum
851 2387 946 2453 fixum
967 2389 1136 2456 terminum
1158 2389 1233 2456 utti-

167 2494 275 2578 gisset
320 2494 427 2576 Itaque
449 2493 601 2576 sequitur:
635 2509 704 2558 neu
724 2511 892 2577 unquam
924 2512 962 2560 se
984 2495 1097 2562 anuis
1120 2512 1237 2561 ussus

168 2599 377 2666 interiieit.
421 2597 498 2664 dum
530 2598 589 2665 hee
621 2596 747 2664 demum
777 2599 930 2665 sententis
962 2617 1034 2666 rere
1066 2600 1235 2682 temperari

167 2705 307 2788 possunt,
328 2723 394 2788 puae
416 2723 464 2788 ep.
486 2703 527 2766 69
560 2705 698 2770 extreme
725 2703 879 2788 leguntur.
894 2706 918 2782 ¹)
1118 2765 1121 2772 .
1299 2773 1304 2784 ,

268 2809 336 2876 Ibd.
360 2809 410 2886 22,
443 2810 461 2872 2
485 2810 549 2889 (ubi
570 2809 706 2886 reuuetui
731 2809 769 2873 is
796 2809 1105 2876 adolescentium
1128 2810 1236 2893 pestes

169 2917 321 2984 Hessium
342 2915 498 2999 poeuituit)
521 2934 581 2982 neu
601 2916 704 2998 petest
724 2934 779 2998 pru
806 2916 890 2982 uerte
913 2914 1048 2992 definiri,
1083 2913 1233 2998 quomode

168 3021 317 3106 explenda
350 3022 420 3098 siut,
455 3039 523 3104 quae
556 3022 588 3086 in
616 3020 863 3088 Adstruneutis
897 3019 1065 3099 eomodo,
1102 3020 1139 3086 de
1177 3038 1237 3105 que

170 3144 264 3211 supra
284 3127 396 3211 dirip
429 3126 502 3206 343,
539 3127 651 3194 litteris
674 3126 792 3210 aliquot
813 3127 859 3192 sie
879 3127 1067 3194 scribuntur:
1108 3126 1235 3192 autin

167 3231 348 3318 pepinum
392 3233 662 3332 ventremque·
692 3233 841 3317 pruteti
883 3251 1103 3317 summeque
1146 3233 1235 3298 iliis

168 3354 345 3404 curarum
366 3336 514 3404 fuiteet.
537 3338 803 3420 Aptumvidetur:
825 3339 864 3404 in
885 3340 1236 3422 popvsntremque

196 3541 218 3608 ¹)
237 3546 251 3610 ξ
270 3543 284 3598 l
303 3543 376 3596 reete
403 3537 543 3594 Geertzius
564 3540 665 3605 menet,
693 3555 746 3594 nen
771 3555 837 3610 opus
864 3555 921 3595 esse
948 3537 1012 3595 uddi
1029 3539 1189 3607 multum,
1211 3540 1234 3594 si

245 3633 283 3689 sie
317 3633 556 3701 interpungemus:
602 3631 749 3687 Primum
785 3635 868 3703 pute
903 3631 964 3686 illi
1001 3631 1234 3701 superfuisse,

239 3723 490 3794 comprehende
507 3725 669 3793 quantum
688 3723 757 3790 (veh
781 3723 997 3794 superfuisse
1016 3753 1056 3786 -‚
1083 3737 1235 3793 eompre-

241 3817 366 3882 hsnde)
384 3821 450 3881 eet,
479 3818 511 3871 ut
529 3831 658 3872 mensures
683 3817 759 3872 notio
783 3817 812 3870 iu
838 3816 943 3872 udieete
964 3817 1100 3873 sententia
1118 3815 1234 3884 impers-

239 3910 297 3966 tive
320 3911 366 3967 sit.
408 3914 424 3975 ς
450 3911 466 3965 7
491 3911 561 3966 reete
587 3907 718 3964 editiones
745 3911 808 3964 ertu
835 3907 866 3964 F.
892 3911 921 3963 et
945 3909 993 3964 1·1.:
1019 3923 1155 3976 quoque
1180 3904 1233 3960 fu-

239 4003 341 4058 uilius
377 4000 524 4072 obrepet
555 4017 661 4068 murs,
690 4042 697 4056 .
727 4042 736 4057 .
761 4041 768 4056 .
797 4000 903 4066 lutet,
941 4013 1017 4054 non:-
1049 3996 1233 4066 obrepunt,

239 4110 326 4152 mers
350 4136 357 4150 .
382 4137 389 4154 .
414 4135 423 4154 .
442 4095 543 4152 lutet.
579 4093 656 4161 Quod
675 4092 849 4162 obreptumm
867 4094 917 4157 est,
936 4091 1025 4162 ipsum
1043 4089 1120 4144 latet.
