2918 4652
553 237 651 306 saepe.
672 237 743 292 urso.
761 237 831 308 nug.
1118 237 1179 327 cru

250 387 327 502 lod.
360 437 395 500 9:
461 437 583 516 Quare
621 435 836 500 sinceritas
869 439 951 512 tua,
995 437 1047 500 mi
1079 455 1221 518 parens

158 542 376 618 carissime,
419 559 531 623 supra
564 539 670 606 dicto
703 541 784 606 uiro
814 541 999 618 adficiet,
1043 545 1222 625 quamdiu
1328 589 1330 596 -

159 648 281 714 Romae
311 646 449 719 fuerit,
482 664 596 729 panes
618 647 817 712 militares
844 647 1006 712 mundos
1034 648 1222 724 sedecim,

156 755 218 820 cet
283 753 394 819 Videat
416 752 490 818 mihi
512 751 632 834 aliquis,
665 751 920 834 quemadmodum
943 752 1049 836 exigno
1077 754 1222 820 litterulae

158 858 271 924 inflexu
311 877 396 924 novae
437 857 677 942 significationes
723 858 754 923 et
787 859 1027 922 constructiones
1060 861 1221 926 uerborum

130 945 296 1030 ¹oriantur
339 964 480 1050 (adficere
522 961 616 1024 alicui
654 981 758 1044 porres,
806 981 992 1045 quamquam
1030 983 1086 1030 non
1123 967 1221 1033 multo

159 1071 269 1136 melius
294 1072 354 1136 erit
376 1071 503 1154 adficere
524 1067 656 1152 aliquem
675 1067 833 1151 pacilus).
868 1068 1020 1150 Scriptum
1044 1076 1111 1136 erat·
1132 1072 1222 1138 olim:
1327 1069 1330 1078 '

156 1195 277 1260 supra
320 1177 423 1242 dicto
466 1175 550 1240 viro
594 1174 762 1236 adiiciet
805 1179 996 1256 (praterea,
1031 1179 1223 1259 quaehabet)

157 1300 278 1365 panes
306 1285 364 1348 cet.
408 1281 614 1365 [Praeceperat
636 1279 739 1364 Grut]

156 1461 161 1471 ¹
260 1386 324 1452 Ibd.
349 1389 405 1452 11:
449 1388 489 1452 Si
520 1387 640 1461 esset,
673 1384 888 1450 Aureliane
916 1386 1223 1466 iucundissime,

157 1493 223 1578 qui
251 1494 356 1576 Ulpii
385 1493 534 1559 Criniti
568 1492 688 1556 vicem
719 1493 855 1572 posset
882 1491 1062 1574 implere,
1096 1498 1222 1561 tecum

155 1599 204 1664 de
235 1600 321 1664 eius
353 1599 502 1664 virtute
535 1616 576 1662 ac
598 1595 817 1662 sedulitate
851 1598 1093 1674 conferrem,
1126 1619 1223 1666 nunc

158 1708 288 1785 tecum
310 1705 512 1788 requirere
533 1703 757 1786 potuissem.
791 1701 960 1768 Salmasius
983 1705 1078 1770 hunc
1099 1707 1222 1772 tecum

158 1813 373 1896 requirere.
407 1810 479 1890 Sed,
501 1827 539 1873 ne
554 1809 616 1872 alia
630 1827 865 1874 commemorem
881 1809 997 1884 (hunc
1020 1814 1089 1892 post
1111 1813 1222 1889 eins).

50 1951 52 1956 ·
157 1920 296 2000 ineptum
313 1915 857 1998 estdevirorepertorequirero.
891 1915 1006 1980 Scriba
1029 1917 1156 1981 tecum
1180 1919 1224 1982 de

155 2025 245 2090 cius
267 2025 418 2088 virtute
526 2019 707 2104 conferre
733 2041 802 2082 nec
824 2030 857 2086 lc
878 2023 1086 2104 requirere
1108 2025 1223 2106 potu·

158 2131 289 2194 issem.
354 2127 455 2204 (Nunc
487 2129 519 2192 te
551 2126 681 2208 requiro.
729 2127 778 2192 lte
807 2127 906 2191 omnis
939 2128 1057 2194 lacunae
1091 2131 1223 2214 suspicio

160 2234 303 2312 tollitur)
363 2234 479 2300 Eodem
501 2232 602 2316 capite
623 2231 704 2297 inira
724 2232 790 2296 haeo
811 2233 973 2316 leguntur:
1017 2236 1134 2299 Tuum
1166 2241 1226 2302 est

165 2389 234 2418 ...‚
258 2358 427 2424 quaerere
448 2341 651 2422 praeterea,
683 2337 748 2400 ubi
775 2356 937 2424 carrago
966 2341 1020 2405 sit
1041 2342 1224 2416 hostium,

158 2448 199 2511 at
222 2465 316 2511 vere
339 2445 459 2522 scire,
494 2443 629 2526 quanti
658 2442 871 2526 qualesque
900 2444 994 2522 sint,
1028 2447 1164 2512 utnon
1188 2448 1225 2512 iu

160 2553 389 2618 vinum'aut
410 2562 562 2614 annone
584 2550 837 2613 consumatur
858 2553 925 2615 aut
948 2550 1032 2614 tela
1063 2553 1103 2628 (P
1125 2552 1226 2632 tela)

161 2657 376 2733 iaciautur,
408 2657 446 2718 in
477 2654 615 2737 quibus
646 2673 705 2720 res
733 2655 874 2719 bellica
903 2656 1124 2722 constituta
1153 2660 1225 2723 est.

161 2763 198 2826 ln
214 2761 318 2826 codice
333 2761 360 2824 B
376 2763 527 2848 corrector
542 2761 614 2840 post
634 2759 671 2824 in
695 2759 813 2824 addidit
827 2777 992 2826 cessum.
1003 2761 1241 2852 (incassum)⁴

161 2869 257 2934 recto.
292 2867 364 2948 quid
387 2866 539 2932 sententia
560 2851 740 2948 postularet,
772 2865 957 2950 intelligens,
986 2865 1078 2950 idque
1104 2872 1224 2934 seculus

161 2973 252 3037 Peter
274 2975 338 3046 est;
360 2973 552 3038 mirationem
574 2973 678 3036 tamen
692 2972 786 3038 habet
807 2973 870 3038 vini
892 2973 930 3038 ab
952 2991 1071 3038 annona
1092 2977 1225 3056 separati

161 3081 258 3162 priore
290 3080 358 3144 loco
392 3079 514 3144 mentio.
569 3077 637 3142 Nou
668 3077 813 3144 addenda
845 3097 898 3144 sex
927 3079 1048 3156 littera,
1082 3080 1223 3148 seduna
1269 3123 1270 3128 κ

161 3186 310 3250 mutanda
332 3188 413 3250 erat:
436 3189 576 3248 utnon
598 3186 793 3258 lavacrum
815 3186 884 3248 aut
906 3203 1223 3252 annonaconsu-

162 3294 290 3356 matur
324 3291 392 3355 aut
423 3289 752 3375 teleiaciantur.
817 3290 867 3354 Ad
900 3294 1064 3374 utrumque
1099 3295 1224 3359 verbum

161 3397 314 3478 pertinere
335 3397 372 3460 in
395 3414 530 3459 vanum
554 3396 810 3479 sanissimumque
833 3415 900 3462 esse
921 3398 1004 3462 tela
1026 3399 1228 3464 iaciautur

162 3502 213 3567 vix
234 3520 309 3583 opus
332 3505 380 3566 est
401 3501 482 3564 addi.
541 3500 579 3560 Iro
612 3523 724 3564 uacum
758 3503 850 3577 (unde
881 3503 963 3568 Galli
992 3525 1028 3564 ero
1056 3505 1139 3580 vain)
1173 3525 1226 3587 pro

163 3608 305 3672 adverbio
320 3607 444 3692 fluctuo
465 3609 599 3688 carptum
623 3611 671 3673 est
690 3608 749 3672 dici
771 3609 828 3672 hae
843 3609 942 3681 aetate,
966 3609 1224 3691 quemadmodum

161 3712 237 3779 olim
259 3714 411 3776 incassum
434 3715 481 3790 (iu
504 3721 607 3788 tolum,
640 3715 672 3774 o'rr
694 3723 821 3787 molum,
849 3713 880 3773 in
903 3725 1067 3784 command,
1102 3715 1133 3776 r'o
1155 3716 1226 3778 reli-

164 3839 268 3902 quam,
291 3818 388 3900 cett),
411 3817 491 3899 apud
513 3815 662 3882 Senecam
684 3822 716 3879 la
736 3839 955 3902 anomoeorum
979 3820 1088 3897 ltribus
1101 3821 1225 3888 Senecae

162 3925 248 3996 locis,
282 3927 333 4007 qui
356 3925 387 3988 iu
413 3922 516 3988 lexicis
541 3927 703 4006 ponuntur,
737 3925 809 3990 addi
831 3927 936 4006 potest
957 3928 1082 4008 quartus
1104 3928 1141 3992 de
1163 3929 1226 3992 otio
