2918 4636
299 271 442 336 1m.
642 269 935 343 mmmm

356 471 460 540 Persii
481 469 607 544 satiras,
640 489 768 553 quarum
789 470 910 536 mmidn
930 471 964 535 et
984 471 1125 537 contorta
1144 471 1318 539 obscuritas

255 578 479 645 enarrationem
504 575 644 642 involuta
674 575 794 642 ratione
821 581 853 642 ct
873 577 924 642 ria
949 577 1140 643 evolventem
1161 577 1317 644 desiderat

259 687 292 750 et
313 685 432 768 aliquot
466 681 543 749 locis
564 680 723 764 scriptura
755 681 916 746 rectiorem
948 681 1111 759 delectum,
1136 684 1321 750 coniecturae

255 811 313 876 ope
340 810 402 858 nou
432 791 566 856 multum
588 791 669 873 eget
700 805 740 851 ne
771 787 888 853 tacitum
918 792 1110 870 praeteream,
1143 805 1225 854 nnus
1246 789 1322 856 lacit

255 897 350 978 locus,
383 897 469 962 cuius
490 913 595 960 reram
629 892 814 976 scripturam
842 893 906 959 inm
928 897 996 960 tum
1018 895 1191 960 coniectura
1212 913 1320 978 repor-

254 1005 337 1084 tam,
370 1021 442 1069 cnm
473 1001 611 1067 nondum
642 999 742 1064 Inbnii
774 1003 923 1083 apparatu
955 1001 1084 1080 utebar,
1119 1001 1227 1083 postca
1260 1019 1320 1066 uon

256 1127 360 1176 carere
381 1111 464 1175 teste
484 1105 557 1173 vidi.
612 1105 695 1170 Nam
716 1105 742 1180 1,
764 1101 805 1168 23
826 1105 961 1186 Persius,
983 1111 1092 1190 poetas
1110 1105 1249 1171 molliter
1267 1123 1318 1171 rc·

255 1215 387 1281 citantes
408 1213 454 1279 ita
474 1214 640 1286 insectans,
672 1213 708 1275 ut
738 1211 843 1293 aperte
870 1213 939 1296 ipsa
960 1213 1099 1278 carmina
1118 1211 1236 1278 lasciva
1254 1211 1317 1277 im·

253 1321 424 1404 pudicaque
466 1315 634 1404 significet,
684 1316 823 1382 vetulum
864 1315 983 1382 inducit
1025 1319 1149 1401 poetam
1197 1317 1230 1383 et
1273 1317 1320 1384 eic

254 1427 435 1512 alloquitur:
1270 1419 1274 1426 ’

405 1530 493 1604 'lunt
515 1527 629 1602 vetule,
649 1526 795 1592 auriculis
817 1525 925 1592 adenis
947 1525 1067 1613 colligis
1089 1547 1186 1608 escae,

404 1635 559 1714 auriculis,
581 1633 692 1718 quibus
711 1637 744 1698 et
764 1631 848 1698 dieas
869 1635 939 1698 cute
961 1635 1098 1717 perditus
1121 1635 1243 1712 „ohc“t

354 1742 400 1807 llx
421 1743 471 1808 bis
492 1741 643 1826 quomodo
663 1740 798 1806 editores
819 1743 1074 1824 assumimusque
1102 1759 1137 1807 ae
1157 1741 1319 1824 expedive-

253 1848 327 1926 rint,
364 1865 489 1931 prorsus
519 1865 582 1912 uon
601 1845 754 1930 intelligo.
813 1845 878 1909 eie
898 1846 938 1912 de
971 1847 1096 1912 homine
1124 1846 1318 1916 laudantium

255 1953 414 2037 plausibus
446 1956 479 2020 et
500 1953 686 2018 clamoribus
717 1952 826 2017 obruto
857 1953 1022 2037 accipiunt,
1051 1954 1105 2037 qni
1125 1953 1180 2020 ubi
1197 1952 1318 2038 similo

253 2061 355 2141 cetur,
387 2060 503 2126 frustm
523 2077 634 2142 quaero.
677 2055 739 2122 Sed
767 2058 877 2142 panitae
895 2075 1063 2140 pronomen
1084 2061 1257 2126 neomrio
1278 2058 1318 2126 ad

255 2164 403 2226 carimde
422 2163 616 2248 geminatum
627 2163 775 2238 relertnr3
797 2164 849 2246 qui
870 2163 898 2227 si
918 2163 1041 2230 dadone
1063 2168 1122 2244 est,
1143 2182 1200 2230 our
1207 2165 1316 2232 abacis
1454 2221 1455 2230 ,

252 2270 397 2336 amenis
425 2277 505 2354 (qua
536 2289 610 2336 sane
631 2288 692 2335 non
711 2268 881 2336 laudabant
918 2289 975 2336 neo
1000 2271 1189 2352 clanabant)
1218 2270 1312 2350 „obe“

152 2377 157 2382 “
250 2379 344 2458 poeta
374 2375 469 2456 dicat,
500 2395 561 2442 non
593 2377 693 2462 magis
720 2375 827 2453 uideo,
855 2395 948 2458 qnam
976 2376 1050 2460 quid
1079 2377 1120 2442 ad
1153 2393 1224 2444 eam
1249 2395 1314 2444 rem

251 2483 407 2566 pertineat
428 2482 507 2548 entis
527 2483 662 2559 meutio;
694 2491 722 2544 et
752 2500 876 2564 prorsus
904 2483 1049 2552 vitiosum
1071 2487 1135 2558 est;
1156 2483 1205 2550 ein
1228 2481 1314 2550 abla-

249 2589 333 2654 tivus
354 2591 496 2673 putatur,
516 2591 554 2656 ut
576 2589 719 2654 omittam
752 2588 954 2670 copulationis
974 2587 1169 2654 insolentiam
1195 2589 1316 2672 (quibus

252 2706 280 2756 eo
300 2696 389 2778 cute),
426 2714 520 2776 snpra
554 2693 681 2760 modum
710 2692 840 2760 ridicule
872 2695 963 2776 pocta
987 2693 1095 2760 aliems
1116 2693 1262 2760 audentis
1284 2695 1316 2759 et

251 2803 322 2865 cute
344 2808 421 2878 (sna,
442 2801 561 2884 opinor)
595 2798 735 2882 perditae
757 2799 888 2876 diciturs
923 2800 962 2866 de
994 2802 1064 2868 cute
1092 2800 1176 2866 idem
1202 2819 1313 2884 quaro,

251 2905 334 2990 qnod
355 2909 458 2971 antea.
514 2904 576 2972 Sed
597 2905 779 2970 omittamus
806 2923 913 2990 ungas
969 2907 1100 2974 Votulue
1120 2907 1174 2973 ille
1206 2905 1314 2972 alienis
1451 2969 1452 2974 ,

250 3011 395 3078 mmenbe
422 3029 509 3076 mous
531 3010 667 3094 colligit,
700 3010 811 3094 quibus
830 3011 897 3094 ipse
922 3011 1019 3088 „ohe“
1053 3012 1154 3078 dicere
1184 3013 1314 3097 cogitur,

249 3135 374 3200 corpore
393 3117 492 3182 fracto
513 3119 546 3182 et
565 3115 660 3182 debili
679 3117 850 3184 libidinosa
872 3117 1024 3201 uoluptati
1038 3118 1172 3202 ineptus.
1204 3117 1313 3186 Debile
1451 3155 1452 3162 κ

249 3225 353 3290 autem
368 3240 478 3306 corpus
494 3240 529 3288 eo
540 3221 741 3308 significatur,
764 3222 845 3306 quod
866 3223 936 3288 cute
956 3223 1094 3308 perditus
1116 3223 1236 3302 dicitur,
1258 3223 1314 3290 boc

241 3327 307 3408 eet,
355 3346 436 3412 aqua
479 3329 633 3394 intercute
665 3347 762 3414 agen
806 3329 877 3394 huic
912 3329 1089 3416 adiungitur
1122 3331 1201 3396 alter
1232 3347 1314 3396 mor·

248 3435 317 3514 bus,
355 3435 555 3500 articulorum
592 3435 754 3502 arthritide
789 3436 968 3502 fractorum.
1022 3435 1193 3520 Scripserat
1229 3434 1312 3502 enim
1450 3439 1451 3446 ’

249 3540 391 3606 Persius:
449 3589 453 3597 .

747 3648 865 3732 colligis
885 3664 983 3726 escae,

348 3752 497 3816 Animula
518 3753 629 3839 quibus
655 3757 688 3820 et
710 3755 796 3820 dicas
819 3757 890 3819 cute
911 3754 1050 3838 perditus
1072 3753 1194 3832 „ohe‘l
1299 3775 1306 3794 ·

247 3857 350 3942 Atque
382 3859 450 3938 hoe,
482 3878 541 3944 qno
578 3859 655 3926 nihil
692 3877 760 3926 esso
799 3859 912 3926 certius
944 3863 1053 3929 statim
1089 3859 1308 3938 indicaveram,
1448 3933 1449 3950 χ

247 3963 423 4032 Priscianus
464 3966 558 4050 legit,
605 3965 816 4051 profertorque
858 3967 941 4051 apud
976 3967 1120 4034 Iabuiurn
1163 3985 1181 4031 e
1221 3967 1310 4050 quat-

247 4071 318 4137 tuor
348 4072 519 4148 codicibus,
563 4091 623 4138 uuo
654 4073 826 4154 undecimi,
870 4074 966 4141 altero
1001 4071 1174 4140 duodecimi
1206 4069 1311 4145 seculi,
