2956 4648
558 319 649 379 Taciti
667 325 792 380 Annales.
1107 326 1168 388 547
1213 387 1215 390 ,
1241 347 1243 352 ·

145 525 278 600 33113,
322 523 496 591 31333133
536 521 701 606 principi
743 521 930 600 insidias,
978 526 1123 592 missos
1173 528 1209 591 13

13 611 20 706 J
146 626 1058 695 (13111333333113333131111313313133331
1090 633 1209 696 133113
1335 703 1338 710 ,

19 802 25 814 „
145 737 306 800 dicebat
337 735 415 798 cet.
449 733 498 798 Sic
534 733 637 808 codex.
701 731 820 797 0331113
854 734 993 799 infelices
1026 737 1208 800 emendandi
1272 749 1275 813 j

15 879 27 922 (ς.
143 847 234 907 33331
235 861 280 906 33.
326 839 454 905 Initium
491 839 564 917 3331,
599 857 618 902 3
647 856 705 921 quo
732 837 898 905 Venturius
932 859 1001 905 cum
1024 841 1209 917 aberrasset,

144 948 262 1011 ceteros
289 945 402 1018 traxit,
435 945 466 1008 in
498 962 533 1009 eo
564 945 698 1026 positum
722 946 779 1019 331,
802 948 847 1023 31,
872 925 1067 1029 13133333313
1088 948 1209 1029 plenius

144 1052 277 1116 oratione
320 1051 390 1132 3331
422 1049 577 1113 inducti
622 1051 733 1128 3331,
776 1051 966 1114 retineantur
1006 1052 1114 1117 deinde
1148 1054 1209 1118 duo
1271 1100 1274 1104 ⁷

18 1181 27 1242 J:
143 1158 235 1220 verba
257 1157 359 1228 finita,
393 1159 460 1219 tum
489 1156 688 1236 peroranti
720 1130 841 1220 dativus
871 1173 908 1220 ne
929 1158 1076 1223 33313331
1123 1160 1209 1224 Sori-

143 1263 278 1328 bendum
302 1264 350 1326 est
377 1262 437 1325 ita:
481 1260 536 1322 Ab
558 1259 675 1324 exilio
705 1264 852 1325 retract
860 1281 937 1327 33
950 1266 1206 1344 .3.33333311

22 1397 29 1442 χ
122 1357 232 1433 wfilio
260 1377 378 1450 parer·
411 1375 659 1448 comparator
691 1372 746 1448 (33
779 1370 1041 1449 comparatur,
1063 1369 1120 1434 1333
1142 1375 1232 1435 estz·

18 1521 28 1568 q
143 1493 212 1538 cnm
247 1491 280 1536 eo
317 1471 517 1554 componitur,
552 1475 586 1534 ut
622 1475 769 1554 tanquam
805 1491 861 1552 333
897 1471 935 1536 ad
968 1473 1206 1558 depugnandum

13 1577 29 1668 ,ζ
141 1579 316 1651 efficiatur).
360 1575 612 1640 Adulescens
713 1576 866 1642 dicebat
888 1578 1206 1661 adnectebatque

13 1664 29 1756 s
225 1682 518 1759 ministravisse
548 1683 748 1763 pecuniam
782 1683 859 1765 (331
968 1683 1203 1763 festinarit).

141 1792 190 1853 At
212 1773 459 1853 3331333333
483 1789 541 1860 cet.
601 1787 650 1853 Sic
681 1789 805 1854 demum
830 1789 963 1854 narratio
996 1791 1209 1878 recteproce*

141 1894 198 1959 dit.
243 1895 304 1971 (De
326 1896 462 1957 extremo
484 1892 583 1974 333113
606 1891 667 1956 diri
690 1893 857 1958 emendatt.
881 1889 966 1960 Livv.
987 1913 1016 1976 p.
1041 1894 1082 1957 90
1103 1901 1146 1975 n.)

241 2000 305 2063 lbd.
329 1997 386 2061 33:
430 1998 552 2080 thue
587 1997 749 2062 familiae
777 1999 971 2080 ipseeiam
994 2002 1202 2070 exstinctae

27 2163 28 2168 ,
140 2107 236 2180 3131,
280 2104 491 2188 33333133,Ι
520 2103 665 2183 quiob
708 2103 1014 2172 similitudinem
1059 2127 1201 2175 morum

13 2271 23 2306 a
138 2213 269 2277 aliena
302 2209 512 2276 malefacta
552 2209 633 2272 sibi
662 2210 861 2277 obiectari
903 2216 971 2294 pot
978 2214 1050 2278 331.
1110 2213 1234 2280 Certa

138 2320 260 2402 regula,
284 2335 376 2400 quam
410 2314 615 2380 recentissimi
646 2315 710 2380 edit
696 2320 778 2381 tores
806 2319 910 2382 tenere
932 2318 1092 2392 debebant,
1125 2321 1202 2384 3331-

13 2413 24 2493 “’.
137 2424 270 2488 bendum
284 2441 350 2488 esse
371 2421 543 2505 reperias
565 2421 672 2503 etipse
685 2441 763 2487 anno
765 2427 908 2487 ttarame
921 2422 1092 2506 Siesbyeus.
1115 2424 1202 2508 Saepe
1328 2406 1330 2412 ¹

23 2601 25 2612 Ι
139 2525 1202 2610 313Τ331133,33131Χ1,1833133,1113111333333313,
1261 2529 1271 2604 J
1352 2589 1355 2596 .

18 2701 24 2720 ,Ι
138 2637 196 2701 331.
255 2635 291 2697 13
320 2634 377 2698 1333
406 2633 471 2715 1333
498 2631 591 2695 verbo
618 2632 700 2694 recte
734 2630 877 2700 scribitur
912 2633 1109 2714 (reperias)
1146 2635 1201 2714 VI,

15 2730 22 2852 ὲ
137 2739 183 2801 29
199 2739 283 2819 (98),
308 2739 360 2803 ubi
380 2737 413 2801 in
436 2735 612 2802 3331133331
632 2735 840 2825 1333331333.

237 2845 303 2916 lbd.
329 2842 387 2909 43:
417 2855 540 2926 nequa
573 2840 802 2923 Philippum
830 2843 1025 2922 potentia,
1058 2844 1126 2908 sed
1159 2864 1200 2910 ex

13 2919 22 3027 ’ᾖ
136 2969 226 3016 rere
262 2949 463 3015 statuisse.
513 2947 620 3030 Neque
655 2946 802 3011 Latinum
835 2950 882 3011 est
904 2949 1041 3030 potentio
1072 2958 1200 3013 statuere

15 3040 22 3155 ἱ
135 3057 288 3139 (quoniam
323 3073 421 3137 neque
456 3055 503 3118 ius
537 3071 636 3134 neque
673 3052 783 3116 iniuria
815 3071 912 3135 neque
945 3053 1039 3118 animi
1068 3054 1198 3120 affectus

13 3161 21 3245 j
135 3161 190 3225 illa
211 3181 284 3226 voce
306 3159 518 3245 significatur),
541 3177 655 3241 neque,
688 3159 714 3222 si
736 3158 880 3224 Latinum
903 3159 994 3234 33331,
1025 3159 1053 3223 31
1074 3162 1197 3225 333133-

13 3247 22 3278 ²¹
135 3268 215 3330 rium
233 3269 332 3331 osset
364 3287 399 3326 33
431 3285 509 3328 3333.
567 3263 725 3330 Contraria
758 3267 839 3338 sunt,
873 3283 939 3346 quae
972 3265 1197 3348 impotentia

18 3357 19 3360 ¹
136 3371 310 3453 (impotenti
329 3371 423 3435 animi
444 3372 543 3448 motu)
559 3369 637 3434 fiunt
657 3371 893 3452 statuunturque
905 3373 937 3434 et
948 3390 1015 3454 quae
1027 3389 1061 3434 er
1076 3389 1148 3436 uero
1164 3373 1197 3436 et

18 3547 21 3559 ¹
136 3493 228 3558 aequo.
275 3476 379 3539 Prima
400 3474 518 3557 syllaba
539 3476 649 3539 1333313
672 3477 720 3540 331
742 3476 933 3557 praecedente
961 3495 1036 3553 um,
1068 3495 1194 3558 praeeer·
1289 3504 1291 3509 ·

135 3582 234 3646 tim
225 3601 256 3646 rn
296 3581 517 3666 significatione
554 3581 693 3646 vocabuli
728 3581 860 3674 librariis
899 3581 1053 3646 interdum
1086 3600 1195 3664 parum

13 3769 16 3788 Ι
135 3685 366 3760 animadversa:
417 3686 470 3755 cfr.
513 3683 589 3795 XlI,
641 3687 691 3750 44.
757 3687 911 3766 (Μ31313
954 3687 1196 3769 impotentia
1253 3736 1263 3778 3

13 3847 37 3918 4⁴
135 3814 159 3892 θ’
196 3794 299 3963 571in
331 3897 387 3961 49:
422 3893 682 3978 Rebusquet
668 3867 843 3961 turbatis
994 3895 1194 3960 discordia

13 3981 16 4020 ‘⁴
134 4005 328 4077 33333311,
370 4002 505 4067 bise
474 4007 505 4079 (3
546 4001 712 4066 Thracibus
756 4000 900 4076 obsessis)
937 3999 1189 4077 deditionem,

13 4175 14 4178 ,
134 4107 646 4186 aliismortemetmutuos
681 4105 857 4210 1313333
886 4105 991 4170 retus
1011 4105 1191 4191 333331

768 4233 770 4238 =
940 4211 990 4263 ae*
