2956 4648
547 262 576 317 L.
594 262 698 318 Seneca
715 263 850 334 Epistola.
1128 267 1188 330 471

164 459 283 526 etiarn
318 475 398 526 cnm
431 458 530 523 ratio
559 459 697 524 suadet
727 458 850 524 linire
882 460 948 526 sad
981 480 1052 530 non
1088 467 1233 535 temere

163 564 233 632 nec
255 585 335 631 cunr
368 581 551 643 procursu
584 564 793 646 capiendus
824 566 883 630 est
910 567 1090 649 impetos.
1135 570 1233 654 Supe-

165 669 260 734 riores
298 670 365 736 sed
398 671 469 751 post
500 670 619 735 finire
657 668 850 747 deleverant;
886 688 983 754 nuper
1019 675 1099 740 mira
1134 675 1231 743 inter·

164 774 286 856 punctio
317 774 384 839 sine
405 774 467 839 ullo
489 775 591 842 fructu
624 776 763 841 adhibita
795 778 849 864 est.
901 777 1071 859 scripserat
1101 781 1230 848 Seneca:

162 879 279 946 etiam
304 899 384 946 cum
407 881 506 944 ratio
529 881 669 947 suadet
692 881 813 946 finire
834 901 889 954 ec,
910 899 983 946 non
1004 886 1151 951 temere
1172 890 1230 954 cet.

163 982 216 1049 Sic
238 986 319 1051 enim
334 985 430 1071 finire
450 1007 481 1048 se
502 990 556 1050 ant
578 986 712 1071 aliquem
727 989 764 1053 de
778 986 992 1054 consciscenda
1006 989 1231 1060 autinferenda

162 1089 261 1154 morte
283 1091 341 1155 bac
362 1092 454 1156 aetate
476 1092 643 1170 dicebatur,
662 1093 756 1179 finiri
779 1093 817 1157 de
838 1092 1005 1158 moriendo.
1036 1095 1131 1161 'illud
1152 1097 1231 1182 legi-

159 1195 213 1260 tor
241 1197 322 1278 apud
352 1196 394 1260 Μ.
419 1195 568 1262 Senecam
589 1199 673 1280 prael.
705 1199 779 1264 libri
808 1198 836 1261 V
866 1200 1000 1264 coutmu
1024 1219 1052 1280 p.
1075 1198 1135 1262 321
1159 1202 1229 1284 Bip.

159 1297 201 1377 (X
222 1319 250 1384 p.
274 1300 336 1364 294
356 1302 461 1379 Burs.)
483 1303 558 1384 (oon
571 1304 677 1388 finiuit
697 1313 858 1366 condomae
871 1304 967 1386 apae),
988 1304 1069 1386 apud
1086 1304 1121 1372 b.
1135 1304 1230 1372 Sene-

160 1423 230 1470 cam
267 1406 305 1470 de
347 1407 464 1490 provid.
504 1408 538 1486 6,
582 1408 601 1471 6
637 1412 744 1489 (mora,
787 1429 855 1494 qum
890 1430 942 1471 ooo
976 1417 1030 1470 out
1066 1410 1141 1494 finit
1176 1423 1230 1474 aad

161 1511 320 1594 transfert)
357 1515 390 1578 et
424 1513 463 1578 ad
485 1513 581 1578 Marc.
615 1513 651 1588 3,
680 1513 701 1576 3
736 1514 834 1598 (qood
865 1535 926 1576 ocra
957 1524 1029 1576 calos
1058 1519 1230 1600 praeoptat

161 1624 188 1676 lc
228 1615 255 1678 et'
287 1618 414 1703 finiat),
457 1619 515 1684 hoe
558 1619 646 1702 apud.
687 1619 815 1684 Lucium
861 1637 908 1702 ep.
954 1619 1010 1694 74,
1054 1620 1094 1682 26
1138 1622 1229 1704 (citra

156 1731 335 1785 senectutem
377 1724 480 1797 rioilus
515 1731 580 1803 ost),
623 1725 692 1790 Val.
732 1725 812 1790 Max.
857 1725 911 1799 IX,
957 1724 996 1788 12
1027 1726 1053 1790 Ε
1089 1727 1125 1805 4;
1168 1731 1229 1796 alia

158 1826 253 1894 habet
274 1829 448 1895 Schellerns
469 1850 500 1913 p.
527 1830 618 1896 3868.

260 1934 316 2016 Ep.
340 1935 390 2008 26,
413 1935 448 2000 3:
493 1938 554 2002 Ire
576 1938 613 2002 in
635 1936 917 2020 cogitationem
942 1935 1057 2002 iubet
1079 1937 1226 2016 (animos)

161 2041 204 2102 et
236 2038 448 2121 dispicere,
481 2043 572 2125 quid
608 2063 649 2108 ex
671 2044 742 2108 hac
760 2042 1062 2124 tranquillitate
1085 2045 1123 2108 et
1143 2062 1227 2108 mo-

159 2143 291 2210 destia
308 2163 465 2233 *morum
489 2149 693 2232 sapientiae
723 2148 897 2226 debeam,
928 2147 1017 2230 qnid
1038 2149 1164 2227 aetati,
1189 2151 1228 2214 et

157 2249 370 2334 diligenter
413 2258 609 2330 excutere,
652 2273 732 2337 quaa
775 2271 846 2317 non
888 2252 1030 2336 possim
1078 2254 1225 2333 lacere,

155 2374 236 2437 qua
291 2357 407 2423 nolim
451 2367 483 2440 (p
542 2360 732 2436 nolimus),
786 2359 973 2438 prodesse
1017 2359 1224 2426 habiturus

155 2462 265 2546 atqui
312 2464 345 2528 si
387 2464 508 2528 nolim
552 2449 755 2547 quicquam
805 2464 867 2542 (Ab
910 2463 1106 2546 quidquid)
1149 2484 1223 2530 non

156 2585 268 2650 posse
291 2567 354 2652 (Ab
377 2577 542 2651 possum)
567 2587 624 2634 me
646 2568 790 2652 gaudeo
820 2569 858 2646 (P
874 2569 940 2646 Δὸς
965 2589 994 2651 p.
1019 2588 1036 2633 e
1058 2587 1114 2634 me
1135 2589 1226 2654 gau·

155 2673 273 2746 dere).
307 2675 453 2741 Exbcma
482 2677 547 2740 haec
573 2675 644 2739 inde
671 2693 690 2739 a
721 2674 922 2756 prodesse,
962 2672 1124 2756 inquibus
1147 2675 1225 2740 nihil

158 2783 269 2862 praeter
290 2799 335 2852 aa,
358 2783 547 2863 quaenotavi,
572 2780 918 2855 codicesbonirariant,
939 2782 1224 2864 gravitercorrupta

157 2905 226 2952 esse
249 2888 456 2962 consentitur;
486 2886 669 2952 emendandi
699 2886 827 2952 conatus
855 2885 933 2950 nihil
959 2887 1083 2962 habent,
1109 2885 1141 2950 in
1164 2904 1223 2969 quo

157 2993 222 3058 ulla
236 3011 283 3057 er
311 2993 398 3075 parte
420 2992 614 3076 acquiescas,
647 2993 699 3074 qui
733 3010 836 3074 neque
859 2992 998 3058 codicum
1020 2991 1153 3076 uestigia
1173 3012 1224 3058 se·

156 3099 292 3180 quantur
313 3116 411 3180 neque
441 3099 625 3162 sententiam
657 3097 844 3189 probabilem
877 3100 909 3164 et
935 3099 1059 3164 rectam·
1073 3097 1221 3163 officiant.

158 3203 225 3268 Viae
248 3206 353 3269 admon
375 3203 414 3266 ad
444 3203 689 3269 emendationem
719 3204 847 3270 ferentis
874 3209 955 3270 nota
976 3206 1049 3270 suot
1069 3203 1100 3268 in
1123 3201 1224 3285 pcrti-

156 3309 236 3392 cipio
271 3308 472 3374 habiturus
505 3308 544 3371 ad
580 3308 716 3374 animum
757 3310 873 3385 relato,
899 3311 1000 3392 ipsum
1027 3310 1066 3374 de
1101 3308 1222 3374 Seneca

159 3414 274 3480 iudicio
295 3413 517 3489 iudicaturum,
541 3415 573 3479 et
593 3415 625 3478 in
650 3433 694 3489 eo,
718 3414 798 3497 quod
820 3415 971 3497 sequitur:
1020 3415 1104 3494 Quas
1126 3416 1223 3480 enirn

157 3520 323 3603 querela
363 3522 424 3594 est
457 3521 515 3584 oet.
574 3520 623 3583 Ad
658 3520 864 3586 habiturus
903 3522 1007 3586 autern
1048 3520 1224 3604 adiungitur

158 3627 259 3708 prima
290 3626 409 3709 syllaba
440 3625 526 3690 verbi
551 3626 624 3690 hinc
654 3625 836 3692 alienissimi
870 3626 1060 3709 prodesse.
1112 3623 1223 3708 Itaque

157 3735 268 3816 praeter
289 3733 346 3798 boc
368 3732 551 3798 vocabulum
573 3751 634 3796 una
655 3733 761 3798 littera
790 3732 822 3797 in
846 3731 955 3814 atqui
976 3733 1097 3798 mutata
1118 3735 1150 3797 et
1170 3750 1222 3796 re-

156 3839 247 3922 cepta
281 3838 433 3920 scriptura
455 3837 569 3902 codicis
589 3859 620 3922 p,
653 3839 705 3922 qui
741 3839 871 3904 obscura
892 3838 956 3901 ueri
976 3837 1090 3902 indicia
1111 3837 1222 3919 sapius

157 3944 240 4010 solus
278 3944 419 4020 servavit,
457 3945 522 4010 haec
552 3947 738 4010 nascuntur:
772 3967 847 4029 pro
878 3953 985 4028 pecte
1015 3943 1222 4010 habiturus

159 4049 281 4134 aqui,
298 4049 332 4115 si
365 4051 484 4116 nolim
507 4050 710 4134 quicquam
733 4070 804 4116 non
835 4068 947 4133 possa
969 4067 1025 4114 me
1043 4047 1221 4134 gaudere.
