2938 4630
619 252 758 312 Heretins
1139 251 1180 316 55

155 455 240 516 reete
264 452 329 516 haee
355 449 593 535 eoniunffluntur:
619 451 773 536 neyte‘yene
799 471 892 534 par-ee
926 469 1036 514 cavere.
1098 449 1223 516 Tollen-

157 557 228 622 uum
251 560 300 622 est
321 575 454 630 comme,
485 559 521 622 nt
552 557 712 642 negligens
745 557 777 621 et
808 557 979 624 ineuriosus
1000 555 1066 639 ipse
1088 556 1219 637 populus

158 662 286 739 linatur,
323 661 376 745 qui
408 679 448 725 na
479 661 534 726 illa
555 661 623 743 ipsa
645 663 835 747 negligentia
863 662 965 745 eliqua
985 661 1018 728 in
1039 681 1072 727 re
1093 661 1221 741 laboret,

155 767 248 832 nimis
271 783 380 832 earne
401 765 605 832 Maeeenatem
626 770 718 850 poete
739 787 800 833 uon
821 768 897 832 vult

256 872 357 938 Carm.
390 871 447 944 ΙΙΙ,
483 873 531 948 14,
571 873 610 934 10
640 873 755 938 frustm
784 873 988 939 defenduntur
1016 891 1086 938 aum
1116 871 1220 956 pueris

153 979 327 1044 coniuncte
344 975 458 1060 puelle
481 978 544 1040 ium
565 976 665 1038 vinem
687 983 824 1062 eaperloe.
880 979 1013 1056 Excidit,
1047 997 1114 1062 quae
1146 977 1221 1043 eibi

153 1101 276 1168 quaque
297 1084 330 1146 in
348 1082 410 1146 line
432 1073 539 1146 'nereus
560 1082 674 1147 emissa
696 1085 754 1160 est,
777 1094 805 1146 el
823 1086 974 1168 partiente
994 1084 1070 1167 (ipse
1086 1083 1220 1168 Vergilio

152 1190 277 1255 restitui
303 1188 375 1252 AEm
396 1188 456 1261 VI,
490 1185 583 1260 601l:

637 1311 702 1366 vos,
725 1313 742 1358 ο
764 1296 850 1376 pueri
872 1297 904 1359 et
927 1295 1036 1378 puella
1058 1300 1086 1354 et

324 1401 387 1464 iem
409 1398 510 1464 virum
532 1401 673 1481 expertes,
698 1395 758 1464 eet!

156 1503 313 1570 Matronae
337 1507 426 1588 poeta
447 1504 596 1588 adiungit.

256 1611 358 1676 (term.
392 1611 485 1676 seeul.
520 1609 571 1674 65.
623 1609 821 1674 Alienissima
860 1610 909 1694 est
949 1611 988 1674 ab
1025 1629 1063 1676 ea
1095 1629 1149 1693 spe
1188 1611 1221 1702 et

157 1716 355 1789 confidentia,
383 1735 442 1800 qua
463 1718 555 1800 poete
587 1715 692 1780 emnia
722 1716 786 1780 iam
818 1715 921 1782 fausta
946 1718 1123 1799 auguratur,
1147 1734 1219 1780 eon·

154 1821 281 1887 dieionis
308 1823 340 1886 in
363 1824 428 1888 solo
462 1821 604 1904 Apolline
626 1825 657 1886 et
681 1821 883 1888 dubitationis
899 1822 1109 1906 significatio,
1133 1840 1221 1886 max·

152 1928 216 1992 inre
257 1929 289 1992 in
321 1927 533 1994 Palatinarum
569 1946 691 1992 ererum
723 1929 887 1994 mentione.
944 1927 1115 2011 Scripserat
1154 1927 1220 1992 sine

151 2033 247 2098 dubio
269 2033 434 2099 Horatius:

289 2138 353 2201 Hie
374 2141 442 2221 (pro
463 2139 503 2222 ei)
525 2139 683 2206 Palatinas
705 2140 791 2205 uidet
810 2157 914 2222 aequus
936 2155 1015 2203 eres.

255 2243 350 2326 Epoli.
372 2247 398 2318 I,
419 2245 478 2307 29:

354 2351 420 2415 Nae
441 2353 477 2415 ut
501 2351 623 2434 superni
645 2351 718 2416 villa
743 2349 877 2414 nandans
899 2348 1025 2414 Tusculi

457 2455 571 2520 Cineres
592 2457 702 2539 tangat
723 2455 845 2520 moenia.

254 2559 350 2624 Recte
382 2561 541 2626 Bentleius
575 2563 737 2638 intellexit,
758 2579 818 2624 uon
840 2577 930 2642 posse
951 2560 1059 2624 urbem
1082 2557 1218 2642 aliquam

157 2665 293 2731 absolute
326 2667 475 2748 appellari
504 2687 677 2750 supernam,
712 2668 767 2730 hoe
789 2668 847 2741 est,
879 2665 912 2728 iu
945 2664 1099 2745 superiore
1128 2663 1217 2745 perte

156 2769 315 2836 arentem.
358 2773 476 2836 Verum
497 2791 558 2837 nen
580 2773 683 2858 eaput
707 2769 909 2844 scribendum,
933 2769 1012 2853 qued
1033 2769 1072 2833 ad
1094 2769 1219 2834 Tusculi

154 2876 247 2941 situm
270 2895 330 2942 nen
352 2882 436 2943 reete
457 2874 814 2954 aTibure'tlanslertur,
836 2877 891 2942 sed
914 2897 930 2940 e
953 2875 1108 2940 codicibus
1129 2873 1218 2940 bunis

151 2989 184 3068 (y
212 2986 246 3048 et
265 3009 293 3047 n
328 2985 408 3066 apud
430 2983 618 3058 Holierum,
654 3001 716 3048 see.
742 2983 789 3047 XI
813 2985 845 3047 et
876 2982 919 3057 X,
951 2983 1009 3047 etsi
1036 2981 1068 3044 iu
1094 2979 1147 3044 illo
1170 2980 1218 3044 est

149 3090 320 3173 superum:
648 3161 655 3176 Ι

311 3194 396 3290 “Nee
417 3195 453 3258 ut
474 3215 601 3278 superne
620 3196 695 3261 villa
716 3193 849 3260 candens
873 3191 999 3257 Tusculi

422 3299 537 3366 (lireaea
559 3301 668 3382 tangat
688 3300 810 3364 menia.

253 3405 389 3486 Superne
411 3406 494 3470 urbis
516 3405 629 3470 munis
650 3393 752 3488 tangit
767 3405 849 3476 ville,
873 3403 993 3486 quaein
1015 3401 1094 3466 aelle
1115 3400 1216 3464 vicino

149 3509 281 3576 adiacet.

251 3613 310 3696 Ep:
332 3613 362 3690 5,
385 3613 424 3675 87
448 3615 493 3696 (in
515 3616 602 3697 pueri
623 3635 641 3680 a
664 3609 791 3680 Canidia
816 3613 929 3679 delbssi
950 3611 1082 3696 querelis
1104 3611 1137 3676 et
1156 3610 1217 3674 im·

147 3719 406 3804 precationibuslz
890 3731 895 3738 ·

352 3824 479 3890 Venena
500 3825 717 3908 magnumias
739 3827 885 3907 nefasque
906 3843 967 3889 non
987 3822 1093 3887 valent

453 3933 628 3996 convertere
647 3929 815 3999 numanam
836 3929 943 3997 vicem.
