2970 4648
293 262 357 326 450
651 259 928 332 mtvmclpffl.

250 467 286 531 In
314 465 331 548 ᾗ
361 461 418 540 28,
450 461 504 528 ubi
536 460 685 546 Diogenis
716 458 921 543 Apolloniatae
956 461 1112 527 sententia
1147 461 1314 545 exponitur,

252 569 430 636 etiamalio
454 568 485 631 in
508 566 727 660 sententiaeb
758 567 921 632 verborum
944 567 1086 634 iunctura
1108 568 1225 634 vitiata
1247 587 1313 634 ora-

251 675 345 742 tionis
367 673 482 740 indicia
503 675 592 749 sunt,
630 672 685 738 sod
714 691 809 737 uuum
841 673 1065 747 certissimum,
1094 674 1175 758 quod
1197 675 1313 741 editur:

251 801 340 864 ergo
362 780 421 845 sol
451 779 571 844 undas
602 777 745 854 trahit,
773 797 835 844 non
862 780 961 847 solum
983 784 1090 847 contra
1110 781 1240 858 codices,
1262 781 1315 865 qui

250 889 342 968 (etll
368 889 400 952 et
421 883 529 967 ceteri)
562 888 660 948 unde
681 885 813 966 babent,
844 886 899 952 sed
920 889 1026 952 contra
1051 906 1116 952 rem
1137 887 1170 952 ot
1190 889 1315 954 senten-

250 995 345 1069 tiam;
380 1009 454 1057 nam
477 991 638 1056 humorem
660 994 693 1055 ot
713 1009 824 1074 aquam
846 992 892 1058 sol
919 993 1024 1069 trahit,
1055 995 1152 1060 undas
1185 1011 1256 1058 eum
1278 1012 1315 1060 ex

251 1103 332 1166 terra
364 1098 485 1164 trahere
518 1114 608 1161 nemo
636 1115 771 1179 unquam
798 1097 884 1164 dixit.
931 1099 967 1162 In
998 1117 1032 1163 ro
1058 1099 1176 1166 incerte
1200 1118 1314 1183 ponam
1356 1090 1360 1098 '

251 1207 436 1290 scripturam
458 1202 669 1278 verisimilem,
698 1219 758 1266 nou
780 1221 873 1284 quam
894 1207 1056 1286 praestem:
1084 1207 1122 1270 et
1143 1206 1248 1270 sicca
1269 1207 1314 1272 ab

249 1311 421 1378 humidis
443 1310 615 1386 sumunt;
638 1307 1054 1392 alioquinlcoddctodd.
1076 1311 1313 1394 aliquando),

250 1419 324 1484 nisi
346 1415 495 1500 aliquid
518 1418 557 1494 (t)
578 1417 684 1480 terra
704 1414 918 1498 acciperet,
939 1415 1166 1482 exaruisset.
1217 1417 1315 1502 Ergo

250 1525 306 1590 sol
322 1520 576 1588 undetrahit?
598 1519 748 1584 scilicet
768 1539 808 1585 ex
824 1521 893 1599 bis,
914 1539 993 1605 quae
1007 1521 1314 1606 premit(velpre-

249 1630 420 1707 muntur)
442 1627 616 1704 marime3
638 1627 714 1692 haec
735 1626 1060 1692 meridianasuut
1094 1628 1314 1694 Terrarum

250 1735 417 1811 exaruit,
446 1733 534 1816 plus
565 1733 736 1798 humoris
766 1733 812 1798 ad
834 1751 874 1798 se
898 1733 1070 1800 adducit.
1115 1735 1195 1798 Tum
1218 1733 1314 1798 eiecto

250 1840 369 1914 unde,
395 1838 476 1922 quod
505 1842 611 1904 contra
638 1837 757 1904 codices
780 1839 875 1904 bonos
897 1839 945 1915 (ll,
969 1837 1054 1915 Col,
1087 1839 1114 1903 P
1134 1839 1168 1917 4)
1191 1838 1313 1904 additur

249 1950 320 2032 post
341 1944 738 2028 septentrionalibus,
767 1944 812 2010 sic
844 1943 1205 2012 sententindirimendae
1226 1945 1312 2010 sunt:

249 2075 289 2120 ex
319 2051 496 2137 partibus
519 2050 717 2124 hibernis,
754 2051 1147 2134 septentrionalibus.
1190 2051 1313 2115 Exun-

249 2159 316 2224 dat
344 2158 388 2224 ob
418 2156 486 2220 hoc
512 2165 551 2228 (v.
580 2156 971 2238 septentrionalibus,
1008 2157 1105 2224 undo
1138 2156 1311 2223 exundat.

249 2265 303 2331 Ob
324 2264 408 2337 hoc,
438 2261 491 2326 ubi
520 2260 635 2326 frustra
663 2281 791 2344 quaeras,
821 2262 894 2347 quid
932 2262 1074 2341 exundet)
1107 2264 1250 2328 Pontus
1275 2263 1311 2327 in

248 2370 438 2436 infernum
460 2365 561 2432 mare
584 2367 740 2433 assidue
772 2378 805 2430 et
830 2369 926 2434 iluit
947 2378 990 2445 (r.
1014 2369 1181 2434 assidue
1201 2368 1312 2448 fluit)

248 2475 418 2560 rapidus.
452 2471 570 2538 Deinde
593 2491 629 2538 er
650 2473 676 2538 ll
699 2474 815 2553 (Quod
838 2477 918 2541 nisi
945 2476 1041 2540 lacit
1067 2476 1126 2540 bis
1152 2474 1313 2540 itineri-

248 2585 326 2660 bus)
363 2579 511 2646 efficitur:
556 2576 771 2658 Quodnisi
808 2580 938 2666 facile
982 2581 1043 2646 bis
1087 2580 1313 2655 itineribus,
1371 2593 1374 2600 ’

248 2688 344 2772 quod
366 2687 506 2769 cuique
528 2685 653 2762 deest,
684 2685 908 2752 redderetur
935 2735 1003 2764 ...,
1024 2687 1099 2752 iam
1122 2688 1189 2751 aut
1210 2686 1314 2752 sicca

250 2797 384 2860 essent
430 2791 557 2857 omnia
596 2793 662 2856 aut
708 2792 907 2859 inundata.
966 2791 1043 2870 (Alii
1071 2792 1315 2875 codiccsprava

250 2899 436 2966 correctione
458 2897 623 2976 faceret,
659 2898 714 2963 sed
734 2898 793 2962 bis
807 2898 899 2980 itin.
942 2896 1083 2963 Editores
1104 2897 1315 2981 interpolando

249 3006 403 3074 lecerunt:
427 3001 524 3088 quod
546 3001 621 3066 nisi
642 3002 763 3068 lieret
783 3004 921 3087 hisque
943 3004 1179 3084 itineribus.)
1206 3005 1316 3070 Restat

250 3111 396 3178 notabilis
416 3109 450 3173 in
471 3107 493 3192 ξ
514 3107 556 3170 30
578 3108 761 3174 emendatio.
803 3109 887 3175 Nam
910 3129 927 3174 c
948 3109 1061 3174 codicis
1085 3109 1111 3174 Ε
1133 3110 1165 3174 et
1185 3109 1315 3176 aliorum

251 3217 391 3301 vestigiis
428 3215 686 3296 (Interrogare
721 3215 927 3300 Diogenem
958 3216 1055 3282 licet
1084 3217 1192 3299 quasi
1217 3235 1316 3282 com-

250 3327 383 3409 pertus
405 3320 557 3387 animus
585 3309 722 3386 cuncta
744 3323 781 3386 et
801 3321 966 3386 invicem
989 3325 1224 3400 commeant,
1247 3341 1315 3388 non

251 3426 555 3508 omnibuslocis
588 3427 725 3492 aestate
746 3426 889 3492 maiora
909 3428 1003 3491 sunt
1022 3427 1199 3505 flumina)
1221 3428 1316 3494 effici·

251 3541 316 3604 tur:
359 3536 553 3616 interrog.
587 3533 693 3618 Diog.
730 3533 841 3598 libet:
894 3531 1018 3613 Quare
1055 3535 1114 3612 (ric
1142 3535 1205 3598 iam
1233 3535 1315 3615 alii),

251 3643 284 3709 si
313 3649 476 3725 pertuso
510 3638 584 3700 viia
611 3648 700 3701 sunt
726 3640 863 3704 cuncta
893 3641 931 3704 ct
959 3639 1124 3704 invicem
1157 3656 1316 3704 comme-

253 3750 335 3822 ant,
377 3745 456 3810 ...Ρ
500 3741 573 3822 (oo.
603 3743 658 3808 28:
692 3744 893 3826 perforata
925 3744 1052 3810 omnia
1083 3747 1121 3810 et
1152 3744 1316 3810 invicem

252 3851 408 3936 pervia.)
476 3846 563 3914 Com
608 3848 726 3932 syllaba
769 3851 912 3926 accessit,
957 3851 1120 3934 postquam
1163 3851 1314 3934 pertus,

254 3958 392 4024 seiuncto
413 3977 443 4033 a,
464 3953 580 4020 factum
604 3953 661 4018 est
