3000 4638
282 185 346 249 344
639 186 700 244 Lib.
710 186 787 244 VIll.
801 185 866 258 Cap.
880 187 918 242 ll.

344 384 509 448 Declarata
520 383 717 450 instrumenti
726 384 822 448 oritioi
833 382 1056 450 inhaoSeneoae
1065 385 1306 466 librommparte

242 492 352 554 natura
365 491 508 572 rectaque
530 489 594 554 eius
610 488 715 555 utendi
727 490 777 554 via
791 489 973 572 sigmfiaata
996 489 1033 555 ad
1055 490 1138 572 ipsas
1160 489 1306 558 emende-

214 661 218 668 ,
242 595 344 660 tiones
367 594 550 680 promendas
572 597 670 672 venio,
693 597 725 661 et
746 595 889 678 quonam
911 595 1055 662 librorum
1080 595 1205 660 Soueoae
1227 613 1306 678 praa·

245 701 293 763 t'er
316 717 427 782 paucos
457 700 598 783 tempora
620 702 737 766 ineerta
758 703 831 765 sunt
864 721 962 786 nequo
994 702 1156 784 quicquam
1189 701 1228 766 ad
1246 719 1306 776 ‚no-

244 806 342 870 stram
368 824 431 870 rem
464 807 614 870 momenti
635 807 762 880 faciunt,
795 807 941 890 incipiam
964 826 983 872 a
1003 807 1102 872 tribus
1122 805 1196 883 illis,
1230 825 1307 889 quoe

245 928 339 993 snpra
361 911 422 976 diri
445 911 678 995 diligentissime
702 931 719 976 a
741 932 791 980 me
812 914 1025 995 pertractatas,
1048 911 1157 977 deiude
1177 912 1208 976 in
1223 915 1305 979 oete·

244 1015 288 1080 ris
311 1017 447 1082 ordinem
482 1036 590 1100 sequar
612 1018 731 1094 Haasii,
752 1019 810 1084 boo
833 1021 891 1094 est,
914 1017 1027 1082 codicis
1052 1017 1089 1082 A.
1140 1017 1176 1080 ln
1198 1035 1307 1090 ooneoe

243 1121 359 1186 latione
393 1123 517 1205 quidem
551 1123 646 1190 etiam
679 1126 789 1206 praeter
824 1141 895 1188 mea
930 1125 963 1187 et
992 1142 1072 1188 nova
1104 1122 1135 1186 in
1167 1123 1306 1206 margine

243 1244 365 1308 ponam,
398 1248 465 1312 quaa
499 1246 518 1291 a
549 1229 756 1314 superioribus
779 1233 833 1295 aut
856 1230 956 1312 aliquo
978 1247 1082 1292 eorum
1104 1228 1232 1310 probata
1251 1232 1306 1297 aut

244 1333 416 1408 emendata
452 1353 513 1398 non
546 1333 644 1398 solum
678 1355 697 1398 a
729 1335 881 1410 uiolento,
914 1333 968 1400 sed
1001 1335 1095 1398 etiam
1123 1335 1162 1400 ab
1192 1335 1308 1403 Haasio

244 1441 358 1521 spreta,
380 1441 446 1533 sine
478 1440 542 1504 ulla
576 1437 768 1512 dubitatione
799 1441 831 1506 in
858 1440 926 1524 ipsa
948 1438 1071 1504 Senecae
1093 1439 1231 1507 oratione
1251 1459 1307 1522 po-

242 1543 343 1609 nenda
364 1546 458 1610 fuisse
480 1545 557 1611 mihi
578 1546 730 1626 videntur,
752 1550 787 1613 nt
808 1547 965 1632 appareat,
989 1545 1174 1628 quidiirturo
1197 1544 1308 1612 editori

243 1649 384 1716 relietum
419 1652 461 1716 sit
493 1653 558 1716 sine
591 1671 736 1720 novorum
757 1653 934 1721 inventione
955 1655 1038 1716 rento
1069 1653 1101 1714 et
1122 1650 1218 1716 libero
1240 1651 1306 1719 iam

242 1755 433 1821 inventomm
457 1775 514 1821 usu
536 1757 738 1822 efficiendum.
791 1757 878 1823 Nulli
899 1762 1004 1824 autem
1026 1777 1063 1822 ex
1083 1757 1143 1829 his,
1165 1757 1217 1840 qui
1239 1757 1306 1824 dia·

244 1861 305 1946 logi
327 1863 546 1937 inscribuntur,
579 1861 693 1927 libellis
728 1863 815 1947 plura
841 1864 1021 1946 graviorave
1049 1863 1160 1928 menda
1191 1861 1308 1934 nitate

243 1967 363 2049 sunt.¹)
1279 2017 1281 2025 ι

346 2069 469 2138 tonsol.
498 2071 541 2140 ad
569 2071 722 2138 llaroiam
762 2073 846 2148 (sive,
879 2075 914 2137 ut
945 2072 976 2138 in
1005 2071 1091 2136 oodd.
1121 2072 1298 2143 inscribitur

246 2175 283 2239 de
318 2195 398 2242 oens,
435 2177 474 2242 ad
507 2177 565 2247 M.)
599 2197 623 2242 o.
659 2179 694 2256 1,
726 2177 745 2239 2
779 2179 871 2244 rerba
898 2178 945 2244 sio
972 2177 1148 2262 interpungi
1180 2177 1307 2245 debent:

242 2281 307 2347 sed
337 2281 488 2348 dedisti
510 2301 641 2348 manus
671 2285 774 2349 vieta
796 2284 1012 2368 fudistique
1033 2281 1220 2350 lacrimas
1241 2301 1307 2365 par

240 2388 335 2464 lam,
369 2391 406 2452 et
441 2390 616 2474 gemitus
655 2390 851 2458 devorasti
873 2390 1043 2474 quidem,
1076 2406 1148 2454 non
1183 2390 1307 2462 tamen

242 2493 361 2558 hilari
382 2495 511 2560 fronte
534 2495 681 2561 texisti.
715 2495 995 2577 Averbispalam
1018 2497 1059 2560 et
1081 2493 1307 2560 sententiam·
1333 2575 1339 2585 ·

241 2598 341 2682 cipere
363 2601 477 2684 nequit,
523 2601 564 2667 loo
584 2603 629 2667 sio
649 2605 720 2667 ante
743 2601 950 2685 Ruhkopfium
970 2600 1256 2684 interpungebatur.
1268 2599 1294 2676 ²)

340 2795 442 2814 ..Δ-..-

312 2973 419 3012 annor
449 2959 530 3024 (reete
557 2955 691 3021 ilmina),
721 2959 761 3022 19,
793 2959 810 3013 3
838 2957 940 3012 scisti
969 2957 1053 3012 mori
1076 2957 1310 3020 (moriturosne

313 3047 428 3102 Haasius
446 3048 480 3103 ad
511 3065 601 3102 verum
620 3048 701 3104 rediit
719 3051 811 3104 annot.
840 3050 899 3104 orit.
928 3066 953 3119 p.
974 3051 1015 3104 13.
1052 3049 1146 3118 louge
1171 3046 1247 3104 aliud
1265 3048 1309 3102 eat

233 3171 239 3182 ·
312 3139 388 3193 seio
419 3141 521 3208 mori,
558 3141 586 3195 id
621 3145 669 3200 est,
701 3145 772 3196 reete
802 3142 933 3196 moriendi
968 3145 1053 3198 artem
1091 3142 1119 3194 et
1148 3139 1310 3194 facultatem

311 3231 411 3298 liabeo;
428 3229 533 3294 video,
552 3235 578 3294 4,
597 3231 714 3288 dobree.
733 3233 782 3288 rit.
802 3237 826 3298 2,
846 3238 861 3292 1
881 3237 908 3288 et
927 3235 951 3298 i,
970 3236 995 3295 4,
1015 3233 1093 3314 epist.
1113 3234 1156 3293 45.
1177 3234 1194 3288 5
1212 3234 1240 3286 et
1264 3231 1307 3288 55.

314 3327 340 3389 3,
360 3323 434 3392 oet).

269 3429 290 3498 ¹)
311 3427 451 3482 Michaelis
470 3427 586 3483 Batauus
605 3427 730 3498 exiguum
752 3430 851 3500 proprii
869 3429 934 3485 boni
952 3430 1041 3496 habet,
1061 3429 1152 3484 inania
1172 3389 1272 3488 multe,

270 3532 293 3598 ¹)
312 3531 376 3601 Cap.
397 3535 420 3596 1,
438 3533 457 3587 4
474 3547 505 3586 ex
522 3547 562 3598 eo,
580 3531 652 3602 quod
669 3532 698 3586 in
716 3534 740 3588 Δ
758 3537 786 3592 et
803 3533 866 3590 aliis
881 3533 1021 3592 soribitur:
1050 3533 1091 3588 ob
1118 3533 1201 3588 dnae
1232 3547 1312 3602 par·

314 3626 366 3678 tes
384 3663 392 3678 .
411 3665 418 3677 .
437 3664 453 3689 .,
473 3623 710 3694 eloquentiam
730 3628 765 3680 et
783 3624 1007 3690 libertatem,
1025 3627 1098 3682 reete
1119 3625 1242 3680 Muretus
1263 3623 1310 3677 de·

313 3717 399 3772 tracto
417 3731 434 3784 p
452 3715 587 3770 effecerat:
616 3717 656 3772 ob
675 3717 758 3774 dues
777 3733 864 3774 artes
883 3718 956 3788 (nem
973 3717 1080 3774 Latinis
1098 3717 1183 3772 etiam
1200 3718 1313 3772 libertas

226 3823 228 3830 ·
314 3808 418 3880 ingenii
444 3809 517 3863 inter
543 3808 626 3863 bonas
653 3813 725 3886 artes
752 3817 820 3882 οη),
849 3830 901 3870 non
924 3811 996 3866 reete
1016 3809 1132 3885 prelata
1146 3812 1193 3864 est
1208 3810 1310 3864 mnino-

314 3903 376 3956 tura
393 3901 422 3955 in
440 3901 560 3970 margine
587 3900 685 3956 oodiois
705 3903 835 3976 Apoaita
859 3903 899 3958 eb
917 3901 1001 3958 duaa
1019 3917 1087 3958 ree.
1132 3899 1193 3958 lbd.
1213 3906 1230 3958 3
1248 3900 1312 3955 inde

312 3993 346 4048 ab
366 3991 475 4049 Erasmo
494 3995 566 4048 reete
584 3992 724 4048 edebatur:
742 3993 923 4061 ingenium
940 3995 1053 4063 petris
1072 4035 1078 4048 .
1099 4033 1106 4048 .
1126 4033 1134 4050 .
1154 3994 1193 4052 iu
1212 4009 1310 4048 naum
