<?xml version="1.0" encoding="UTF-8"?>
<!DOCTYPE html PUBLIC "-//W3C//DTD XHTML 1.0 Transitional//EN"
    "http://www.w3.org/TR/xhtml1/DTD/xhtml1-transitional.dtd">
<html xmlns="http://www.w3.org/1999/xhtml" xml:lang="en" lang="en">
 <head>
  <title>
</title>
<meta http-equiv="Content-Type" content="text/html;charset=utf-8" />
  <meta name='ocr-system' content='tesseract 3.04.00' />
  <meta name='ocr-capabilities' content='ocr_page ocr_carea ocr_par ocr_line ocrx_word'/>
</head>
<body>
  <div class='ocr_page' id='page_1' title='image "./adversariacriti03madvgoog/adversariacriti03madvgoog_0418.png"; bbox 0 0 2970 4648; ppageno 0'>
   <div class='ocr_carea' id='block_1_1' title="bbox 501 330 1178 395">
    <p class='ocr_par' dir='ltr' id='par_1_1' title="bbox 501 330 1178 395">
     <span class='ocr_line' id='line_1_1' title="bbox 501 330 1178 395; baseline 0.01 -9"><span class='ocrx_word' id='word_1_1' title='bbox 501 330 534 387; x_wconf 84' lang='lat' dir='ltr'>L.</span> <span class='ocrx_word' id='word_1_2' title='bbox 552 331 652 388; x_wconf 84' lang='lat' dir='ltr'>Seneca</span> <span class='ocrx_word' id='word_1_3' title='bbox 669 332 702 388; x_wconf 85' lang='lat' dir='ltr'>cd</span> <span class='ocrx_word' id='word_1_4' title='bbox 721 331 855 389; x_wconf 75' lang='lat' dir='ltr'>Helviam.</span> <span class='ocrx_word' id='word_1_5' title='bbox 1116 331 1178 395; x_wconf 78' lang='lat'>405</span> 
     </span>
    </p>
   </div>
   <div class='ocr_carea' id='block_1_2' title="bbox 151 527 1219 732">
    <p class='ocr_par' dir='ltr' id='par_1_2' title="bbox 151 527 1219 732">
     <span class='ocr_line' id='line_1_2' title="bbox 151 527 1219 608; baseline 0.006 -16"><span class='ocrx_word' id='word_1_6' title='bbox 151 529 233 605; x_wconf 89' lang='lat' dir='ltr'>runt,</span> <span class='ocrx_word' id='word_1_7' title='bbox 265 529 363 595; x_wconf 82' lang='lat' dir='ltr'>latere</span> <span class='ocrx_word' id='word_1_8' title='bbox 395 528 517 594; x_wconf 85' lang='lat' dir='ltr'>videtur</span> <span class='ocrx_word' id='word_1_9' title='bbox 551 530 608 595; x_wconf 91' lang='lat' dir='ltr'>sub</span> <span class='ocrx_word' id='word_1_10' title='bbox 634 527 756 608; x_wconf 89' lang='lat' dir='ltr'>levis;</span> <span class='ocrx_word' id='word_1_11' title='bbox 789 529 849 596; x_wconf 84' lang='lat' dir='ltr'>fuit</span> <span class='ocrx_word' id='word_1_12' title='bbox 882 529 1028 599; x_wconf 85' lang='lat' dir='ltr'>fortasse:</span> <span class='ocrx_word' id='word_1_13' title='bbox 1065 534 1219 598; x_wconf 80' lang='lat' dir='ltr'>naturae</span> 
     </span>
     <span class='ocr_line' id='line_1_3' title="bbox 152 634 860 732; baseline 0.001 -32"><span class='ocrx_word' id='word_1_14' title='bbox 152 654 232 700; x_wconf 81' lang='lat' dir='ltr'>suae</span> <span class='ocrx_word' id='word_1_15' title='bbox 254 653 420 713; x_wconf 83' lang='lat' dir='ltr'>memor,</span> <span class='ocrx_word' id='word_1_16' title='bbox 443 635 575 698; x_wconf 78' lang='lat' dir='ltr'>onorio</span> <span class='ocrx_word' id='word_1_17' title='bbox 596 634 683 732; x_wconf 85' lang='lat' dir='ltr'>ipse</span> <span class='ocrx_word' id='word_1_18' title='bbox 709 653 860 718; x_wconf 79' lang='lat' dir='ltr'><strong>expers.</strong></span> 
     </span>
    </p>
   </div>
   <div class='ocr_carea' id='block_1_3' title="bbox 129 762 1283 1800">
    <p class='ocr_par' dir='ltr' id='par_1_3' title="bbox 129 762 1283 1800">
     <span class='ocr_line' id='line_1_4' title="bbox 253 762 1220 839; baseline 0.006 -11"><span class='ocrx_word' id='word_1_19' title='bbox 253 763 321 830; x_wconf 86' lang='lat' dir='ltr'>Ibd.</span> <span class='ocrx_word' id='word_1_20' title='bbox 346 763 401 839; x_wconf 79' lang='lat'>12,</span> <span class='ocrx_word' id='word_1_21' title='bbox 434 763 453 826; x_wconf 82' lang='lat'><strong>2</strong></span> <span class='ocrx_word' id='word_1_22' title='bbox 485 762 517 827; x_wconf 91' lang='lat' dir='ltr'>in</span> <span class='ocrx_word' id='word_1_23' title='bbox 540 762 694 830; x_wconf 80' lang='lat' dir='ltr'>codicibus</span> <span class='ocrx_word' id='word_1_24' title='bbox 717 763 747 829; x_wconf 81' lang='lat' dir='ltr'>A</span> <span class='ocrx_word' id='word_1_25' title='bbox 768 764 794 828; x_wconf 93' lang='grc' dir='ltr'><strong>Β</strong></span> <span class='ocrx_word' id='word_1_26' title='bbox 817 763 976 832; x_wconf 78' lang='lat' dir='ltr'>scribitur:</span> <span class='ocrx_word' id='word_1_27' title='bbox 1018 767 1220 834; x_wconf 85' lang='lat' dir='ltr'>Transea-</span> 
     </span>
     <span class='ocr_line' id='line_1_5' title="bbox 151 869 1219 957; baseline 0.006 -23"><span class='ocrx_word' id='word_1_28' title='bbox 151 889 237 936; x_wconf 91' lang='lat' dir='ltr'>mus</span> <span class='ocrx_word' id='word_1_29' title='bbox 273 887 344 952; x_wconf 89' lang='lat' dir='ltr'>ape</span> <span class='ocrx_word' id='word_1_30' title='bbox 390 887 456 951; x_wconf 92' lang='lat' dir='ltr'>spe</span> <span class='ocrx_word' id='word_1_31' title='bbox 492 887 567 934; x_wconf 91' lang='lat' dir='ltr'>uon</span> <span class='ocrx_word' id='word_1_32' title='bbox 599 869 864 936; x_wconf 80' lang='lat' dir='ltr'>obveniamus</span> <span class='ocrx_word' id='word_1_33' title='bbox 896 873 944 938; x_wconf 91' lang='lat' dir='ltr'>ad</span> <span class='ocrx_word' id='word_1_34' title='bbox 974 873 1219 957; x_wconf 84' lang='lat' dir='ltr'>locupletes.</span> 
     </span>
     <span class='ocr_line' id='line_1_6' title="bbox 153 973 1220 1058; baseline 0.004 -18"><span class='ocrx_word' id='word_1_35' title='bbox 153 973 319 1058; x_wconf 81' lang='lat' dir='ltr'>Scripturas</span> <span class='ocrx_word' id='word_1_36' title='bbox 361 994 440 1040; x_wconf 81' lang='lat' dir='ltr'>verae</span> <span class='ocrx_word' id='word_1_37' title='bbox 472 973 530 1040; x_wconf 91' lang='lat' dir='ltr'>hoc</span> <span class='ocrx_word' id='word_1_38' title='bbox 573 973 696 1039; x_wconf 90' lang='lat' dir='ltr'>initium</span> <span class='ocrx_word' id='word_1_39' title='bbox 733 977 765 1040; x_wconf 90' lang='lat' dir='ltr'>et</span> <span class='ocrx_word' id='word_1_40' title='bbox 806 974 872 1042; x_wconf 84' lang='lat' dir='ltr'>haec</span> <span class='ocrx_word' id='word_1_41' title='bbox 904 978 1092 1044; x_wconf 88' lang='lat' dir='ltr'>lineamenta</span> <span class='ocrx_word' id='word_1_42' title='bbox 1130 980 1220 1044; x_wconf 87' lang='lat' dir='ltr'>suut:</span> 
     </span>
     <span class='ocr_line' id='line_1_7' title="bbox 152 1081 1283 1167; baseline 0.004 -22"><span class='ocrx_word' id='word_1_43' title='bbox 152 1081 426 1148; x_wconf 76' lang='lat' dir='ltr'>Transeamus</span> <span class='ocrx_word' id='word_1_44' title='bbox 479 1101 578 1163; x_wconf 77' lang='lat' dir='ltr'>opes,</span> <span class='ocrx_word' id='word_1_45' title='bbox 632 1083 839 1147; x_wconf 87' lang='lat' dir='ltr'>veniamus</span> <span class='ocrx_word' id='word_1_46' title='bbox 888 1083 934 1148; x_wconf 91' lang='lat' dir='ltr'>ad</span> <span class='ocrx_word' id='word_1_47' title='bbox 977 1083 1219 1167; x_wconf 86' lang='lat' dir='ltr'>locupletes.</span> <span class='ocrx_word' id='word_1_48' title='bbox 1276 1100 1283 1114; x_wconf 93' lang='lat'><strong>·</strong></span> 
     </span>
     <span class='ocr_line' id='line_1_8' title="bbox 153 1171 1220 1273; baseline 0.002 -22"><span class='ocrx_word' id='word_1_49' title='bbox 153 1184 244 1268; x_wconf 71' lang='lat' dir='ltr'>Quod</span> <span class='ocrx_word' id='word_1_50' title='bbox 266 1171 468 1263; x_wconf 76' lang='lat' dir='ltr'>desideratur,</span> <span class='ocrx_word' id='word_1_51' title='bbox 491 1184 674 1250; x_wconf 86' lang='lat' dir='ltr'>distractum</span> <span class='ocrx_word' id='word_1_52' title='bbox 696 1188 728 1252; x_wconf 90' lang='lat' dir='ltr'>et</span> <span class='ocrx_word' id='word_1_53' title='bbox 748 1186 881 1253; x_wconf 82' lang='lat' dir='ltr'>fractum</span> <span class='ocrx_word' id='word_1_54' title='bbox 903 1189 1043 1273; x_wconf 84' lang='lat' dir='ltr'>superest</span> <span class='ocrx_word' id='word_1_55' title='bbox 1064 1189 1096 1255; x_wconf 93' lang='lat' dir='ltr'>in</span> <span class='ocrx_word' id='word_1_56' title='bbox 1120 1188 1220 1254; x_wconf 89' lang='lat' dir='ltr'>literis</span> 
     </span>
     <span class='ocr_line' id='line_1_9' title="bbox 152 1289 1222 1378; baseline 0.002 -23"><span class='ocrx_word' id='word_1_57' title='bbox 152 1289 345 1376; x_wconf 83' lang='lat' dir='ltr'>pen&#39;onob.</span> <span class='ocrx_word' id='word_1_58' title='bbox 402 1289 622 1376; x_wconf 86' lang='lat' dir='ltr'>Significantur</span> <span class='ocrx_word' id='word_1_59' title='bbox 644 1295 748 1358; x_wconf 83' lang='lat' dir='ltr'>autem</span> <span class='ocrx_word' id='word_1_60' title='bbox 770 1312 842 1377; x_wconf 90' lang='lat' dir='ltr'>opes</span> <span class='ocrx_word' id='word_1_61' title='bbox 864 1314 965 1378; x_wconf 82' lang='lat' dir='ltr'>parvae</span> <span class='ocrx_word' id='word_1_62' title='bbox 988 1299 1019 1360; x_wconf 87' lang='lat' dir='ltr'>et</span> <span class='ocrx_word' id='word_1_63' title='bbox 1040 1293 1222 1368; x_wconf 88' lang='lat' dir='ltr'>mediocres,</span> 
     </span>
     <span class='ocr_line' id='line_1_10' title="bbox 153 1397 1221 1482; baseline 0.001 -20"><span class='ocrx_word' id='word_1_64' title='bbox 153 1397 264 1481; x_wconf 85' lang='lat' dir='ltr'>quibus</span> <span class='ocrx_word' id='word_1_65' title='bbox 294 1397 417 1462; x_wconf 89' lang='lat' dir='ltr'>omissis</span> <span class='ocrx_word' id='word_1_66' title='bbox 446 1397 553 1463; x_wconf 86' lang='lat' dir='ltr'>statim</span> <span class='ocrx_word' id='word_1_67' title='bbox 587 1416 605 1462; x_wconf 85' lang='lat' dir='ltr'>a</span> <span class='ocrx_word' id='word_1_68' title='bbox 640 1399 825 1481; x_wconf 88' lang='lat' dir='ltr'>pauperibus</span> <span class='ocrx_word' id='word_1_69' title='bbox 854 1399 894 1464; x_wconf 88' lang='lat' dir='ltr'>ad</span> <span class='ocrx_word' id='word_1_70' title='bbox 924 1400 1008 1482; x_wconf 89' lang='lat' dir='ltr'>ipsos</span> <span class='ocrx_word' id='word_1_71' title='bbox 1036 1417 1107 1464; x_wconf 86' lang='lat' dir='ltr'>vere</span> <span class='ocrx_word' id='word_1_72' title='bbox 1133 1398 1221 1463; x_wconf 89' lang='lat' dir='ltr'>locu-</span> 
     </span>
     <span class='ocr_line' id='line_1_11' title="bbox 152 1500 1221 1588; baseline 0.004 -22"><span class='ocrx_word' id='word_1_73' title='bbox 152 1503 253 1586; x_wconf 82' lang='lat' dir='ltr'>plebes</span> <span class='ocrx_word' id='word_1_74' title='bbox 286 1500 470 1565; x_wconf 84' lang='lat' dir='ltr'>veniendum</span> <span class='ocrx_word' id='word_1_75' title='bbox 504 1503 560 1568; x_wconf 87' lang='lat' dir='ltr'>est.</span> <span class='ocrx_word' id='word_1_76' title='bbox 604 1502 758 1588; x_wconf 82' lang='lat' dir='ltr'>Scriptum</span> <span class='ocrx_word' id='word_1_77' title='bbox 791 1507 906 1571; x_wconf 87' lang='lat' dir='ltr'>iuerat:</span> <span class='ocrx_word' id='word_1_78' title='bbox 950 1503 1221 1570; x_wconf 78' lang='lat' dir='ltr'>Transeamus</span> 
     </span>
     <span class='ocr_line' id='line_1_12' title="bbox 129 1607 1221 1693; baseline 0.001 -21"><span class='ocrx_word' id='word_1_79' title='bbox 129 1643 133 1650; x_wconf 92' lang='lat'><em>·</em></span> <span class='ocrx_word' id='word_1_80' title='bbox 155 1627 246 1692; x_wconf 79' lang='lat' dir='ltr'>opes</span> <span class='ocrx_word' id='word_1_81' title='bbox 276 1628 386 1690; x_wconf 77' lang='lat' dir='ltr'>ponc</span> <span class='ocrx_word' id='word_1_82' title='bbox 418 1607 565 1692; x_wconf 78' lang='lat' dir='ltr'>inopes.</span> <span class='ocrx_word' id='word_1_83' title='bbox 618 1609 748 1674; x_wconf 90' lang='lat' dir='ltr'>Luditur</span> <span class='ocrx_word' id='word_1_84' title='bbox 769 1610 801 1675; x_wconf 95' lang='lat' dir='ltr'>in</span> <span class='ocrx_word' id='word_1_85' title='bbox 823 1629 916 1693; x_wconf 89' lang='lat' dir='ltr'>opum</span> <span class='ocrx_word' id='word_1_86' title='bbox 937 1611 1065 1693; x_wconf 87' lang='lat' dir='ltr'>inopum</span> <span class='ocrx_word' id='word_1_87' title='bbox 1087 1609 1221 1674; x_wconf 86' lang='lat' dir='ltr'>nomine.</span> 
     </span>
     <span class='ocr_line' id='line_1_13' title="bbox 155 1712 1221 1800; baseline 0.002 -22"><span class='ocrx_word' id='word_1_88' title='bbox 155 1713 296 1793; x_wconf 87' lang='lat' dir='ltr'>(Initium</span> <span class='ocrx_word' id='word_1_89' title='bbox 319 1712 428 1796; x_wconf 85' lang='lat' dir='ltr'>capitis</span> <span class='ocrx_word' id='word_1_90' title='bbox 450 1714 495 1778; x_wconf 91' lang='lat' dir='ltr'>sic</span> <span class='ocrx_word' id='word_1_91' title='bbox 515 1713 793 1798; x_wconf 79' lang='lat' dir='ltr'>interpungendum</span> <span class='ocrx_word' id='word_1_92' title='bbox 816 1717 879 1782; x_wconf 87' lang='lat' dir='ltr'>est:</span> <span class='ocrx_word' id='word_1_93' title='bbox 925 1715 981 1782; x_wconf 83' lang='lat' dir='ltr'>Ne</span> <span class='ocrx_word' id='word_1_94' title='bbox 1013 1735 1071 1782; x_wconf 92' lang='lat' dir='ltr'>me</span> <span class='ocrx_word' id='word_1_95' title='bbox 1101 1717 1221 1800; x_wconf 88' lang='lat' dir='ltr'>putes</span> 
     </span>
    </p>
   </div>
   <div class='ocr_carea' id='block_1_4' title="bbox 238 1819 1363 1904">
    <p class='ocr_par' dir='ltr' id='par_1_4' title="bbox 157 1819 1363 1904">
     <span class='ocr_line' id='line_1_14' title="bbox 238 1819 1363 1904; baseline 0 -21"><span class='ocrx_word' id='word_1_96' title='bbox 238 1819 299 1883; x_wconf 90' lang='lat' dir='ltr'>uti</span> <span class='ocrx_word' id='word_1_97' title='bbox 328 1819 484 1882; x_wconf 87' lang='lat' dir='ltr'>tantum</span> <span class='ocrx_word' id='word_1_98' title='bbox 516 1819 736 1904; x_wconf 73' lang='lat' dir='ltr'>praeceptis</span> <span class='ocrx_word' id='word_1_99' title='bbox 766 1822 1017 1904; x_wconf 85' lang='lat' dir='ltr'>sapientum,</span> <span class='ocrx_word' id='word_1_100' title='bbox 1049 1821 1222 1904; x_wconf 87' lang='lat' dir='ltr'>primum</span> <span class='ocrx_word' id='word_1_101' title='bbox 1359 1880 1363 1897; x_wconf 71' lang='grc'>,</span> 
     </span>
    </p>
   </div>
   <div class='ocr_carea' id='block_1_5' title="bbox 154 1922 1222 2106">
    <p class='ocr_par' dir='ltr' id='par_1_5' title="bbox 154 1922 1222 2106">
     <span class='ocr_line' id='line_1_15' title="bbox 154 1922 1222 2010; baseline 0 -21"><span class='ocrx_word' id='word_1_102' title='bbox 154 1922 321 2006; x_wconf 85' lang='lat' dir='ltr'>adspice</span> <span class='ocrx_word' id='word_1_103' title='bbox 357 1925 415 1988; x_wconf 90' lang='lat' dir='ltr'>cet.</span> <span class='ocrx_word' id='word_1_104' title='bbox 470 1923 552 1989; x_wconf 87' lang='lat' dir='ltr'>Nam</span> <span class='ocrx_word' id='word_1_105' title='bbox 586 1944 631 1990; x_wconf 90' lang='lat' dir='ltr'>ne</span> <span class='ocrx_word' id='word_1_106' title='bbox 666 1928 785 2009; x_wconf 90' lang='lat' dir='ltr'>putes</span> <span class='ocrx_word' id='word_1_107' title='bbox 821 1945 876 2010; x_wconf 89' lang='lat' dir='ltr'>pro</span> <span class='ocrx_word' id='word_1_108' title='bbox 917 1947 967 1994; x_wconf 91' lang='lat' dir='ltr'>ne.</span> <span class='ocrx_word' id='word_1_109' title='bbox 1007 1924 1222 2010; x_wconf 85' lang='lat' dir='ltr'>putaveris</span> 
     </span>
     <span class='ocr_line' id='line_1_16' title="bbox 155 2027 474 2106; baseline 0.003 -12"><span class='ocrx_word' id='word_1_110' title='bbox 155 2027 272 2094; x_wconf 87' lang='lat' dir='ltr'>Seneca</span> <span class='ocrx_word' id='word_1_111' title='bbox 293 2046 354 2093; x_wconf 91' lang='lat' dir='ltr'>uon</span> <span class='ocrx_word' id='word_1_112' title='bbox 376 2029 474 2106; x_wconf 83' lang='lat' dir='ltr'>dixit.)</span> 
     </span>
    </p>
   </div>
   <div class='ocr_carea' id='block_1_6' title="bbox 134 2156 1223 3090">
    <p class='ocr_par' dir='ltr' id='par_1_6' title="bbox 134 2156 1223 3090">
     <span class='ocr_line' id='line_1_17' title="bbox 256 2156 1219 2243; baseline 0.002 -21"><span class='ocrx_word' id='word_1_113' title='bbox 256 2157 322 2222; x_wconf 91' lang='lat' dir='ltr'>Ibd.</span> <span class='ocrx_word' id='word_1_114' title='bbox 358 2156 413 2232; x_wconf 86' lang='grc'>13,</span> <span class='ocrx_word' id='word_1_115' title='bbox 447 2158 484 2222; x_wconf 81' lang='lat'>2:</span> <span class='ocrx_word' id='word_1_116' title='bbox 527 2158 568 2224; x_wconf 89' lang='lat' dir='ltr'>Si</span> <span class='ocrx_word' id='word_1_117' title='bbox 611 2158 800 2225; x_wconf 89' lang='lat' dir='ltr'>ultimum</span> <span class='ocrx_word' id='word_1_118' title='bbox 843 2159 947 2225; x_wconf 88' lang='lat' dir='ltr'>diem</span> <span class='ocrx_word' id='word_1_119' title='bbox 990 2179 1067 2226; x_wconf 91' lang='lat' dir='ltr'>uon</span> <span class='ocrx_word' id='word_1_120' title='bbox 1103 2157 1219 2243; x_wconf 84' lang='lat' dir='ltr'>quasi</span> 
     </span>
     <span class='ocr_line' id='line_1_18' title="bbox 154 2262 1221 2350; baseline 0.006 -22"><span class='ocrx_word' id='word_1_121' title='bbox 154 2281 324 2346; x_wconf 79' lang='lat' dir='ltr'>poenam,</span> <span class='ocrx_word' id='word_1_122' title='bbox 356 2262 423 2328; x_wconf 89' lang='lat' dir='ltr'>sed</span> <span class='ocrx_word' id='word_1_123' title='bbox 451 2265 569 2347; x_wconf 85' lang='lat' dir='ltr'>quasi</span> <span class='ocrx_word' id='word_1_124' title='bbox 601 2267 752 2331; x_wconf 84' lang='lat' dir='ltr'>uaturae</span> <span class='ocrx_word' id='word_1_125' title='bbox 773 2266 907 2350; x_wconf 83' lang='lat' dir='ltr'>legem</span> <span class='ocrx_word' id='word_1_126' title='bbox 940 2264 1137 2348; x_wconf 83' lang='lat' dir='ltr'>adspicis,</span> <span class='ocrx_word' id='word_1_127' title='bbox 1178 2283 1221 2334; x_wconf 83' lang='lat' dir='ltr'>ex</span> 
     </span>
     <span class='ocr_line' id='line_1_19' title="bbox 134 2367 1221 2454; baseline 0.003 -20"><span class='ocrx_word' id='word_1_128' title='bbox 134 2385 228 2452; x_wconf 80' lang='lat' dir='ltr'>¹quc</span> <span class='ocrx_word' id='word_1_129' title='bbox 251 2369 413 2452; x_wconf 87' lang='lat' dir='ltr'>pectore</span> <span class='ocrx_word' id='word_1_130' title='bbox 436 2367 583 2433; x_wconf 89' lang='lat' dir='ltr'>metum</span> <span class='ocrx_word' id='word_1_131' title='bbox 617 2369 807 2450; x_wconf 88' lang='lat' dir='ltr'>eieceris‚</span> <span class='ocrx_word' id='word_1_132' title='bbox 839 2372 879 2436; x_wconf 93' lang='lat' dir='ltr'>in</span> <span class='ocrx_word' id='word_1_133' title='bbox 908 2371 949 2436; x_wconf 95' lang='lat' dir='ltr'>id</span> <span class='ocrx_word' id='word_1_134' title='bbox 981 2370 1139 2454; x_wconf 81' lang='lat' dir='ltr'>nuliius</span> <span class='ocrx_word' id='word_1_135' title='bbox 1161 2369 1221 2438; x_wconf 89' lang='lat' dir='ltr'>rei</span> 
     </span>
     <span class='ocr_line' id='line_1_20' title="bbox 154 2472 1223 2559; baseline 0.002 -21"><span class='ocrx_word' id='word_1_136' title='bbox 154 2474 278 2538; x_wconf 88' lang='lat' dir='ltr'>timor</span> <span class='ocrx_word' id='word_1_137' title='bbox 300 2472 469 2539; x_wconf 87' lang='lat' dir='ltr'>audebit</span> <span class='ocrx_word' id='word_1_138' title='bbox 485 2474 652 2540; x_wconf 84' lang='lat' dir='ltr'>intrare.</span> <span class='ocrx_word' id='word_1_139' title='bbox 677 2475 826 2559; x_wconf 84' lang='lat' dir='ltr'>Apparet,</span> <span class='ocrx_word' id='word_1_140' title='bbox 848 2495 908 2542; x_wconf 88' lang='lat' dir='ltr'>nen</span> <span class='ocrx_word' id='word_1_141' title='bbox 930 2478 1048 2543; x_wconf 88' lang='lat' dir='ltr'>metum</span> <span class='ocrx_word' id='word_1_142' title='bbox 1072 2477 1223 2552; x_wconf 88' lang='lat' dir='ltr'>universe,</span> 
     </span>
     <span class='ocr_line' id='line_1_21' title="bbox 156 2579 1221 2664; baseline 0.002 -20"><span class='ocrx_word' id='word_1_143' title='bbox 156 2579 212 2644; x_wconf 84' lang='lat' dir='ltr'>sed</span> <span class='ocrx_word' id='word_1_144' title='bbox 246 2582 337 2644; x_wconf 81' lang='lat' dir='ltr'>certae</span> <span class='ocrx_word' id='word_1_145' title='bbox 370 2579 415 2642; x_wconf 91' lang='lat' dir='ltr'>rei</span> <span class='ocrx_word' id='word_1_146' title='bbox 443 2579 560 2642; x_wconf 90' lang='lat' dir='ltr'>metum</span> <span class='ocrx_word' id='word_1_147' title='bbox 593 2595 663 2644; x_wconf 93' lang='lat' dir='ltr'>cum</span> <span class='ocrx_word' id='word_1_148' title='bbox 695 2581 809 2646; x_wconf 77' lang='lat' dir='ltr'>uirilius</span> <span class='ocrx_word' id='word_1_149' title='bbox 851 2583 897 2647; x_wconf 89' lang='lat' dir='ltr'>rei</span> <span class='ocrx_word' id='word_1_150' title='bbox 927 2583 1040 2648; x_wconf 87' lang='lat' dir='ltr'>timore</span> <span class='ocrx_word' id='word_1_151' title='bbox 1074 2581 1221 2664; x_wconf 87' lang='lat' dir='ltr'>componi.</span> 
     </span>
     <span class='ocr_line' id='line_1_22' title="bbox 154 2683 1222 2768; baseline 0.001 -19"><span class='ocrx_word' id='word_1_152' title='bbox 154 2685 263 2768; x_wconf 87' lang='lat' dir='ltr'>Itaque</span> <span class='ocrx_word' id='word_1_153' title='bbox 284 2683 432 2750; x_wconf 88' lang='lat' dir='ltr'>hactenns</span> <span class='ocrx_word' id='word_1_154' title='bbox 455 2684 550 2763; x_wconf 83' lang='lat' dir='ltr'>recte,</span> <span class='ocrx_word' id='word_1_155' title='bbox 589 2685 693 2766; x_wconf 90' lang='lat' dir='ltr'>quiin</span> <span class='ocrx_word' id='word_1_156' title='bbox 715 2686 780 2752; x_wconf 92' lang='lat' dir='ltr'>cod.</span> <span class='ocrx_word' id='word_1_157' title='bbox 803 2685 957 2753; x_wconf 85' lang='lat' dir='ltr'>Guelferb.</span> <span class='ocrx_word' id='word_1_158' title='bbox 980 2687 1053 2752; x_wconf 85' lang='lat' dir='ltr'>ante</span> <span class='ocrx_word' id='word_1_159' title='bbox 1074 2687 1222 2750; x_wconf 90' lang='lat' dir='ltr'>metum</span> 
     </span>
     <span class='ocr_line' id='line_1_23' title="bbox 156 2789 1222 2872; baseline 0.004 -18"><span class='ocrx_word' id='word_1_160' title='bbox 156 2790 277 2855; x_wconf 86' lang='lat' dir='ltr'>addidit</span> <span class='ocrx_word' id='word_1_161' title='bbox 310 2789 483 2866; x_wconf 78' lang='lat' dir='ltr'>mortis3·</span> <span class='ocrx_word' id='word_1_162' title='bbox 508 2796 593 2868; x_wconf 86' lang='lat' dir='ltr'>(nam</span> <span class='ocrx_word' id='word_1_163' title='bbox 619 2790 700 2872; x_wconf 87' lang='lat' dir='ltr'>apud</span> <span class='ocrx_word' id='word_1_164' title='bbox 729 2792 908 2858; x_wconf 84' lang='lat' dir='ltr'>Fickertum</span> <span class='ocrx_word' id='word_1_165' title='bbox 939 2791 1123 2859; x_wconf 89' lang='lat' dir='ltr'>adiectionis</span> <span class='ocrx_word' id='word_1_166' title='bbox 1148 2792 1222 2858; x_wconf 87' lang='lat' dir='ltr'>uota</span> 
     </span>
     <span class='ocr_line' id='line_1_24' title="bbox 153 2893 1222 2980; baseline 0.002 -20"><span class='ocrx_word' id='word_1_167' title='bbox 153 2896 225 2978; x_wconf 91' lang='lat' dir='ltr'>poni</span> <span class='ocrx_word' id='word_1_168' title='bbox 247 2895 376 2974; x_wconf 77' lang='lat' dir='ltr'>debuit).</span> <span class='ocrx_word' id='word_1_169' title='bbox 435 2893 498 2960; x_wconf 87' lang='lat' dir='ltr'>Sed</span> <span class='ocrx_word' id='word_1_170' title='bbox 525 2895 681 2978; x_wconf 89' lang='lat' dir='ltr'>probabile</span> <span class='ocrx_word' id='word_1_171' title='bbox 709 2899 774 2971; x_wconf 88' lang='lat' dir='ltr'>est,</span> <span class='ocrx_word' id='word_1_172' title='bbox 807 2897 955 2963; x_wconf 83' lang='lat' dir='ltr'>Senecam</span> <span class='ocrx_word' id='word_1_173' title='bbox 977 2895 1154 2980; x_wconf 78' lang='lat' dir='ltr'>scripsisse:</span> <span class='ocrx_word' id='word_1_174' title='bbox 1178 2915 1222 2962; x_wconf 87' lang='lat' dir='ltr'>ex</span> 
     </span>
     <span class='ocr_line' id='line_1_25' title="bbox 154 2999 1130 3090; baseline 0.001 -26"><span class='ocrx_word' id='word_1_175' title='bbox 154 3019 228 3083; x_wconf 87' lang='lat' dir='ltr'>quo</span> <span class='ocrx_word' id='word_1_176' title='bbox 250 3003 417 3084; x_wconf 87' lang='lat' dir='ltr'>pectore</span> <span class='ocrx_word' id='word_1_177' title='bbox 439 3021 520 3064; x_wconf 82' lang='lat' dir='ltr'>eom</span> <span class='ocrx_word' id='word_1_178' title='bbox 542 2999 659 3084; x_wconf 89' lang='lat' dir='ltr'>(ultimi</span> <span class='ocrx_word' id='word_1_179' title='bbox 681 3002 755 3077; x_wconf 83' lang='lat' dir='ltr'>dici)</span> <span class='ocrx_word' id='word_1_180' title='bbox 777 3007 923 3090; x_wconf 87' lang='lat' dir='ltr'>metum</span> <span class='ocrx_word' id='word_1_181' title='bbox 947 3001 1130 3069; x_wconf 86' lang='lat' dir='ltr'>sicceris.</span> 
     </span>
    </p>
   </div>
   <div class='ocr_carea' id='block_1_7' title="bbox 91 3129 1221 3829">
    <p class='ocr_par' dir='ltr' id='par_1_7' title="bbox 254 3129 1221 3218">
     <span class='ocr_line' id='line_1_26' title="bbox 254 3129 1221 3218; baseline 0.002 -23"><span class='ocrx_word' id='word_1_182' title='bbox 254 3129 320 3195; x_wconf 92' lang='lat' dir='ltr'>Ibd.</span> <span class='ocrx_word' id='word_1_183' title='bbox 339 3129 394 3218; x_wconf 65' lang='lat'>⁸19,</span> <span class='ocrx_word' id='word_1_184' title='bbox 419 3130 456 3195; x_wconf 84' lang='lat'>7:</span> <span class='ocrx_word' id='word_1_185' title='bbox 491 3131 534 3196; x_wconf 91' lang='lat' dir='ltr'>ut</span> <span class='ocrx_word' id='word_1_186' title='bbox 561 3130 798 3216; x_wconf 79' lang='lat' dir='ltr'>intelligas,</span> <span class='ocrx_word' id='word_1_187' title='bbox 831 3133 962 3217; x_wconf 82' lang='lat' dir='ltr'>magui</span> <span class='ocrx_word' id='word_1_188' title='bbox 988 3132 1109 3216; x_wconf 84' lang='lat' dir='ltr'>enimi</span> <span class='ocrx_word' id='word_1_189' title='bbox 1137 3149 1221 3198; x_wconf 88' lang='lat' dir='ltr'>csse</span> 
     </span>
    </p>

    <p class='ocr_par' dir='ltr' id='par_1_8' title="bbox 91 3235 1221 3829">
     <span class='ocr_line' id='line_1_27' title="bbox 154 3235 1128 3319; baseline 0.005 -20"><span class='ocrx_word' id='word_1_190' title='bbox 154 3235 351 3310; x_wconf 80' lang='lat' dir='ltr'>feminam,</span> <span class='ocrx_word' id='word_1_191' title='bbox 388 3254 497 3319; x_wconf 85' lang='lat' dir='ltr'>quum</span> <span class='ocrx_word' id='word_1_192' title='bbox 532 3255 607 3301; x_wconf 91' lang='lat' dir='ltr'>nou</span> <span class='ocrx_word' id='word_1_193' title='bbox 643 3236 820 3315; x_wconf 84' lang='lat' dir='ltr'>ambitio,</span> <span class='ocrx_word' id='word_1_194' title='bbox 856 3257 927 3304; x_wconf 92' lang='lat' dir='ltr'>uon</span> <span class='ocrx_word' id='word_1_195' title='bbox 958 3238 1128 3305; x_wconf 84' lang='lat' dir='ltr'>avaritia</span> 
     </span>
     <span class='ocr_line' id='line_1_28' title="bbox 91 3327 1221 3419; baseline 0.003 -14"><span class='ocrx_word' id='word_1_196' title='bbox 91 3327 93 3332; x_wconf 62' lang='grc'>’</span> <span class='ocrx_word' id='word_1_197' title='bbox 156 3341 351 3419; x_wconf 81' lang='lat' dir='ltr'>vicerunt,</span> <span class='ocrx_word' id='word_1_198' title='bbox 383 3359 454 3407; x_wconf 93' lang='lat' dir='ltr'>nou</span> <span class='ocrx_word' id='word_1_199' title='bbox 482 3342 607 3407; x_wconf 89' lang='lat' dir='ltr'>metus</span> <span class='ocrx_word' id='word_1_200' title='bbox 631 3344 773 3408; x_wconf 87' lang='lat' dir='ltr'>mortis</span> <span class='ocrx_word' id='word_1_201' title='bbox 801 3362 886 3408; x_wconf 89' lang='lat' dir='ltr'>eam</span> <span class='ocrx_word' id='word_1_202' title='bbox 915 3345 1111 3410; x_wconf 85' lang='lat' dir='ltr'>exarmata</span> <span class='ocrx_word' id='word_1_203' title='bbox 1132 3344 1221 3410; x_wconf 87' lang='lat' dir='ltr'>navi</span> 
     </span>
     <span class='ocr_line' id='line_1_29' title="bbox 154 3445 1218 3531; baseline 0.004 -22"><span class='ocrx_word' id='word_1_204' title='bbox 154 3445 404 3529; x_wconf 82' lang='lat' dir='ltr'>naufragium</span> <span class='ocrx_word' id='word_1_205' title='bbox 453 3466 562 3514; x_wconf 89' lang='lat' dir='ltr'>suum</span> <span class='ocrx_word' id='word_1_206' title='bbox 606 3450 845 3531; x_wconf 77' lang='lat' dir='ltr'>spectantem</span> <span class='ocrx_word' id='word_1_207' title='bbox 898 3449 1111 3528; x_wconf 79' lang='lat' dir='ltr'>deterruit,</span> <span class='ocrx_word' id='word_1_208' title='bbox 1159 3450 1218 3514; x_wconf 90' lang='lat' dir='ltr'>cet.</span> 
     </span>
     <span class='ocr_line' id='line_1_30' title="bbox 156 3551 1220 3640; baseline 0.004 -24"><span class='ocrx_word' id='word_1_209' title='bbox 156 3551 275 3618; x_wconf 88' lang='lat' dir='ltr'>Vitiose</span> <span class='ocrx_word' id='word_1_210' title='bbox 297 3552 434 3618; x_wconf 81' lang='lat' dir='ltr'>abundat</span> <span class='ocrx_word' id='word_1_211' title='bbox 455 3571 534 3618; x_wconf 90' lang='lat' dir='ltr'>cam</span> <span class='ocrx_word' id='word_1_212' title='bbox 556 3555 625 3636; x_wconf 91' lang='lat' dir='ltr'>post</span> <span class='ocrx_word' id='word_1_213' title='bbox 646 3571 755 3636; x_wconf 86' lang='lat' dir='ltr'>quam</span> <span class='ocrx_word' id='word_1_214' title='bbox 781 3557 814 3640; x_wconf 82' lang='lat' dir='ltr'>et</span> <span class='ocrx_word' id='word_1_215' title='bbox 836 3556 986 3639; x_wconf 84' lang='lat' dir='ltr'>aequalem</span> <span class='ocrx_word' id='word_1_216' title='bbox 1008 3554 1220 3621; x_wconf 89' lang='lat' dir='ltr'>membrorum</span> 
     </span>
     <span class='ocr_line' id='line_1_31' title="bbox 152 3656 1220 3728; baseline 0.006 -7"><span class='ocrx_word' id='word_1_217' title='bbox 152 3656 283 3722; x_wconf 85' lang='lat' dir='ltr'>formem</span> <span class='ocrx_word' id='word_1_218' title='bbox 305 3657 420 3724; x_wconf 88' lang='lat' dir='ltr'>turbat.</span> <span class='ocrx_word' id='word_1_219' title='bbox 451 3658 669 3724; x_wconf 88' lang='lat' dir='ltr'>Scribeudum:</span> <span class='ocrx_word' id='word_1_220' title='bbox 699 3678 769 3724; x_wconf 92' lang='lat' dir='ltr'>uon</span> <span class='ocrx_word' id='word_1_221' title='bbox 789 3679 831 3728; x_wconf 87' lang='lat' dir='ltr'>m.</span> <span class='ocrx_word' id='word_1_222' title='bbox 849 3661 990 3727; x_wconf 87' lang='lat' dir='ltr'>mortis</span> <span class='ocrx_word' id='word_1_223' title='bbox 1013 3661 1087 3724; x_wconf 81' lang='lat' dir='ltr'>iam</span> <span class='ocrx_word' id='word_1_224' title='bbox 1108 3681 1220 3726; x_wconf 81' lang='lat' dir='ltr'>exar-</span> 
     </span>
     <span class='ocr_line' id='line_1_32' title="bbox 152 3763 507 3829; baseline 0.003 -1"><span class='ocrx_word' id='word_1_225' title='bbox 152 3763 256 3828; x_wconf 86' lang='lat' dir='ltr'>mata</span> <span class='ocrx_word' id='word_1_226' title='bbox 278 3764 365 3829; x_wconf 82' lang='lat' dir='ltr'>naui</span> <span class='ocrx_word' id='word_1_227' title='bbox 387 3763 507 3829; x_wconf 82' lang='lat' dir='ltr'>nauir.</span> 
     </span>
    </p>
   </div>
   <div class='ocr_carea' id='block_1_8' title="bbox 0 0 1491 4648">
    <p class='ocr_par' dir='ltr' id='par_1_9' title="bbox 0 0 1491 4648">
     <span class='ocr_line' id='line_1_33' title="bbox 0 0 1491 4648; baseline 0 0"><span class='ocrx_word' id='word_1_228' title='bbox 0 0 1491 4648; x_wconf 95' lang='lat' dir='ltr'> </span> 
     </span>
    </p>
   </div>
  </div>
 </body>
</html>
