2924 4660
635 250 747 308 Gallius.
1124 249 1185 314 605

192 493 194 500 r
263 453 330 517 led.
365 451 463 528 6,⁴5:
497 443 620 517 donari
654 474 741 526 nov,
773 454 945 533 inquam,
1069 443 1229 536 ταύτης

134 563 135 566 ’
160 562 236 643 τῆς
259 559 551 642 πολυμαθίας.
596 556 707 634 Sorib„
729 558 765 622 ut
785 556 1004 634 sententioso,
1025 550 1147 624 ὄναιό
1169 579 1228 625 ov.

264 665 331 730 Lib.
376 665 449 742 XV,
493 665 530 740 5,
575 662 611 728 3:
663 662 928 728 urbanissime
973 666 1229 749 reapondisse

160 776 387 856 praetorem,
439 789 511 835 non
555 769 753 835 indoctum
796 769 938 847 virum,
990 769 1230 837 barbasoulo

161 877 316 944 cuidam
355 895 396 942 ax
441 877 723 942 advocatorum
767 877 891 941 turba.
936 875 1265 941 Saribbarbart.

161 982 311 1046 uaoulo.
446 987 448 992 ’

265 1089 332 1154 Ibd.
357 1090 386 1166 7,
411 1089 426 1149 1
451 1086 647 1152 seribendum
671 1090 733 1152 est:
756 1105 838 1152 enm
861 1089 1036 1170 periculo
1060 1091 1096 1154 et
1118 1089 1230 1155 clade
1299 1076 1302 1081 ’

163 1197 303 1280 aliqua
324 1192 462 1260 venire
493 1195 561 1258 aut
583 1194 762 1275 corporis
783 1195 908 1257 morbi
928 1201 995 1278 (pro
1015 1196 1231 1281 morbique)

163 1301 362 1386 gravioria
395 1303 461 1366 aut
489 1300 580 1365 vitae
613 1299 805 1364 interitus
835 1302 901 1364 aut
922 1300 1232 1386 animiaegritn-

163 1409 281 1474 dinis.
351 1405 477 1488 Corpus*
511 1406 695 1488 morbusque
727 1405 831 1488 inepta
864 1406 1099 1490 coniunguntur,
1147 1410 1231 1474 reate

166 1531 285 1595 eorpus,
306 1513 384 1589 ¹nita,
406 1511 527 1576 animus
550 1527 586 1574 ex
608 1528 693 1594 aequo
717 1512 879 1593 ponuntur,
901 1513 977 1578 item
994 1515 1128 1589 morbus,
1149 1517 1232 1580 inte-

164 1620 251 1694 ritus,
274 1616 469 1702 aegritudo.¹)
1135 1608 1138 1614 ’

188 1787 190 1790 ,
267 1723 335 1790 Ibd.
357 1723 407 1799 30,
430 1722 449 1784 6
472 1723 553 1806 quod
575 1724 733 1790 scribitur:
770 1726 1011 1808 petorritnm
1044 1727 1144 1792 enim
1173 1730 1233 1793 eat

166 1850 239 1896 non
277 1849 319 1896 ex
353 1830 501 1897 Greeoia
544 1828 814 1908 dimidiatum,
857 1832 923 1896 sed
965 1835 1086 1898 totum
1122 1835 1233 1898 traua

62 1961 65 1967 ·
166 1937 345 2020 Alpibus,
368 1935 541 2002 faciendum
560 1935 871 2020 Iranealpe'oam,
894 1938 1233 2022 quodvideoiamaute

165 2043 358 2110 Gronovium
392 2041 575 2126 quibusdam
610 2042 772 2123 placuisse·
828 2044 908 2122 Quid
937 2044 1014 2110 illud
1035 2048 1144 2110 trans
1166 2045 1234 2109 Al-

123 2153 125 2157 ’
165 2151 279 2234 pibus
301 2150 421 2214 iuvetur
443 2148 547 2214 addito
582 2151 729 2226 ortum,
767 2153 802 2216 ut
833 2149 909 2215 faoit
930 2151 1083 2225 Hertzius,
1109 2167 1234 2232 prorsus

99 2263 100 2266 ’
166 2275 227 2322 non
251 2255 403 2338 intelligo.

267 2361 333 2426 Lib.
357 2361 447 2437 XVI,
481 2360 517 2439 4,
551 2360 571 2421 4
602 2361 644 2437 (in
668 2360 765 2428 Ginoii
786 2362 902 2444 verbis)
923 2381 976 2445 pro
1000 2381 1047 2436 eo,
1069 2361 1149 2446 quod
1170 2361 1235 2426 edi·

156 2471 233 2533 tur:
269 2468 351 2530 tum
374 2484 413 2530 ae
436 2464 652 2546 postridie,
675 2485 787 2549 quam
808 2487 876 2550 per
897 2485 961 2532 aas
984 2485 1120 2532 cenans
1141 2467 1235 2532 liee-

167 2573 243 2647 bit,
268 2591 310 2636 eo
334 2570 394 2635 die
417 2574 618 2636 venturum
635 2573 940 2656 adiuturumque
962 2574 1130 2656 eum,qui
1152 2593 1235 2638 eum

167 2697 309 2762 pagum
426 2677 637 2762 delegerit,
667 2676 861 2743 scribendum
884 2681 932 2744 est
953 2679 1235 2762 adiuturumque

169 2803 252 2848 eum
290 2782 364 2854 tnud
403 2783 469 2848 siah
502 2783 552 2849 bei
585 2783 777 2866 domionigen
821 2785 966 2862 melden).
1001 2784 1236 2860 ,Adiuvanduu
1315 2833 1316 2836 ,

169 2890 221 2973 qui
243 2889 398 2954 dolentum
420 2888 578 2968 habuerat,
602 2909 662 2955 non
684 2894 839 2968 arataeo
859 2891 892 2956 id
913 2891 1040 2956 durabat
1061 2889 1162 2955 miles.

270 2993 337 3059 Ibd.
361 2993 410 3072 19,
432 2995 451 3058 9
474 2995 684 3060 scribendum:
730 2995 801 3061 Sed
823 3017 881 3059 eor
904 2995 1140 3073 Corinthios,
1162 2995 1236 3061 ho·

167 3101 272 3166 mine
306 3105 468 3184 eeoepto
505 3104 672 3187 navique
707 3103 744 3167 in
776 3103 900 3168 altum
936 3103 1140 3186 proveeta,

168 3207 322 3290 oopiaae
345 3209 555 3274 eonsilium
578 3211 636 3275 oet.
680 3208 805 3274 editu:
843 3209 916 3275 Sed
940 3227 982 3274 eo
1005 3207 1236 3275 Corinthios

168 3313 348 3391 homine,
371 3316 551 3397 pronomina
573 3333 667 3398 praue
688 3315 799 3398 ponito.
859 3353 860 3356 =

169 3541 370 3550 ——-———--—-

197 3665 220 3760 3)
240 3695 271 3747 In
291 3695 418 3748 lemmata
437 3708 493 3760 cap.
515 3694 547 3747 18
566 3690 699 3746 mirabilis
723 3691 770 3746 ille
797 3707 884 3746 remex
902 3691 1110 3762 (cuiuspiam
1140 3692 1238 3746 remi·

243 3787 313 3854 gis,
333 3802 394 3840 oum
421 3785 449 3838 in
477 3784 535 3854 ipso
564 3785 651 3852 capite
679 3800 720 3854 rea
747 3785 870 3838 narretur
889 3784 921 3838 de
941 3783 1063 3838 Cornelio
1091 3782 1237 3850 sacerdote)

242 3881 317 3931 ortus
336 3884 385 3946 eet,
414 3877 669 3946 nescioquomodo,
689 3893 721 3931 ex
739 3878 913 3931 annotatione
942 3877 1054 3946 antiqua
1084 3875 1236 3945 marginali,
1262 3900 1265 3907 ·

241 3970 294 4039 qua
312 3969 545 4039 comparabantur,
575 3985 633 4042 qun
658 3969 728 4039 apud
752 3969 904 4024 Ciceronem
929 3969 962 4023 de
981 3968 1064 4026 divin.
1093 3973 1113 4035 1,
1142 3971 1177 4026 68
1203 3968 1237 4024 de

200 4109 202 4113 ,
242 4064 343 4131 remige
362 4061 510 4116 Rhodiensi
528 4063 681 4116 narrantur.
791 4087 794 4094 ¹
1211 4065 1212 4069 ’
