2918 4636
297 265 357 332 126
655 268 717 324 uio.
734 268 783 325 vr.
811 265 876 339 esp.
895 267 946 324 iri

257 468 499 553 intelligeretur,
519 464 695 532 estenderet
714 466 885 532 subieotum
908 467 1022 545 adano
1057 470 1088 532 et
1116 467 1216 534 estin
1238 469 1323 536 eodi-

255 575 341 641 eibus
363 575 474 650 (etiam
495 572 534 653 Ε)
557 571 621 634 ait.
679 571 717 636 In
745 571 847 654 priore
876 571 969 636 etiam
1000 591 1108 640 verens
1134 577 1221 658 perte
1241 576 1274 640 ll-
1287 578 1321 642 et

257 680 310 746 alii
331 680 454 752 menae,
486 679 592 744 eontra
616 696 720 742 versus
741 678 853 764 legem,
887 676 942 743 sed
963 678 1109 744 mendum
1135 681 1321 759 induentes,

255 786 335 870 quod
356 785 402 852 sio
423 783 593 850 tollendum
615 785 678 849 eet:
797 824 804 836 ·

455 890 552 955 Perea
572 905 699 965 somnes
712 905 775 952 nou
795 885 858 954 erit
877 890 963 956 volis
981 909 1071 974 epua3

456 995 559 1065 aderit
579 1009 720 1071 novemb,
741 997 799 1058 eet

355 1100 422 1173 lbd.
453 1099 525 1174 384,
559 1099 613 1165 ubi
633 1099 827 1164 vernantium
844 1085 1008 1176 'siluarum
1041 1101 1140 1168 forma
1168 1103 1320 1180 landatur,

255 1205 311 1274 sed
347 1207 451 1272 hieme
483 1207 518 1270 at
548 1205 785 1288 tempestatibus
818 1205 919 1288 perire
955 1205 1031 1272 dioit
1016 1207 1086 1284 tur,
1127 1208 1320 1279 scribendum

254 1312 391 1378 videtm:

389 1419 435 1486 Ut
456 1418 526 1482 bata
546 1424 613 1500 (pro
635 1414 710 1485 abal
732 1415 825 1482 silves
845 1417 945 1481 forma
965 1355 1130 1482 vernantes
1151 1417 1255 1484 habet.

355 1523 422 1592 lbd
446 1523 533 1586 902·
723 1561 726 1568 ,

357 1628 392 1694 Si
413 1629 476 1694 to
467 1647 535 1712 rpea
555 1629 695 1704 demnas,
716 1627 833 1694 seelera
856 1629 903 1693 te
910 1628 1023 1694 misera
1041 1629 1161 1714 arguis

255 1737 355 1802 Reate
371 1735 526 1803 Heinsius
541 1735 651 1812 senon,
685 1734 761 1798 nihil
788 1753 855 1800 oeae
876 1731 983 1798 melem
1014 1733 1168 1820 aliquem
1182 1753 1318 1820 neposne.
1415 1761 1420 1776 ·

253 1842 317 1910 bed
339 1859 402 1908 nno
421 1839 564 1909 addenda
583 1839 706 1918 lineola,
730 1841 766 1903 ut
786 1839 842 1904 sits
938 1879 941 1886 ·

658 1947 772 2011 seelera
794 1949 826 2010 te
848 1945 991 2008 miseram
1012 1947 1128 2030 arguis,
1170 1983 1173 1988 ·

255 2053 311 2120 hoe
333 2055 391 2132 est,
413 2052 517 2138 arguis
540 2053 572 2117 te
595 2052 709 2118 seelera
731 2057 766 2118 et
786 2052 877 2134 eulpa
897 2051 1045 2121 miseram
1063 2071 1145 2120 esse.

356 2159 423 2226 lod
444 2158 539 2223 9432*

590 2264 722 2342 Scelere,
744 2283 810 2347 quae
833 2264 974 2348 quisquo
984 2267 1150 2344 aasusest,

388 2372 437 2437 hie
460 2370 560 2434 vineit
579 2387 670 2435 error
1008 2410 1011 2420 ·

254 2478 415 2546 Sententia
451 2480 484 2542 et
513 2476 665 2544 sermonis
697 2477 747 2541 len
768 2473 918 2559 postulet:
952 2493 1019 2558 qna
1053 2476 1217 2561 quiequam
1250 2488 1318 2554 (ir-n

256 2591 409 2669 quamla
431 2601 459 2650 e.

353 2690 420 2757 lud.
446 2688 543 2754 1007:
1096 2720 1099 2729 ⁴

389 2797 538 2876 Quanam
559 2793 621 2863 ista
641 2797 786 2876 torquens
808 2809 907 2878 angue
928 2792 1052 2876 viperee
1075 2809 1194 2860 aemam

388 2899 578 2984 temporibus
602 2903 686 2964 atras
708 2898 856 2983 squalidis
878 2899 991 2981 pinnas
1012 2899 1133 2982 quatit?

362 3005 566 3089 Temporibus·
579 3005 694 3088 pinnae
721 3014 842 3088 panum
863 3003 940 3072 setis
960 3005 1036 3070 dure
1058 3005 1183 3084 eloim,
1207 3005 1273 3072 eod.
1294 3005 1318 3070 ll

254 3131 309 3194 pre
330 3121 415 3172 atrae
436 3111 530 3176 habet
550 3109 661 3175 basma
705 3109 834 3176 Videtur
854 3110 965 3176 inissa:
1292 3131 1297 3140 ·

398 3216 587 3299 temporibus
615 3227 704 3300 aptae
724 3215 874 3300 squalidis
896 3215 1006 3301 pinnas
1028 3218 1150 3302 quatita

257 3322 338 3401 Quid
359 3324 391 3388 in
413 3343 513 3406 oopus
534 3323 643 3400 subsit,
665 3341 727 3388 nen
749 3324 875 3407 reperio.

355 3426 424 3493 Ibd.
450 3428 546 3492 1179:
617 3475 620 3486 .

655 3535 820 3602 Heraulem
844 3537 980 3614 vestrum
1003 3538 1103 3620 plaoet

461 3644 559 3706 morte
580 3642 693 3708 ferire?
738 3641 841 3721 Diras,
864 3661 891 3722 o,
914 3643 1000 3708 nobis
1022 3642 1129 3725 pudor,

454 3749 585 3829 oturpe
607 3748 722 3814 latum!

356 3851 406 3918 Sic
428 3853 463 3932 Il,
497 3871 552 3935 pro
581 3873 640 3938 quo
674 3853 753 3938 quod
785 3873 882 3937 nuper
914 3855 1117 3922 substitutum
1153 3857 1201 3922 est
1219 3855 1321 3940 perire

256 3960 390 4040 inantea,
412 3960 680 4042 transpositionem
703 3979 773 4026 enm
798 3945 912 4044 dupliai
933 3961 1102 4028 mutatione
1117 3981 1227 4046 parum
1251 3979 1320 4047 pro·

256 4066 398 4160 habiliter
420 4066 616 4132 ooniunotnm
638 4067 742 4134 habet.
787 4066 902 4150 Opinon
924 4067 1118 4134 renitendum
1141 4087 1224 4135 osse:
