2938 4630
595 285 742 342 'Horatius
1122 281 1162 346 53

133 501 262 548 aeneum
295 501 356 546 nou
373 470 540 548 efficerent
565 501 622 548 neo
647 482 721 548 terri
740 483 881 564 possent,
920 481 994 546 duos
1016 500 1140 559 versus,
1171 481 1204 546 iu

138 587 251 670 ¹‹pribue
271 587 441 664 laboratur,
462 586 590 670 peperit.
605 587 630 662 1)
1100 597 1107 626 ·

237 693 371 777 Reliqua
380 692 485 758 ordine
493 709 719 774 persequemur.
742 693 993 774 Itaqueprirnum
1008 691 1202 776 attingemus

238 799 344 864 carm.
368 796 467 874 l,32,
489 795 529 858 13
550 816 633 880 sqq.:
943 850 947 858 ,

341 903 366 968 0
389 903 482 968 docus
503 899 615 970 Pboebi
636 903 669 966 et
688 903 818 985 dapibus
840 905 975 985 supremi

339 1011 428 1092 grata
449 1010 571 1076 testudo
592 1009 688 1082 Jovis,
709 1027 726 1074 o
747 1009 885 1074 laborum

340 1114 430 1180 dulce
452 1115 596 1188 lenimen,
618 1113 696 1178 mibi
718 1131 838 1196 cunque
860 1114 944 1180 salve

748 1219 808 1286 rite
830 1221 960 1287 uocanti.

135 1445 339 1456 *ί*-

169 1597 193 1668 1)
210 1597 359 1654 Additurue
379 1611 451 1650 eram
472 1594 548 1648 aliud
566 1596 714 1664 exemplum
734 1595 848 1663 strophe
866 1597 975 1666 propter
994 1595 1073 1649 unius
1082 1592 1205 1648 vocabuli

212 1688 337 1744 mendum
355 1687 488 1742 damnate
507 1687 596 1756 idque,
616 1687 688 1756 quod
704 1685 789 1753 doleo,
819 1687 929 1757 abipso
948 1686 1075 1757 Hauptio,
1096 1687 1142 1756 qui
1161 1687 1204 1740 bis

209 1781 313 1836 duobus
336 1782 445 1835 omnino
463 1780 538 1843 locis,
566 1780 679 1834 sirecte
703 1779 816 1846 amendi,
843 1779 1072 1850 Peerlkampiaure
1090 1780 1203 1849 suspici-

208 1874 269 1929 onis
297 1873 454 1927 sooietetem
484 1887 537 1926 non
569 1871 684 1941 sprevit3
730 1872 777 1926 sed
803 1873 832 1927 id
862 1889 922 1928 eum
949 1873 977 1927 in
1003 1871 1099 1926 sobolis
1124 1885 1204 1939 orpo-

209 1965 330 2031 euissem,
361 1965 515 2022 admonitus
538 1981 606 2030 sum,
625 1964 705 2034 paulo
735 1967 812 2020 ante.
826 1966 947 2035 Ieepium
976 1979 1068 2020 verum
1095 1962 1204 2017 vidisse.

142 2119 146 2126 ,
211 2056 283 2112 Nam
303 2057 331 2112 in
352 2057 416 2114 libri
439 2059 553 2114 Iearm.
572 2061 589 2114 2
606 2057 715 2126 propter
733 2055 905 2112 intolerabile
932 2056 1004 2112 illud
1034 2057 1117 2132 audine
1142 2059 1205 2110 ciues

212 2153 306 2204 ucubee
319 2154 415 2218 serrum
434 2148 517 2223 (quod
535 2149 668 2204 debebant
687 2164 750 2202 sane
768 2149 839 2202 circs
857 2148 950 2215 faeere,
965 2149 989 2204 si
1007 2150 1140 2204 inPersas
1155 2149 1204 2203 illo

208 2241 285 2294 usuri
294 2245 384 2310 erant;
395 2259 457 2296 nam
468 2246 528 2294 inter
540 2263 564 2294 ee
578 2258 630 2296 non
640 2241 727 2308 magis
737 2239 824 2294 audiri
834 2244 923 2309 potest
933 2258 1012 2311 quam
1023 2254 1106 2294 enarra
1117 2243 1204 2296 Gallos

208 2333 257 2386 aut
273 2337 367 2387 contra
379 2335 499 2406 quosvis)
513 2337 599 2388 totum
609 2333 746 2402 stropham
758 2334 794 2402 (v,
804 2335 918 2394 21-25)
933 2331 1103 2398 damnarunt,
1115 2333 1203 2398 obliti,

209 2426 249 2478 sic
266 2427 353 2495 perire
372 2441 477 2480 omnem
496 2427 602 2480 sceleris
621 2427 704 2489 illius,
724 2424 795 2493 quod
806 2425 936 2479 Horatius
955 2429 1025 2484 v.29
1044 2427 1204 2497 expiandum

208 2518 290 2582 dicit,
335 2519 567 2587 significationem.
603 2517 710 2587 Ieepius
742 2517 887 2579 intellexit,
920 2517 1062 2574 Horatium
1094 2519 1201 2586 dixisse,

209 2610 318 2674 ferrum,
347 2626 400 2680 quo
419 2611 515 2666 melius
533 2611 620 2664 Persa
639 2611 764 2679 perirent,
784 2613 893 2676 rapuisse
923 2613 952 2664 et
969 2611 1096 2666 occidisse
1122 2613 1201 2676 eires,

203 2704 348 2772 aptissime
368 2703 509 2758 contrariis
534 2703 630 2773 positis
648 2703 751 2757 civibus
777 2705 804 2756 et
822 2704 920 2758 Persis.
957 2703 1014 2774 Ego
1032 2704 1135 2772 pridem
1145 2709 1203 2772 ser-

210 2816 260 2848 rum
283 2796 438 2851 subiectum
466 2810 523 2850 esse
550 2793 677 2858 videram,
706 2795 824 2850 noudum
841 2795 933 2864 ipsum
952 2795 1062 2850 verbum
1079 2811 1203 2864 reppere-

208 2904 275 2954 ram,
294 2889 342 2944 sed
358 2888 448 2952 initio,
468 2887 676 2941 cumsecaissein
695 2889 948 2953 mentemvenieset,
967 2888 1035 2942 mihi
1050 2904 1103 2942 uon
1121 2888 1202 2942 eatis·

196 2979 348 3036 ¹faciebam.
377 2962 463 3034 ⁴Hunc
481 2995 637 3034 consensum
655 2978 841 3034 confirmanda
860 2981 1056 3036 emendationis
1074 2997 1154 3036 cauea
1172 2996 1203 3035 eo

207 3073 297 3142 magis
327 3089 508 3136 commemoro,
537 3073 606 3142 quod
632 3073 661 3126 in
692 3071 796 3127 talibus
825 3074 892 3128 locis
921 3074 1068 3128 difficulter
1095 3073 1203 3128 veritati

206 3165 369 3222 conceditur.
397 3167 487 3221 Unum
504 3165 609 3220 addam.
640 3165 753 3218 Prorsus
771 3166 891 3232 concedo,
911 3167 940 3220 in
958 3167 1021 3222 libr.
1035 3167 1073 3220 IV
1086 3169 1203 3223 carm.4

208 3272 235 3311 v.
262 3259 367 3316 18-22
394 3260 504 3313 minime
527 3259 598 3314 reete
623 3257 726 3312 iudicio
752 3257 786 3312 ab
805 3259 916 3314 Horatio
936 3259 1121 3328 interpositam
1146 3274 1203 3312 esee

200 3350 309 3404 securis
336 3351 489 3406 Amazonia
516 3349 589 3420 apud
617 3350 770 3406 Vindelicos
795 3353 902 3406 usitatae
930 3352 1101 3406 mentionem.
1151 3349 1204 3405 Sed

200 3445 300 3496 'tumen
330 3444 483 3513 intelligere
513 3457 634 3514 possum,
666 3443 713 3512 qui
740 3444 855 3498 Horatio
874 3444 958 3498 alium
980 3445 1092 3498 fortasse
1121 3444 1204 3512 serip-

209 3537 294 3590 torem
311 3530 436 3605 tangenti
455 3538 503 3592 hee
520 3537 691 3606 interponere
708 3537 871 3592 tumentem
889 3537 1011 3602 venerit;
1031 3539 1077 3606 qui
1097 3536 1204 3592 Horatii

210 3629 314 3691 lectori,
325 3629 505 3699 cuiuscunque
515 3631 539 3684 is
551 3631 679 3700 temporis
691 3629 813 3698 fingitur,
824 3629 936 3684 libuerit
945 3629 995 3685 boe
1003 3647 1112 3699 operose
1120 3631 1204 3685 versi-

144 3743 149 3760 ·
209 3719 261 3773 bue
270 3721 488 3789 comprehensum
495 3721 642 3778 Horatiano
652 3723 763 3776 carmini
773 3721 917 3799 includere,
930 3738 964 3776 ue
975 3724 1085 3792 stropha
1094 3722 1204 3792 quidem

206 3815 269 3868 tota
286 3813 386 3879 addita,
406 3814 454 3868 sed
470 3816 526 3869 suis
544 3814 638 3869 media
652 3815 768 3883 stropha
787 3814 930 3868 artificiose
949 3815 1110 3880 intertextis,
1130 3829 1204 3882 pror-

202 3922 256 3961 ·eus
283 3923 337 3962 nou
363 3908 496 3978 intelligo.
538 3909 635 3976 Itaque
659 3923 692 3960 ne
717 3908 849 3962 mirentur
867 3923 934 3961 uere
953 3906 1129 3969 offendantur,
1148 3921 1203 3960 rem

209 3999 305 4053 multis
331 4001 454 4069 partibus
481 3999 673 4055 mirabiliorem
692 3999 808 4070 fingunt,
840 3999 887 4054 sed
905 3999 938 4053 ad
957 3999 1006 4052 boc
1025 4014 1103 4051 cuum
1121 3997 1203 4052 mira·

209 4094 300 4148 culum
320 4107 427 4161 prorsus
445 4093 596 4148 connivent.
642 4165 653 4176 ,
