2956 4648
301 297 363 364 534
660 297 921 370 munnae-av.

257 499 423 576 vellelum,
445 497 581 564 Plinium
602 497 676 562 mai.
702 496 777 574 (vid
789 496 967 564 Boetliaheri
987 499 1047 565 lex.
1060 499 1160 564 Tacit
1181 520 1212 583 p.
1239 501 1319 577 116),

258 605 408 674 Senecam
439 611 499 688 (cp.
523 605 551 682 7,
589 603 623 680 6)
657 603 860 686 reperiuntur.
917 603 1003 687 (Ipse
1034 603 1085 669 hio
1112 625 1187 672 naun
1212 625 1322 690 parum

256 689 416 797 perspicite
449 712 617 784 enarratur,
650 709 745 774 01100]
768 710 808 774 ab
838 709 950 774 Heraeo
981 710 1019 774 ad
1041 711 1113 776 Tac.
1146 711 1220 777 hist.
1242 713 1269 791 Ι,
1291 713 1322 779 9.

257 817 347 898 Quod
370 819 491 900 potarat
512 817 557 882 sic
577 815 656 880 dici:
681 815 788 888 „Adeo
815 817 873 882 hoc
904 833 964 881 non
994 815 1062 881 fiori
1082 820 1194 900 potest
1226 821 1321 884 utne

244 921 335 996 ,illud
356 923 479 1007 quidem
501 923 631 1005 poeait“,
653 923 698 986 sic
719 921 922 987 convertitur:
945 922 1013 1000 „No
1023 923 1101 989 illud
1111 924 1235 1007 quidem
1254 925 1322 990 fieri

256 1029 369 1114 pateat,
391 1028 467 1096 adeo
487 1029 544 1094 hoc
566 1045 623 1093 non
637 1031 791 1112 ¹potent“)

358 1133 424 1199 Ibd.
447 1131 486 1196 31
509 1134 555 1212 (7,
577 1132 646 1214 ast:
690 1133 768 1199 Rex
788 1135 939 1200 iussum
964 1133 1165 1199 confidere
1191 1135 1323 1200 felici·

256 1238 1320 1324 101100000011011001110101011000000000101011000.

256 1342 308 1410 Sic
331 1345 403 1411 boni
431 1345 564 1420 codicem
596 1345 774 1429 interpolati
804 1347 888 1412 recte
919 1344 1129 1424 felicitati3
1162 1365 1216 1430 pro
1237 1348 1322 1413 ius-

256 1467 339 1517 tum
361 1451 556 1518 Muotzollius
579 1451 657 1515 bene
683 1451 803 1517 iussit
825 1470 921 1528 eum;
945 1454 1082 1516 externa
1113 1452 1249 1518 nondum
1271 1473 1322 1519 sa-

257 1560 436 1636 natuerat,
460 1577 527 1640 quae
560 1557 605 1622 sic
636 1557 728 1622 scribi
750 1557 877 1623 debent:
1002 1556 1205 1624 felicitati
1226 1579 1321 1637 suae3

256 1663 353 1726 tatto
386 1665 463 1731 cibi
496 1663 540 1728 ad
574 1663 742 1747 gloriam
776 1661 985 1728 concedere
1018 1662 1116 1727 deos.
1176 1664 1321 1731 normam

256 1767 417 1834 sententia
442 1768 562 1834 viderat
583 1767 713 1851 leepiuo,
734 1767 790 1833 aod
802 1767 913 1833 incidit
932 1767 966 1831 in
990 1767 1172 1834 vocabulum
1193 1770 1321 1836 minimo

256 1877 362 1957 aptum
385 1874 563 1953 (fatalia).

355 1979 423 2046 Lib.
461 1980 555 2059 vill,
595 1979 636 2044 39
676 1981 747 2057 (11,
791 1981 840 2060 5):
885 1979 959 2046 Hoc
994 1979 1092 2044 enim
1130 1981 1320 2061 circuitu,

256 2083 318 2168 qui
350 2084 541 2152 fallerent
573 2085 739 2159 hostem,
782 2083 819 2148 in
852 2101 1035 2149 summum
1067 2085 1201 2169 iugum
1229 2088 1321 2169 pla-

256 2188 368 2254 cebat
401 2193 574 2257 evadere.
633 2191 698 2260 Scr.
732 2191 794 2274 qui
821 2188 1000 2274 falleret.
1050 2189 1240 2258 devenerat
1261 2193 1319 2258 hoc

257 2311 375 2380 quoque
397 2295 607 2364 Freinshemio
628 2296 662 2362 in
683 2297 864 2373 montom)

354 2401 421 2468 tib.
452 2403 509 2481 IX,
544 2401 582 2466 13
616 2401 660 2482 (3,
694 2401 762 2478 ali:
805 2401 914 2468 Inter
945 2401 1023 2468 haec
1052 2401 1232 2468 Memnon

254 2506 429 2590 equitum
450 2509 478 2574 V
499 2509 623 2587 milia,
645 2510 785 2592 praetor
806 2526 868 2573 eoo
890 2507 935 2572 ab
956 2507 1124 2590 Harpalo
1144 2510 1319 2592 peditum

189 2600 192 2611 '
254 2611 325 2678 VII
359 2614 471 2680 milia
502 2613 734 2687 adduxerat,
767 2631 945 2697 armaque
966 2613 1067 2677 XXV
1096 2613 1206 2680 milia
1228 2635 1318 2680 auro

254 2717 294 2782 01
314 2719 474 2802 urgento
496 2720 630 2786 caelata
659 2721 885 2804 pertulerat.
929 2719 1068 2784 Debobat
1089 2737 1175 2787 ease:
1198 2711 1338 2789 armo·

253 2839 411 2906 rumque
533 2825 751 2891 celatorum
775 2825 821 2902 (ut
842 2843 928 2889 arma
949 2824 1214 2908 intelligerentur,
1250 2847 1317 2911 quae

254 2927 292 2993 od
331 2929 468 3014 singulos
502 2928 641 2995 homines
675 2928 838 2994 armandos
860 2931 1062 3013 pertinerent,
1099 2929 1316 3014 Rccotunyoo).

254 3033 470 3101 Scribonium:
492 3034 591 3100 XXV
614 3034 795 3100 millibus.

354 3137 423 3206 Ibd.
455 3141 495 3203 41
531 3137 599 3220 (10,
634 3140 703 3215 18):
749 3140 922 3206 Omnium
958 3160 1084 3206 rerum
1116 3140 1201 3206 sola
1233 3141 1317 3206 for-

252 3243 477 3330 tllisregio
500 3248 577 3324 ost,
614 3246 653 3312 in
676 3265 747 3329 qua
779 3246 930 3312 stativa
951 3247 1104 3321 hebuit,
1138 3248 1317 3311 utvexa·
1459 3325 1460 3336 2

252 3349 488 3418 toomilitas
522 3352 864 3436 quietefirmarot.
915 3351 1098 3434 comptum
1133 3371 1202 3418 0000
1230 3353 1316 3417 sola

252 3456 451 3524 manifestum
479 3461 539 3535 001,
577 3458 631 3526 sod
663 3453 744 3544 quod
771 3475 790 3522 a
822 3457 922 3542 Ieepio
954 3459 1111 3539 sumptum
1146 3457 1316 3523 Hediokius

254 3685 449 3698 ...-——..

280 3831 303 3902 ¹)
321 3833 402 3892 (141
421 3837 475 3903 (11,
493 3837 541 3900 95)
570 3835 726 3906 Zumptium
751 3835 854 3891 litteris
881 3835 971 3891 missia
996 3833 1140 3890 lateralia
1158 3849 1315 3889 monueram

261 3995 266 4006 ·
321 3926 490 3984 scribendum
529 3943 587 3983 0000
622 3947 679 3996 quo
714 3928 838 3984 antire.
901 3926 981 4006 Apud
1010 3925 1172 3982 Hediekinm
1203 3929 1315 3982 retentae

322 4035 408 4090 pravae
426 4019 544 4076 codicum
563 4020 701 4090 scripture
720 4021 840 4091 Zumptii
858 4035 955 4076 nomen
972 4017 1142 4083 adscribitur,
1161 4019 1317 4074 coniectura

321 4115 449 4184 unqmm
467 4111 589 4170 codicum
607 4108 906 4182 scriptura‘annotatur.
