2938 4630
551 1390 678 1466 Liber
703 1390 781 1481 VI,

301 1521 353 1604 qui
374 1521 552 1588 Latinarum
575 1522 823 1588 emendationum
845 1521 962 1603 primns
984 1523 1042 1588 est.

601 1685 685 1769 Cap.
708 1689 733 1751 Ι.

245 1836 430 1916 Emendantnr
449 1836 571 1901 Plautus,
592 1837 742 1904 Terentius,
762 1837 922 1907 (Lueretius,
944 1838 1087 1906 Catullus).

237 1951 307 2016 Uno
329 1951 429 2032 eapite
450 1969 510 2015 non
529 1951 645 2031 prolixo
667 1951 884 2034 comprehendi
904 1953 1050 2034 possunt,
1072 1971 1139 2036 quse
1161 1952 1200 2016 ad

131 2058 243 2137 poetas
267 2056 402 2139 Augusti
435 2055 526 2118 aetate
546 2055 674 2137 priores,
705 2076 832 2140 quornm
854 2075 946 2138 opera
968 2059 1097 2130 exstant,
1131 2076 1201 2138 pro·

132 2159 265 2224 terenda
286 2159 358 2224 mihi
380 2160 458 2224 sunt.
495 2161 541 2224 En
557 2160 595 2224 iis
618 2161 763 2226 Plantam
785 2162 848 2246 legi
870 2162 1056 2240 adolescens,
1077 2164 1201 2226 uttam

135 2261 265 2342 lioebat,
286 2284 346 2329 non
367 2264 573 2348 indiligenter,
597 2265 724 2348 eiusque
745 2263 886 2331 lectionis
910 2287 978 2332 enm
1000 2267 1113 2333 veteris
1135 2281 1200 2331 ser-

138 2370 240 2434 monis
278 2369 491 2434 observatione
516 2371 682 2434 ooninnotae
704 2370 818 2436 indic-ia
848 2373 943 2437 habet
974 2372 1141 2454 disputatio
1164 2371 1200 2436 de

139 2474 308 2538 formarum
339 2475 529 2556 quarundam
558 2475 645 2540 verbi
665 2475 769 2540 Latini
790 2477 900 2542 natura
921 2479 952 2540 et
972 2495 1039 2545 neu,
1062 2496 1081 2540 a
1102 2495 1151 2540 me
1173 2496 1201 2541 a.

140 2577 220 2640 1835
250 2580 282 2641 et
312 2577 393 2640 1836
421 2579 504 2644 edita
524 2581 683 2663 positaque
709 2583 817 2662 postea
837 2581 869 2645 in
892 2581 1106 2663 opnsonlornm
1129 2598 1201 2644 aaa·

136 2681 328 2747 dominorum
361 2684 515 2749 volumine
547 2685 653 2763 altero,
686 2705 778 2767 qnam
815 2705 896 2750 nuno
928 2703 1045 2768 quoqne
1077 2703 1199 2766 prorsus
1275 2679 1278 2685 ’

136 2789 245 2870 protam
280 2787 320 2852 sd
352 2789 509 2871 scripturae
531 2789 772 2855 emendationem
804 2790 984 2854 tentandam
1008 2808 1106 2872 neque
1128 2790 1199 2854 sub-

135 2893 224 2958 sidiis
248 2893 419 2958 instruetur
442 2913 539 2976 neque
561 2895 729 2959 metrorum
751 2895 960 2977 prosodiaeque
988 2893 1200 2958 observatione

140 3000 329 3080 praeparatus
352 3017 450 3071 eram;
486 2998 564 3062 alias
585 2999 667 3062 enirn
690 2999 766 3064 mihi
787 3017 1014 3081 proposueram,
1034 2998 1069 3061 in
1091 2997 1200 3080 quibas

137 3102 340 3176 elaborarem,
373 3102 567 3185 antiquaram
588 3103 780 3168 litterarum
816 3107 928 3187 partes.
986 3105 1093 3186 ltaque
1124 3102 1202 3167 nihil

137 3207 238 3271 habeo
259 3207 313 3296 illo
336 3209 472 3288 tempore
493 3209 684 3283 annotatum,
707 3208 787 3290 quod
808 3209 858 3272 edi
879 3209 982 3274 velim.
1032 3207 1202 3272 Intervenit

137 3308 353 3376 Plautinornm
394 3311 564 3376 studiorum
598 3314 753 3376 renovatio
795 3331 906 3397 magno
945 3315 1062 3378 fervore
1097 3331 1116 3376 a
1151 3311 1200 3376 Fr·

113 3415 308 3481 ,Ritsolrelio
345 3418 455 3497 sarepta,
491 3417 532 3482 ab
565 3412 634 3480 aliis'
672 3420 807 3499 excepta.
862 3421 898 3482 In
928 3419 992 3483 eine
1022 3435 1078 3500 ego
1102 3436 1201 3500 operae

139 3522 261 3602 partem
298 3521 336 3585 ob
358 3520 461 3584 studia
482 3521 541 3585 alio
572 3523 689 3586 oollata
709 3522 811 3586 venire
833 3542 895 3587 non
915 3524 1008 3605 potui,
1030 3541 1086 3588 nee
1106 3524 1202 3588 animi

138 3625 340 3690 inelinatione
372 3625 526 3703 trahebar,
562 3628 598 3690 nt
628 3645 679 3691 me
714 3628 746 3691 in
774 3627 925 3692 minatam
947 3627 1034 3692 illam
1055 3628 1202 3711 prosodiae

143 3729 278 3794 maxime
300 3730 541 3794 observationem
562 3731 594 3795 in
619 3732 757 3796 instabili
777 3731 974 3798 fundamento
994 3731 1202 3814 trepidantem

141 3834 369 3916 immergerem.
419 3836 466 3899 Ae
494 3836 521 3899 si
542 3836 610 3918 quis
630 3856 691 3912 me,
724 3837 803 3918 qnod
835 3837 962 3902 memini
983 3837 1059 3912 fieri,
1081 3837 1203 3918 putabit

142 3939 380 4019 grammaticum
401 3959 510 4022 parum
533 3940 684 4006 curiosum
706 3943 802 4006 finisse
824 3959 980 4008 novorum
993 3943 1202 4026 grammaton

143 4037 260 4108 Latinae
296 4044 458 4114 condendae
493 4045 660 4120 initiorum,
696 4065 763 4128 qnae
796 4047 847 4111 hio
866 4049 1077 4127 nascerentur,
1097 4047 1125 4111 ei
1146 4065 1201 4130 ego

971 4153 1010 4204 rr
