2970 4648
508 285 537 340 L.
555 283 654 340 866666
671 285 704 342 16
721 285 874 342 clementia.
1114 287 1175 352 431

154 480 320 564 partem;
351 479 467 546 etiam
494 500 559 565 pro
588 483 768 566 portione
801 484 850 546 ool
882 485 1154 568 improbandos
1182 490 1220 555 et

156 585 412 668 emendandos
445 587 656 655 bonitatem
686 608 789 655 suam
822 590 1044 672 permittet;
1081 594 1220 660 adilia-

153 691 207 756 tis
240 709 330 756 uero
360 694 420 758 oet.
472 693 549 758 (lum
581 713 640 760 non
673 695 909 780 intelligeretur,
944 697 1219 780 improbandos
1336 720 1343 736 ·

154 798 193 862 61
236 795 492 866 emendandos
539 799 601 866 dici
647 819 701 885 per
745 819 778 868 se
826 801 864 866 de
906 821 1018 886 genere
1060 804 1220 872 hominum

155 897 256 986 (πρὸς
291 895 373 976 cerie
413 898 599 988 μεμπτούς
641 907 695 974 uui
739 912 1048 990 dmuoopdorae'ooc),
1083 928 1145 976 non
1181 911 1220 976 de
1330 963 1331 966 ,

154 1009 287 1088 actione,
326 1010 488 1093 quaesitum
511 999 565 1078 est
593 1031 715 1090 nomeu,
748 1012 788 1078 ad
819 1013 900 1096 quod
927 1013 1096 1098 gerundiua
1123 1016 1220 1098 perti-

154 1119 276 1195 nerent,
309 1115 510 1200 additumque
553 1119 802 1186 calcmitosos
843 1120 875 1183 et
904 1118 944 1183 ad
979 1118 1017 1183 iu.
1047 1119 1221 1186 necessario

156 1221 332 1306 praepositio
376 1225 521 1292 retracta
579 1225 616 1290 In
655 1225 803 1304 ,extremis
847 1223 1041 1290 stutendum
1082 1223 1217 1290 ridetur:

156 1327 339 1394 adflictis
361 1347 455 1394 vero
484 1332 521 1396 et
548 1330 665 1397 sortis
696 1329 913 1396 laborantis
940 1329 1156 1410 (hominibus);
1188 1330 1221 1396 id

156 1452 212 1498 cur
233 1434 389 1501 mutatum
411 1434 453 1501 sit
475 1438 522 1513 (ut
543 1434 714 1502 afflictis
737 1436 815 1502 ultor
837 1434 959 1501 dativus
980 1435 1220 1520 adiungeretur),

155 1540 351 1644 perspicuum
373 1542 430 1606 est.
475 1541 600 1626 Opusne
628 1543 677 1606 est
697 1541 737 1606 ad
758 1541 1000 1608 coniunctionem
1023 1541 1168 1608 adiectivi
1189 1543 1222 1608 et

154 1637 293 1730 genetivi
328 1645 551 1712 defendendam
586 1647 759 1714 adscribere
790 1667 819 1712 v.
847 1648 1060 1727 6116111,
1093 1647 1153 1726 51,
1184 1648 1221 1712 4:

152 1749 248 1834 plura
278 1761 305 1814 et
332 1751 459 1816 maiorue
486 1775 573 1829 usuc,
605 1752 689 1818 Suet.
720 1754 778 1820 Iul.
801 1753 856 1819 75:
891 1755 1004 1819 medios
1031 1764 1058 1818 et
1085 1753 1220 1817 nuutios
1340 1815 1343 1820 r

150 1857 278 1942 partia?

258 1962 435 2042 ludu-1:
479 1965 529 2031 At
562 1983 678 2048 quare
710 1983 781 2031 non
810 1966 1013 2050 ignoscet?
1055 1965 1221 2030 Vacuam

75 2116 80 2123 -
156 2070 441 2136 constituamus
471 2090 571 2137 nunc
602 2089 749 2154 quoque
782 2071 872 2153 quid
905 2072 959 2137 sit
986 2071 1157 2150 reniam,
1185 2069 1222 2136 et

157 2177 333 2252 sciemus,
356 2176 446 2243 dare
481 2178 591 2243 illam
628 2176 847 2260 asapiente
873 2195 946 2242 non
980 2176 1128 2244 debere.
1172 2175 1223 2241 Sic

156 2282 232 2350 Nau.
272 2283 436 2350 Vacuam
473 2284 567 2350 etiam
604 2282 699 2348 ceteri
730 2269 848 2346 codices
887 2281 1016 2358 hebent,
1053 2281 1108 2348 sed
1139 2283 1223 2348 recte

156 2387 342 2454 scientia.
407 2385 523 2472 Opinor
566 2387 714 2472 scriptum
756 2387 868 2458 luisse:
926 2386 1051 2450 Vacuo
1094 2374 1222 2452 ocimo

158 2494 449 2560 constituemus
480 2512 576 2558 nunc
597 2512 665 2576 qu,
702 2512 757 2575 qu.
788 2511 814 2559 s.
836 2492 1026 2571 scientia,
1054 2495 1094 2558 et
1115 2493 1223 2559 scie·

156 2617 246 2675 mus,
267 2600 352 2665 dari
374 2601 444 2666 cett.
478 2599 540 2665 Sed
561 2599 660 2664 haereo
689 2600 722 2663 in
752 2617 856 2664 nunc
877 2617 1048 2682 quoque,
1080 2598 1161 2681 quod
1184 2600 1223 2664 ad

158 2725 268 2790 querno
294 2707 484 2791 superiorem
524 2705 773 2772 constitutionem
817 2703 988 2783 referatur,
1019 2721 1078 2769 non
1121 2703 1221 2771 video.

158 2813 271 2880 Fuitne
292 2813 584 2878 constituamus
604 2811 645 2876 in
666 2812 919 2894 unoquoque?
943 2808 1041 2875 Paulo
1060 2812 1148 2894 post,
1171 2811 1224 2876 ubi

159 2920 225 2984 est:
261 2937 337 3004 ‚ego
378 2921 422 2984 61
463 2916 641 2984 breuiter
682 2918 868 3000 tunquam
910 2914 949 2979 in
993 2914 1126 2981 alieno
1165 2916 1223 2980 iu-

160 3024 262 3093 dicio
302 3025 443 3101 dicum,
486 3026 540 3090 aut
578 3020 750 3088 tollendum
782 3023 831 3088 est
863 3024 907 3087 ut
938 3024 992 3088 aut
1027 3020 1221 3089 scribendum
1303 3059 1305 3062 ·

160 3133 303 3196 autem.

261 3340 480 3416 duaestionuur
511 3337 711 3405 naturalium
746 3337 833 3416 libri,
871 3339 911 3404 alr
941 3337 1008 3420 ipso
1042 3335 1157 3406 Seneca
1188 3358 1225 3405 ex

159 3447 312 3533 farragine
344 3449 559 3530 excerptorum
591 3444 657 3509 sine
679 3444 782 3509 ordine
813 3446 845 3510 et
877 3445 944 3510 sine
970 3444 1131 3510 intentiore
1153 3463 1226 3510 cura

164 3554 343 3638 compositi,
385 3551 575 3634 interpositis
614 3550 726 3634 ubique
762 3552 869 3616 contra
913 3551 1009 3616 malos
1053 3567 1154 3616 mores
1192 3552 1225 3616 ct

161 3661 345 3746 cupiditates
369 3655 643 3724 declamationibus
664 3656 792 3722 tormidis
813 3656 845 3720 et
866 3653 1025 3734 contortis,
1050 3676 1069 3721 a
1089 3656 1223 3725 librariis

160 3769 225 3834 iam
247 3763 418 3848 antiquitus
440 3762 578 3848 permale
599 3759 697 3827 habiti
719 3759 853 3838 (confuso
876 3761 972 3828 etiam
996 3761 1108 3828 alicubi
1129 3762 1225 3828 libro·

161 3893 231 3939 rum
254 3873 360 3938 ordine
390 3869 430 3937 et.
444 3867 570 3944 finibus,
601 3870 637 3934 ut
657 3867 790 3932 Hessius
821 3867 1057 3948 demonstrarit)
1087 3867 1226 3933 611666-

162 3998 218 4046 uas
240 3978 354 4058 hubent
377 3975 426 4061 (ut
446 3975 506 4054 IV,
540 3972 560 4035 3
582 3973 668 4054 init,
694 3973 748 4039 ubi
769 3975 891 4039 tantum
913 3974 1096 4056 argumenta
1116 3975 1225 4039 notan·

162 4087 225 4164 tur)
264 4085 303 4149 61.
332 4081 427 4148 etium
463 4081 496 4144 in
534 4066 666 4164 optimo,
702 4079 754 4164 qui
789 4078 887 4144 adhuc
921 4078 1070 4158 innotuit,
1111 4079 1225 4159 codice,
