2956 4648
308 287 370 351 508
666 289 945 360 moraremur.

264 487 466 552 iioolibus
485 486 662 551 librisot
677 487 806 572 aliqui
822 489 888 571 qni
903 491 1050 571 putent
1071 489 1336 555 otrenostel-

265 594 352 658 lam.
397 591 527 656 Videtur
548 591 730 674 significari:
764 593 803 657 id
834 593 895 658 ita
922 594 961 657 iu
984 597 1085 676 pont¹
1107 595 1174 659 lib.
1197 599 1237 660 et
1257 597 1335 662 alii

266 699 382 782 arqui
402 699 549 782 putant
579 701 619 762 et
650 698 895 763 Fenestella.
940 699 1036 764 Paulo
1058 703 1127 782 post
1148 701 1166 783 ξ
1189 699 1230 764 33
1252 704 1346 786 qnod

265 808 335 887 post
367 803 457 868 llnnii
490 821 613 868 versus:
647 803 710 867 oni
743 821 856 866 nemo
893 805 1000 869 uiris
1036 823 1161 888 neque
1198 805 1333 872 hostis

266 911 406 990 Quivit
438 929 506 992 pro
550 908 672 974 luetis
705 909 866 974 reddere
899 927 1022 992 operm
1055 912 1220 992 pretinm
1249 909 1332 974 inB

267 1019 299 1081 et
333 1013 402 1080 eliis
437 1013 597 1079 scribitur:
640 1033 683 1079 ex
726 1033 768 1078 eo
802 1031 842 1078 se
875 1014 931 1078 eit
961 1015 1199 1098 intelligere,
1232 1017 1332 1099 opud

266 1122 453 1204 antiquos
505 1139 574 1185 non
625 1121 772 1184 tuntum
825 1120 1014 1184 auxilium
1062 1121 1331 1203 significasse,

268 1228 332 1293 sed
363 1217 535 1308 operam,
569 1223 766 1290 manifestum
799 1229 864 1298 est,
897 1226 1004 1290 deesse
1040 1226 1211 1290 subiectum
1245 1227 1332 1292 verbi

265 1333 538 1418 significasse,
582 1331 691 1396 deinde
736 1332 906 1396 necessario
951 1331 988 1395 de
1021 1349 1147 1414 operae
1187 1333 1330 1406 nominis,
1461 1343 1462 1406 ι

265 1439 344 1524 quod
365 1441 397 1504 in
418 1457 508 1504 versu
529 1439 617 1502 Ennii
640 1439 697 1514 est,
719 1437 1014 1520 significationengi.
1058 1437 1209 1516 Quoniam
1226 1439 1329 1503 entem
1461 1415 1462 1492 ι

266 1545 468 1610 exorationis
498 1545 597 1608 formu
632 1549 715 1618 (non
746 1545 895 1606 tentum
919 1541 1123 1616 auxilium,
1147 1545 1213 1609 sed
1235 1563 1331 1626 ope·

264 1655 360 1730 ram)
381 1651 519 1732 apparet.
551 1667 612 1713 non
644 1647 721 1712 dnus
743 1668 841 1730 operoe
862 1648 1101 1731 significationes
1132 1651 1214 1731 puni,
1234 1649 1329 1714 relin-

265 1757 377 1838 quitur,
399 1757 435 1820 ut
455 1755 640 1838 operaidem
664 1753 782 1818 dieatnr
798 1755 999 1838 significasse,
1022 1753 1103 1837 quod
1125 1755 1208 1820 uliud
1232 1757 1328 1838 quod·

162 1880 164 1884 ’
266 1864 338 1928 dum
374 1861 552 1926 vocobulum
585 1859 666 1942 apud
700 1877 773 1928 non
811 1861 964 1925 tontum
997 1861 1154 1924 omissum.
1221 1862 1327 1944 ltaque

265 1987 374 2050 opem
405 1967 455 2030 bio
488 1966 677 2030 nominatam
715 1964 810 2030 luisse
843 1966 1043 2031 menifestum
1080 1970 1129 2031 est
1162 1965 1327 2050 bissenus,

265 2073 344 2158 quod
367 2074 398 2138 iu
412 2071 620 2137 Grammatico
634 2069 746 2134 Latino
768 2071 896 2136 minime
916 2073 1030 2136 mirum
1054 2077 1111 2150 est,
1135 2074 1186 2152 uui
1210 2089 1330 2154 operm

264 2179 430 2264 pretium
452 2178 707 2258 interpretaretur
730 2177 815 2257 opis
845 2176 916 2241 lutae
950 2178 1100 2260 pretinm3
1134 2177 1328 2260 cogimurque

265 2289 308 2351 ita
334 2285 398 2350 fere
421 2283 568 2350 scriberet
600 2301 672 2346 non
694 2283 842 2347 tantum
868 2303 970 2366 opem
992 2283 1179 2347 auxilium
1203 2284 1329 2367 signi·

266 2393 426 2467 lioasse,
456 2389 524 2454 sed
557 2406 719 2471 operam.
778 2387 923 2453 Extrema
952 2387 1090 2470 epistola,
1127 2387 1148 2474 ξ
1181 2388 1222 2453 38
1244 2389 1328 2469 (36),

265 2499 318 2563 ubi
350 2502 414 2562 est:
470 2495 580 2559 Dixit
611 2493 685 2559 illu
720 2494 880 2570 Platon,
915 2493 1016 2559 dixit
1047 2481 1197 2571 Zenon,
1231 2495 1329 2559 dixit

265 2602 595 2688 Chrysippus..et
616 2600 755 2683 ingens
778 2617 912 2684 agmen
937 2619 1012 2665 non
1031 2603 1092 2666 tot
1114 2619 1156 2666 ao
1173 2601 1328 2676 tullum,

187 2715 189 2719 ’
265 2727 376 2790 quaeru,
399 2708 472 2790 quid
494 2707 535 2772 sit
555 2708 691 2790 ingens
725 2723 864 2789 agmen
885 2708 947 2772 tot
968 2708 1031 2772 sire
1055 2727 1126 2772 uon
1150 2711 1230 2784 ιοι,
1255 2709 1328 2790 quot

265 2816 410 2896 quattuor
431 2813 504 2878 sint.
548 2811 749 2876 Soribendum
782 2812 847 2876 sine
881 2811 1064 2876 dubio:t
1026 2817 1064 2876 et
1092 2812 1230 2896 ingens
1261 2833 1328 2896 ug·

264 2937 350 2984 meu
375 2937 449 2983 non
472 2921 628 2982 totum
613 2918 758 2982 ulrum
782 2917 849 2994 (sed
875 2917 969 2981 etium
993 2937 1119 2982 mrnorrs
1141 2919 1326 3002 praestanuae
1461 2975 1462 3006 ,

264 3023 506 3090 etauctoritatis
527 3023 709 3103 bominum).
742 3021 812 3087 Cod.
842 3022 979 3088 duello
987 3027 1089 3088 utum
1112 3027 1192 3088 aet
1177 3025 1325 3090 talium

363 3130 418 3210 Ep
444 3129 512 3202 109,
537 3130 574 3192 4.
619 3129 747 3194 Melus
784 3128 885 3193 malo
925 3131 1059 3201 nocet:
1097 3131 1199 3194 fucit
1233 3149 1329 3212 quo·

263 3235 534 3318 quopeiorem
568 3236 681 3309 irum,
714 3237 844 3300 metus
874 3233 1079 3299 inritando
1115 3238 1173 3299 oet,
1229 3235 1327 3298 vae
1461 3247 1462 3288 ἑ

262 3340 387 3422 ponitur
409 3358 557 3424 quoqne
579 3345 611 3405 et
634 3341 700 3405 looo
723 3341 847 3423 etquod
871 3340 947 3404 nihil
969 3339 1042 3405 novi
1062 3341 1199 3414 additum
1220 3343 1326 3422 itxque

262 3445 333 3510 inde
356 3464 374 3508 u
395 3445 517 3511 Mureto
549 3449 621 3512 unte
643 3429 954 3530 Schweigbaeusorum
984 3446 1192 3512 omittebatur.
1253 3445 1327 3509 Cur·

261 3553 357 3616 rectio
378 3552 482 3616 mendi
513 3553 671 3636 pervagati
699 3552 865 3616 manifesta
896 3559 961 3617 est:
1000 3555 1117 3622 nooet
1148 3551 1328 3634 luditque

261 3658 446 3740 peiorem.
493 3657 529 3721 Iu
553 3658 658 3722 endem
683 3658 814 3739 epistola
835 3657 856 3743 ᾧ
877 3657 896 3720 8
919 3658 965 3734 (7)
990 3658 1135 3722 seribitnr
1158 3658 1189 3720 in
1212 3656 1322 3722 codici·

261 3762 333 3828 bns:
377 3759 571 3847 Numquid
593 3766 764 3828 armatus
785 3762 912 3828 miles.
936 3763 1180 3846 quantumin
1204 3763 1326 3827 aoiem

262 3868 410 3934 exituro
433 3869 534 3934 setis
557 3873 633 3942 est,
665 3871 706 3932 ut
712 3869 723 3932 i
756 3868 927 4037 ampulius
960 3887 1069 3934 urma
1101 3867 1327 3932 desiderat?

261 3971 347 4052 Quod
382 3974 544 4040 manifesto
576 3975 720 4039 vitiosum
750 3974 807 4050 est,
876 3973 1057 4048 1,tt‚ollun
1035 3974 1179 4040 trimis
1202 3973 1323 4055 simpli·
