2938 4630
549 265 552 270 Ι
603 289 726 346 Plautus.
1130 293 1149 354 5

125 485 198 550 tura
221 489 253 550 et
273 485 363 550 facile
378 485 410 548 ιιι
424 485 612 551 contrarium
634 505 666 552 se
690 487 823 551 vertenti
844 487 965 551 tantum
987 505 1024 551 ea
1045 487 1191 562 sectandi,

125 611 196 674 quae
218 609 342 656 uersum
376 591 431 654 aut
453 591 644 657 sententiam·
669 592 708 657 ad
743 593 844 676 legem
867 591 1003 674 aliquam
1025 591 1193 673 quomodo-

124 715 250 779 cunque
275 696 434 779 expleant;
469 713 542 759 narn
564 698 675 779 praeter
707 697 893 781 singulorum
925 697 1061 761 locorum
1084 696 1193 779 depra-

127 801 286 867 vationem
309 800 391 883 perit
412 801 527 866 sensim
548 802 613 866 veri
646 820 752 868 sensus
782 803 815 866 et
835 801 1022 878 reverentia,
1059 800 1133 864 certi
1155 801 1193 864 ab

125 907 258 983 incerto,
292 906 514 971 emendationis
545 925 564 970 a
599 907 669 972 lusu
691 907 857 972 distinctio.
918 906 979 972 Sed
1007 905 1107 989 magis
1129 906 1194 970 haec

126 1009 350 1094 reprehendere
383 1015 415 1075 et
442 1011 593 1075 eiicienda
617 1013 724 1077 notare
745 1014 883 1094 poteram
915 1029 1007 1095 quam
1029 1011 1095 1092 ipse
1116 1029 1194 1076 nova
1283 1077 1286 1084 ,

131 1135 169 1180 ac
189 1133 264 1180 vera
284 1117 426 1197 reperire,
451 1117 578 1198 partim
597 1116 677 1200 quod
700 1116 793 1181 nimis
821 1115 939 1180 lubrica
960 1115 1073 1180 indicia
1096 1116 1193 1191 erant,

128 1222 245 1301 partim
279 1219 360 1301 quod
393 1215 515 1285 animus
550 1240 606 1285 nec
640 1221 767 1286 seientia
788 1239 845 1285 nec
870 1219 1088 1286 consuetudine
1117 1219 1194 1285 satis
1239 1253 1242 1260 ·

128 1344 166 1390 se
187 1326 227 1390 ad
248 1325 426 1389 Plautinam
446 1324 578 1390 formam
602 1326 755 1392 movebat.
808 1327 911 1390 Pauca
931 1330 1035 1391 tamen
1058 1325 1194 1408 quaedam

129 1431 163 1494 in
185 1430 261 1494 locis
284 1429 362 1494 nihil
397 1447 416 1494 a
442 1448 533 1494 versu
554 1430 754 1496 dubitationis
775 1432 958 1497 habentibus
981 1431 1195 1496 succurrerunt

130 1535 304 1618 probabilia
327 1538 382 1599 aut
403 1553 495 1616 prope
518 1539 610 1613 certa
645 1555 712 1618 quae
734 1536 784 1599 hic
806 1555 929 1619 ponam,
951 1557 1011 1602 non
1033 1537 1194 1619 adspirans

128 1640 172 1705 ad
207 1640 321 1724 Buggii
355 1640 418 1704 mei
451 1641 671 1706 sollertissima
701 1641 795 1706 simul
827 1641 859 1705 et
893 1643 990 1706 cautae
1020 1642 1053 1705 in
1081 1642 1192 1708 Plauto

129 1745 315 1812 inventionis
337 1746 468 1811 laudem.
511 1746 561 1810 Ab
583 1748 698 1811 incerta
720 1747 890 1828 suspicione
911 1747 1067 1830 incipiam.

233 1850 320 1937 Gapt.
345 1850 405 1912 279
428 1852 482 1929 (ll,
516 1850 545 1924 2,
581 1850 644 1929 30).
692 1850 862 1935 Postquam
896 1852 1094 1926 Philocrates,
1132 1852 1194 1934 qui,

130 1956 268 2041 Tyndari
301 1957 445 2037 suscepta
467 1973 607 2036 persona,
631 1955 669 2021 de
691 1975 724 2021 se
744 1959 892 2058 tanquam
922 1959 1018 2022 altero
1052 1957 1195 2040 loquitur,

130 2061 339 2126 Philocratem
363 2061 468 2126 dixit
459 2081 490 2124 ιιι
512 2081 552 2144 pa
553 2061 613 2124 tria
633 2060 722 2126 Elide
745 2081 865 2128 summo
880 2063 992 2128 honore
1015 2081 1082 2128 esse
1104 2063 1195 2143 atque

129 2167 170 2231 ab
192 2166 323 2232 summis
346 2165 430 2240 viris,
452 2166 553 2249 Hegio
575 2165 716 2231 subiicit:

234 2271 314 2334 Tum
337 2270 433 2354 igitur
454 2270 483 2335 ei
506 2289 596 2353 quom
619 2271 650 2335 in
672 2271 758 2336 Aleis
781 2271 868 2336 tanta
888 2271 989 2353 gratia
1009 2272 1124 2348 estut

954 2376 1114 2458 praedicas,
1190 2403 1193 2410 ⁴

233 2482 307 2565 quid
329 2481 468 2546 diuitiae?
492 2484 602 2562 suntne
625 2481 758 2564 opimae?

234 2589 372 2670 Apparet
404 2586 657 2668 intellectumque
690 2586 738 2650 est
770 2584 809 2648 ab
823 2579 910 2664 aliis,
950 2603 1091 2665 perverse
1123 2603 1197 2649 con-

132 2693 273 2758 clusione
298 2690 471 2775 argumenti
493 2693 526 2754 et
538 2709 593 2771 per
617 2690 782 2772 particulas
804 2698 868 2750 tam
889 2689 984 2771 ipisus
1005 2707 1023 2752 a
1044 2687 1144 2772 gratia
1167 2690 1199 2752 et

136 2799 248 2864 honore
268 2796 394 2862 transiri
417 2795 457 2859 ad
479 2795 608 2874 alteram
631 2813 697 2858 rem
722 2794 933 2876 quaerendam:
962 2791 1044 2870 Quid
1065 2788 1199 2854 dicitius?

136 2913 243 2965 saraiae
267 2897 397 2986 opimae?
440 2899 501 2965 Sed
534 2900 614 2982 quod
636 2899 703 2964 tolli
727 2899 836 2963 volunt
863 2919 892 2963 v.
915 2897 984 2974 279,
1007 2897 1083 2962 nihil
1106 2898 1199 2962 habet

139 3027 177 3073 ca
197 3003 355 3073 damnatio
378 3004 614 3090 probabilitatis.
668 3003 747 3068 Mihi
768 2993 919 3087 Hegionis
942 3004 1072 3078 animus,
1105 3021 1199 3085 quum

136 3113 174 3177 de
210 3112 380 3177 domestico
403 3111 585 3176 Philocratis
618 3109 730 3173 honore
753 3110 784 3174 et
806 3111 907 3191 gratia
929 3110 1090 3187 audiverit,
1127 3127 1200 3174 con-

135 3219 217 3284 verti
249 3218 405 3301 paulisper
433 3217 520 3282 videt
520 3236 556 3280 ur
589 3215 628 3279 ad
658 3233 737 3290 eam,
770 3213 802 3277 in
837 3233 897 3346 qua
932 3233 1012 3278 nunc
1044 3215 1093 3288 sit
1130 3233 1199 3278 con-

136 3325 330 3388 dicionem:
949 3341 952 3348 ·

239 3427 418 3556 Ruspina,
440 3427 478 3501 ei,
501 3444 591 3508 quom
613 3426 645 3488 in
668 3367 755 3489 Aleis
769 3427 866 3494 ιιιιιι
885 3423 987 3506 gratia
1008 3427 1065 3500 est
1087 3427 1123 3487 ut

736 3545 739 3552 ’
955 3528 1111 3608 praedioas

138 3636 320 3703 Necessario
343 3655 423 3700 nuno
443 3655 514 3699 eum
534 3635 685 3718 indignari
706 3634 790 3701 dicit

241 3742 308 3807 lbd.
345 3740 406 3802 379
429 3758 496 3822 sqq.
524 3740 577 3816 (ΙΙ,
609 3741 640 3819 3,
665 3739 703 3800 21
725 3744 803 3821 sqq.)
838 3739 919 3801 inter
938 3755 1082 3818 personas
1104 3737 1202 3802 oratio

137 3849 188 3910 sic
210 3845 419 3911 distribuenda
439 3845 505 3908 est:
967 3840 969 3844 ’

525 3929 823 4012 rurnoonuuus

376 4054 471 4118 Recte
492 4051 670 4118 conuenisse
692 4050 800 4116 sentio.
