2938 4630
630 275 780 332 sannaus.
802 311 809 324 .
1156 276 1194 338 13

276 469 362 536 Nihil
393 471 495 554 agitor
530 472 567 536 de
601 473 687 556 pueri
717 473 880 550 felicitate,
918 471 973 538 sed
1006 471 1237 544 Davus,Pa1n·

170 576 294 659 ,philnm
331 577 444 654 omnia,
480 577 632 660 quaesibi
663 579 735 644 laeta
756 593 791 643 ae
813 578 913 643 feheia
934 577 1087 655 eveniant,
1111 595 1237 642 enume-

172 684 295 746 rantem
332 681 470 762 desinere
498 683 617 763 iubens,
640 685 715 749 satis
749 703 792 762 ee,
830 702 923 767 quam
958 682 1000 746 sit
1036 684 1153 762 beatem,
1186 681 1233 745 in·
1284 735 1287 742 Α

173 788 314 872 telligere
337 786 399 852 ait:
903 803 906 810 ’
1151 785 1154 792 ’

309 892 397 957 Solos
419 913 458 970 ee,
480 912 571 975 quem
594 893 724 978 diligant
746 895 787 960 di.
820 893 910 979 ¹[Iam
932 892 1115 976 Bentleins.]

272 997 416 1064 Eunuoh.
439 998 498 1061 307
521 1000 574 1077 (II,
597 999 625 1073 3,
651 999 715 1073 16).
760 999 888 1066 Codices
910 999 1042 1064 habent:

234 1103 299 1169 Ph.
345 1103 405 1182 Qui
426 1108 549 1186 quaeso?
592 1104 656 1170 CH.
687 1106 776 1170 Amo.
821 1105 886 1171 ΡΑ.
918 1104 1010 1168 Hem.
1047 1102 1112 1167 eH.
1135 1101 1234 1181 Nune,

572 1209 743 1285 Parmeno,
765 1213 797 1276 te
812 1209 971 1283 ostendes,
993 1208 1046 1290 qui
1069 1208 1117 1272 uir
1139 1208 1209 1272 sies.

271 1285 368 1377 Deest
388 1315 490 1379 versui
512 1313 648 1397 syliaba;
681 1316 767 1398 (nam
790 1313 921 1396 duplicis
942 1313 974 1378 in
997 1313 1129 1376 osteodes
1151 1314 1233 1378 istus
1363 1325 1366 1332 “

169 1417 365 1500 reprehensio
386 1419 430 1485 nil
451 1438 551 1485 eausa
566 1419 688 1497 habet;)
699 1421 802 1503 itaque
815 1419 944 1485 editore
959 1419 1091 1483 Bentleii
1113 1419 1234 1484 aoniae-

170 1523 241 1586 tura
254 1524 425 1601 ootenderh,
447 1525 544 1590 multo
566 1526 667 1592 minus
688 1527 761 1608 apta
781 1526 867 1591 verbi
888 1525 995 1589 forma.
1034 1523 1233 1588 Sorihendum

171 1630 251 1693 erat:
303 1641 307 1650 ‘
778 1631 782 1640 “

304 1733 404 1812 Nune,
430 1736 591 1808 Parmeno,
617 1741 670 1796 tete
691 1734 844 1811 ostendes,
869 1737 921 1817 qni
942 1735 990 1798 nir
1011 1736 1081 1801 sies.

269 1837 639 1918 lod.312(11,3,21):
744 1859 746 1862 ·
875 1833 877 1838 ’
1129 1899 1132 1904 .

569 1944 632 2008 Fae
654 1944 697 2009 sis
719 1945 972 2027 nunooromisso
993 1945 1176 2026 adpareant;

253 2050 297 2114 sie
318 2050 394 2115 adeo
416 2050 509 2133 digna
530 2067 580 2114 res
602 2051 657 2124 est
678 2031 733 2113 nbi
758 2053 793 2114 tr
813 2069 922 2116 neruos
942 2049 1087 2115 intendas
1108 2029 1188 2115 tuos.
1218 2131 1224 2140 ⁸
1284 2089 1291 2100 ·

268 2155 375 2238 Neque
405 2156 448 2217 eie
481 2172 578 2238 neque
600 2155 675 2217 adeo
706 2157 813 2238 aptum
837 2157 894 2232 est,
926 2155 1154 2236 ineptissimum
1188 2155 1232 2216 oie

130 2329 132 2332 ,
168 2259 254 2323 adeo.
296 2260 497 2326 Scribonium
517 2261 583 2325 sine
606 2259 716 2324 dubio:
749 2289 752 2296 »

230 2366 363 2428 suadeo:
387 2365 480 2448 digna
502 2383 553 2429 res
576 2367 632 2442 est,
655 2365 707 2429 uhi
728 2367 764 2429 tu
786 2383 896 2429 neruos
920 2364 1062 2430 intendas
1085 2367 1164 2430 tuos.

267 2469 334 2533 Ihd.
381 2468 443 2531 520
474 2470 549 2546 (III,
594 2467 623 2543 3,
664 2471 724 2546 14).
781 2469 912 2551 Exponit
955 2467 1113 2548 Chremes,
1156 2469 1228 2558 qnid

167 2589 272 2638 seeum
303 2574 396 2638 Thais
418 2575 519 2646 loouta
553 2574 602 2646 sit,
637 2576 669 2638 et
702 2574 774 2657 quid
802 2575 869 2656 ipse
895 2575 959 2639 eius
986 2576 1079 2639 verba
1101 2576 1229 2640 audiens

166 2677 359 2761 cogitaverit:

248 2783 314 2848 Rus
336 2783 422 2848 Sunii
444 2782 561 2866 eoquod
582 2782 713 2846 habeam
736 2784 881 2863 atquem
903 2781 992 2865 longe
1011 2801 1032 2846 a
1051 2786 1140 2850 mari.

76 2888 82 2901 “
155 2917 157 2920 ·
248 2886 345 2952 credo
368 2886 396 2952 ei
414 2889 535 2970 plaeere
556 2888 631 2962 hoo;
657 2889 761 2968 sperat
783 2905 815 2951 se
838 2906 856 2950 a
878 2906 929 2951 me
950 2889 1091 2956 avellere.
1163 2885 1168 2892 '

263 2991 333 3057 Non
365 2994 467 3075 potest
500 2993 531 3056 in
560 2993 617 3056 hao
649 2992 788 3058 oratione
814 2994 883 3076 post
905 2995 992 3057 oredo
1009 2994 1133 3078 phoceae
1153 2996 1225 3070 ferri

162 3107 274 3181 eperat,
306 3077 452 3180 tanquam
490 3115 591 3162 seeum
630 3099 695 3180 ipse
722 3100 930 3165 sermocinans
961 3099 1133 3167 inducatur.
1176 3099 1225 3178 (Id

162 3203 207 3268 sie
243 3203 306 3267 fere
323 3201 326 3206 ’
342 3203 506 3268 dicendum
539 3205 620 3268 erat:
662 3201 711 3267 Sin
744 3204 920 3269 credebam:
954 3205 1055 3286 planet
1085 3205 1141 3269 hoe
1178 3203 1223 3280 ei;

163 3309 268 3390 sperat
288 3310 368 3386 oet).
412 3308 612 3373 Sorihendum
637 3311 694 3388 est,
717 3327 778 3372 nna
801 3309 906 3374 littera
925 3311 1062 3374 mutata:

287 3413 384 3479 Credo
407 3414 435 3478 ei
456 3414 575 3496 placere
597 3413 664 3487 hoo,
687 3433 823 3496 operosae
843 3433 861 3478 a
882 3433 932 3478 me
954 3414 1095 3481 evellere.

286 3518 368 3582 Nam
390 3539 524 3602 operasse
546 3519 594 3583 est
615 3520 648 3580 o'n
669 3539 751 3601 opem
772 3518 892 3592 venisse,
913 3537 996 3600 opem
1019 3519 1136 3602 cepero.

261 3623 328 3687 Ihd.
354 3622 414 3684 722
439 3621 507 3705 (IV,
531 3622 560 3696 4,
584 3622 637 3702 54)
660 3621 824 3687 DORIAS.
867 3623 995 3705 Tapol,
1019 3624 1045 3687 si
1067 3623 1159 3704 sapis,

224 3724 312 3803 Quod
344 3726 413 3800 sois,
430 3741 433 3746 ·
449 3725 559 3800 neseis,
592 3745 688 3809 neque
722 3727 758 3790 de
780 3727 914 3792 eunucho
949 3745 1046 3809 neque
1079 3728 1116 3792 de
1144 3728 1220 3793 uitio

1035 3832 1173 3916 uirginis.

229 3963 231 3970 1
259 3933 295 3996 In
317 3935 470 4000 suadendo
500 3937 532 3999 et
554 3934 687 4000 hahendo
711 3936 883 4000 necessario
906 3936 1101 4000 scribendum
1125 3937 1217 4001 nesci.

162 4035 287 4101 Poterat
305 4037 378 4102 ferri
398 4040 526 4113 nesciam
548 4040 644 4102 aeaeae
664 4040 738 4104 ferri
759 4040 876 4122 nequit.
