2970 4648
296 257 358 324 392
659 254 924 325 dib.v111.csp.11.

257 409 336 543 [Sed
367 457 462 524 simul
489 457 561 521 ante
587 453 791 520 revocandum
816 455 873 528 est,
908 453 988 536 quod
1020 452 1093 518 iude
1126 455 1165 521 ab
1194 455 1322 520 Erusmo

255 561 415 628 edebatur:
469 561 545 627 Hic
565 560 754 626 barbaris
781 559 890 626 forte
914 559 1131 623 ruentibus
1152 559 1190 627 in
1211 560 1322 627 bella

255 669 389 736 exitus
423 671 494 735 est.
537 667 620 733 Nam
651 685 751 750 nequa
775 665 860 750 sorte
892 665 989 730 vivae
1023 667 1219 733 barbarorum
1252 685 1321 751 pro·

253 773 355 859 prium
378 776 425 840 est
445 792 561 857 nequo:
589 771 638 836 bic
659 771 799 835 barbaris
821 772 917 835 cutus
938 781 979 835 est
1012 773 1093 838 recte
1125 771 1239 838 dicitur
1268 789 1323 855 pro

256 897 301 959 eo,
322 879 403 963 quod
425 881 491 945 est:
523 879 567 942 sic
599 877 733 962 acuunt]

353 985 421 1049 Ibd.
444 982 474 1059 8,
501 985 531 1051 7.
574 984 719 1052 Codices:
763 981 874 1048 Nihil
905 1001 1084 1065 asperum
1111 983 1323 1048 territum-

254 1107 324 1173 que
345 1090 527 1175 palpanti
549 1092 618 1156 ast.
667 1087 769 1154 Ceteri
790 1087 854 1154 sere
878 1088 1117 1172 tetrumque,
1152 1089 1323 1172 quodcum

254 1213 361 1278 aspero
392 1215 454 1262 non
483 1199 567 1262 reete
600 1197 809 1282 coniungitur,
841 1194 1004 1276 Hauptius.
1030 1212 1128 1276 nuper
1163 1195 1192 1271 (Ι
1222 1214 1253 1277 p.
1289 1194 1321 1278 5)

252 1300 526 1385 tetricnmque.
574 1302 636 1368 Sed
657 1323 694 1368 ne
716 1304 882 1370 tetricus
918 1300 1042 1386 quidem
1065 1301 1104 1366 ad
1128 1301 1231 1366 accus
1253 1317 1323 1366 seu·

253 1425 322 1471 sum
344 1406 492 1488 pertinet,
526 1426 545 1473 a
574 1428 632 1493 quo
659 1409 710 1476 hic
740 1410 842 1476 simile
871 1407 1014 1474 sumitur.
1066 1406 1263 1489 (Tetricus
1286 1405 1323 1471 et

254 1527 365 1594 asper
393 1531 534 1580 censor
567 1515 658 1582 aliter
685 1516 820 1596 dicitur.)
873 1513 1005 1580 Videtur
1025 1511 1121 1577 fuisso
1142 1531 1323 1597 soporum

254 1627 529 1705 sacratumque.

354 1723 422 1790 Ibd.
457 1725 510 1800 12,
553 1727 589 1792 2:
632 1728 790 1811 Aliquid
830 1729 923 1793 selas
966 1724 1168 1810 peccantis
1210 1722 1322 1800 facit,

254 1827 402 1911 aliquid
425 1829 597 1911 fortuna,
633 1835 674 1896 ut
705 1833 807 1899 ferro
836 1835 902 1898 aut
923 1832 1008 1916 pati
1030 1831 1095 1896 aut
1116 1829 1323 1894 humanum
1463 1895 1464 1940 ἱ

255 1932 307 1998 sit
341 1935 407 1999 aut
438 1935 593 2004 humile.
648 1938 791 2004 Absurde
821 1958 877 2022 per
898 1957 931 2005 se
953 1940 985 2003 et
1004 1937 1112 2002 contra
1134 1935 1322 2002 senteutiam

254 2039 452 2106 manifestam
483 2045 707 2129 coniunguntur
738 2045 942 2110 humanum
973 2046 1005 2110 et
1033 2041 1189 2138 humile.
1238 2039 1323 2116 llius,

254 2163 347 2227 quem
368 2145 426 2212 tibi
447 2148 592 2214 iniuriam
613 2151 723 2217 fecisse
744 2152 846 2236 putes,
873 2151 912 2218 ob
935 2169 1027 2234 quam
1048 2147 1140 2213 irasci
1162 2146 1191 2212 ei
1212 2143 1322 2211 debere
1463 2185 1464 2250 ἦ

255 2249 398 2330 ridearis,
421 2255 475 2318 aut
496 2258 637 2322 senectus
660 2257 781 2322 efficere
802 2257 958 2342 potcst,u
994 2256 1165 2321 humanum
1183 2251 1324 2316 videatur

256 2373 334 2435 eam,
358 2377 425 2441 quae
446 2362 582 2443 putatur,
614 2362 759 2430 iniuriam
780 2363 870 2440 ferre,
900 2365 955 2428 aut
982 2362 1104 2427 fortuna
1125 2358 1157 2424 ct
1177 2356 1324 2441 potentia,

255 2463 291 2526 ut
322 2481 382 2528 non
410 2463 527 2531 humile
555 2469 587 2532 et
614 2469 769 2535 abiectum
800 2469 953 2534 iudicetur
984 2467 1050 2550 pati
1080 2483 1138 2530 nec
1169 2463 1325 2547 repellere.

256 2567 457 2652 Perspicuum
481 2574 530 2638 est
551 2575 749 2641 scribendum
772 2593 856 2642 esse:
890 2576 960 2638 aut
982 2595 1057 2636 noo
1077 2569 1233 2648 domita,
1266 2567 1325 2634 nisi

255 2673 331 2740 fuit:
354 2677 424 2742 aut
445 2677 548 2744 utile.
597 2680 673 2760 (Gfr.
698 2701 723 2747 c.
749 2681 798 2755 16,
820 2681 862 2761 ΙΙ,
885 2679 936 2758 33,
960 2678 1000 2756 1.)

356 2783 424 2848 Ibd.
457 2782 505 2859 13,
541 2785 575 2848 l:
618 2786 750 2872 Pugna
785 2788 916 2852 tecum
953 2783 1054 2867 ipse;
1098 2781 1131 2848 si
1168 2779 1324 2846 vincere

255 2886 357 2952 iram
379 2892 604 2973 nonpotas,
638 2895 676 2958 le
706 2891 777 2957 illa
797 2890 943 2973 incipit
965 2888 1134 2955 vincere.
1177 2885 1324 2988 Siabs·
1463 2923 1464 2986 3

257 2993 452 3073 conditur,
485 2996 519 3060 si
555 2996 619 3061 illi
658 2998 785 3063 exitus
821 3015 893 3078 non
933 2995 1063 3072 datur,
1100 2992 1212 3078 signa
1243 2990 1327 3056 eius
1463 2997 1464 3070 l

256 3097 461 3166 obruamus
484 3103 523 3167 et
543 3103 672 3178 illam,
705 3103 888 3186 quantum
908 3101 1000 3167 fieri
1023 3100 1173 3184 potest,
1195 3095 1326 3164 occul·

255 3203 333 3269 tam
355 3209 629 3291 secretamque
650 3210 862 3292 teneamus.
893 3206 975 3272 Satis
987 3206 1087 3272 inanis
1099 3205 1181 3289 prior
1203 3204 1326 3270 seuten-

255 3309 301 3374 tia
323 3312 371 3376 est
393 3312 437 3387 (si
458 3312 613 3379 vincere
635 3316 724 3391 eet),
759 3312 893 3378 maxime
915 3311 1080 3396 incipiendi
1102 3310 1248 3386 uerbum3
1271 3306 1327 3373 sod

242 3416 422 3506 manifesto
455 3417 584 3484 ridicula
613 3420 645 3484 in
674 3420 771 3484 altera
792 3418 947 3484 sententia
968 3414 1108 3482 condicio
1131 3417 1196 3492 est,
1225 3415 1252 3480 si
1279 3414 1326 3477 ira

259 3523 475 3600 abscondatur,
496 3527 647 3592 occultam
668 3524 836 3592 tenendam
858 3542 934 3590 csse.
961 3522 1085 3589 Excidit
1105 3521 1231 3605 aliquid,
1252 3519 1327 3584 fuit-

193 3679 196 3684 .
257 3648 315 3713 que
337 3631 492 3698 sententia
519 3633 551 3698 et
572 3633 716 3699 orationis
743 3631 846 3697 forma
868 3628 1060 3696 huiusmodi:
1104 3629 1237 3712 Pugna
1264 3628 1327 3692 te-

257 3735 461 3821 cumipse,
494 3738 526 3804 si
550 3737 829 3805 vincere‘iram
852 3755 931 3801 non
951 3723 1081 3818 potas,
1113 3753 1157 3795 oe
1177 3735 1216 3798 to
1236 3731 1326 3808 illa;

20 3869 21 3876 κ
145 3869 148 3875 ·
257 3841 401 3928 incipis
421 3845 590 3924 uincere,
613 3845 647 3910 si
669 3843 938 3917 absconditur,
961 3841 995 3906 si
1015 3839 1083 3906 illi
1107 3841 1232 3906 exitus
1255 3855 1327 3902 non

257 3947 382 4016 datur.
437 3951 528 4037 (Ergo
560 3950 619 4016 hoc
657 3949 779 4014 efficere
821 3947 1028 4028 studeamus.)
1088 3944 1206 4030 Signa
1237 3942 1327 4008 eius

257 4055 463 4122 obruamus
502 4058 538 4123 st
573 4055 761 4123 illam..
792 4103 801 4123 .
828 4051 1328 4133 occultamssoretamque
