2978 4644
532 299 667 356 Cieeuenie
685 301 835 358 Orationes.
1108 304 1169 368 215

142 497 438 580 perurerebuut.
481 497 598 563 Oeulue
624 497 743 564 librarii
770 516 868 564 ame
898 499 980 565 uita
1000 499 1150 566 transiliit
1172 501 1211 566 ad

144 603 493 776 wltawam
509 709 570 775 tin
586 710 829 794 Ppu’mamauu
840 709 984 776 scribitur
995 709 1054 774 itu:
1077 709 1210 776 Utrum

141 815 209 878 eet
228 815 382 896 tempus
398 815 656 900 aliquodque
676 817 714 881 iu
738 815 1211 893 senatumuenieeeweui·

140 919 285 1000 etirP.)
296 921 406 1003 turpe
428 921 567 987 sitien
591 939 701 988 auree
721 919 899 1006 regatila
916 919 965 984 de
983 922 1210 1006 quaegeba·

141 1027 223 1104 tur,
245 1028 286 1090 ut
307 1044 384 1092 rem
406 1025 528 1109 ipsam
548 1028 757 1111 repudiare
785 1027 823 1091 et
844 1043 927 1105 ees,
948 1025 1015 1107 qui
1035 1029 1209 1110 egebant,

139 1130 406 1196 condemnare
444 1132 647 1198 deberem?
703 1133 858 1200 Effieitur:
893 1151 932 1196 au
966 1151 1008 1194 ee
1038 1149 1096 1194 ree
1129 1143 1211 1195 erat

144 1236 278 1321 iraque
309 1237 514 1320 agebatur,
557 1239 599 1302 ut
629 1257 707 1303 rem
739 1239 865 1322 ipsam
898 1235 1104 1321 repudiare
1139 1237 1210 1313 (bue

142 1341 392 1424 respondet-illu
413 1359 459 1408 ee
478 1351 539 1408 ree
561 1345 653 1417 erat)
675 1345 714 1409 et
735 1361 816 1422 ees,
836 1343 902 1426 qui
924 1342 1105 1425 agebant,
1128 1358 1210 1405 een-

140 1445 324 1512 demuare
370 1447 549 1514 deberem
592 1450 663 1527 (hee
703 1449 766 1514 illie
810 1449 946 1532 itaque
987 1446 1210 1530 argebatum?

145 1551 245 1630 (Quod
265 1572 363 1635 nuper
384 1553 502 1618 edituum
524 1555 589 1621 eet:
633 1571 679 1620 au
701 1573 743 1619 ea
765 1573 827 1619 ree
849 1554 942 1619 erat
961 1553 1050 1631 ille,
1072 1552 1210 1636 deque

141 1659 348 1741 agebatur,
369 1659 461 1741 plane
483 1659 629 1725 uitiomm
651 1659 747 1724 habet
767 1660 990 1743 pronominum·
1003 1661 1209 1738 coneursum.)

241 1763 310 1828 Ibd.
346 1764 401 1843 10,
433 1766 487 1829 ubi
513 1766 546 1829 iu
568 1765 595 1829 P
621 1767 653 1830 et
675 1764 745 1830 eiiis
768 1768 831 1832 eet:
868 1765 1140 1830 renovaturum
1172 1765 1210 1828 te

139 1869 206 1932 tua
227 1868 315 1934 illie
335 1870 497 1936 funesta
517 1870 735 1938 latreeiuie
769 1873 901 1937 binum
917 1889 1035 1936 ueuae
1057 1887 1209 1936 eausam

140 1975 320 2055 putauit?
342 1975 443 2040 editur
474 1978 580 2042 autem
615 1978 826 2042 latreeiuia
859 1977 904 2042 eb
930 1993 1089 2041 aunone
1115 1993 1209 2040 eau-

136 2086 218 2148 eam
253 2081 470 2165 putavisti?
504 2083 587 2148 reete
608 2083 810 2158 substantive,
846 2081 1043 2148 eeuibeudum
1072 2081 1210 2164 ertper

135 2204 299 2252 anuuuae·
318 2206 483 2253 eaueem.
515 2188 682 2272 Nunquam
701 2189 793 2254 eliber
814 2188 853 2253 de
874 2189 1026 2271 pretextu
1051 2187 1089 2251 et<
1107 2187 1208 2269 speeie

137 2292 262 2358 dieitur.
623 2335 626 2342 Δ

187 2422 191 2431 ·
240 2398 308 2464 Ibd.
332 2401 388 2465 11:
432 2399 689 2465 Frumentum
711 2397 926 2482 provintia·
940 2398 1208 2464 frumentaria

138 2505 280 2586 partim
315 2523 388 2571 uon
424 2505 639 2583 hebebant,
679 2507 822 2588 partim
852 2506 891 2568 in
927 2503 1028 2568 uliae
1065 2507 1206 2577 terrae,

135 2611 255 2676 erede
276 2614 438 2695 prepter
459 2612 696 2676 uarietatem
714 2610 973 2686 venditurum,
1001 2609 1208 2684 miuer-uut,

140 2717 291 2800 partim,
313 2735 383 2801 que
405 2718 561 2802 gratius
582 2715 691 2782 esset
711 2717 810 2791 tum,
828 2734 917 2780 eum
937 2715 976 2778 in
997 2714 1083 2798 ipra
1101 2715 1209 2779 ieme

136 2823 438 2903 eubueuieeent,
453 2823 645 2889 custodiis
658 2821 740 2888 uuis
752 2821 927 2887 elapsum
949 2820 1209 2893 continebunt,

137 2929 181 2990 ut
216 2927 346 2992 subite
378 2947 515 2994 nevum
544 2929 755 2994 mitterent
806 2926 881 3006 Quae
903 2927 955 2994 ¹eit
989 2927 1122 2992 parietes
1149 2926 1214 2990 ilia·

137 3031 360 3108 redditurum·
377 3035 499 3112 neaeie;
533 3051 633 3119 neque
665 3034 750 3100 euim
770 3034 905 3100 uarietas
928 3032 1062 3098 heminis
1083 3049 1139 3114 pru
1158 3031 1209 3096 iu-

135 3139 315 3204 ·eeurtuntia
335 3140 433 3204 ammi
446 3139 571 3219 dieitur,
593 3159 692 3225 neque
714 3159 752 3206 ea
773 3139 813 3204 ad
833 3141 913 3205 hane
937 3155 1004 3232 rem
1025 3136 1207 3222 pertinebat.

141 3242 262 3308 Demde
282 3244 458 3326 preuiueiae,
479 3263 611 3329 quarum
621 3246 741 3311 nullum
759 3247 827 3310 erat
846 3263 1014 3312 commuue
1034 3242 1209 3315 eonsilium,

139 3347 422 3432 inepiefmmeutu
442 3351 506 3416 euis
529 3351 674 3418 emtediie
697 3353 883 3418 eontinuiere
907 3349 1061 3428 dieantur
1078 3350 1115 3414 ut
1132 3341 1209 3414 reb-4

137 3454 185 3520 ite
197 3455 375 3532 truderent
389 3457 578 3539 priuatorum
592 3459 659 3523 bae
668 3457 828 3522 homimum
846 3456 975 3522 eeneilia
989 3455 1086 3520 eraut.
1106 3452 1209 3520 biimi·

142 3579 210 3625 rum
234 3561 402 3643 scripserat
427 3561 546 3627 Cieeue:
571 3563 716 3646 partim
743 3563 782 3627 in
806 3562 903 3628 aliae
929 3564 1070 3636 terrae,
1093 3559 1209 3625 eredo

138 3667 298 3749 prepter
332 3667 547 3746 ceritatem,
581 3668 806 3732 venditores
837 3667 1040 3745 miserant,
1067 3665 1209 3747 partim

213 3773 488 3838 ¹eeutinebaut.
531 3772 680 3856 Oormpte
702 3775 911 3840 ueritatem
935 3775 1043 3838 reputa
1069 3773 1118 3838 eet
1138 3789 1212 3855 pru·

142 3875 236 3940 rin
250 3877 567 3961 vendoperam:
584 3876 698 3958 (Paule
719 3881 791 3963 pert
810 3882 914 3944 eerte
933 3887 1106 3942 renatum
1137 3876 1208 3942 ubi·

136 3980 234 4064 quid
251 3982 409 4048 eonsilii
429 4001 567 4065 eapere
589 3984 761 4068 oportuit
777 4003 836 4067 pru
863 4001 917 4062 ee,
947 3982 1031 4066 qued
1052 3981 1210 4048 scribeba-

137 4087 345 4152 ture‘eerte
379 4090 536 4154 eeuatue
562 4137 572 4155 .
595 4135 604 4156 .
628 4137 637 4156 .
664 4090 804 4172 putuit
826 4087 986 4172 Kayeems
1011 4088 1076 4152 iam
1095 4105 1115 4150 e
1136 4101 1210 4152 mea
