2956 4648
477 305 486 310 ,.
542 263 573 317 L.
594 261 698 316 Seneca
716 261 853 332 Epistola.
1127 261 1188 324 467

167 463 209 530 P:
229 482 342 527 uuum
364 461 533 534 Graecus,
557 459 623 524 Ab:
646 479 742 524 unus
765 459 939 536 Graecus),
964 461 1130 543 exquibus
1153 461 1234 526 effici

168 566 302 632 videtur:
348 565 533 629 Detracta
564 566 639 631 tibi
674 585 743 630 non
771 567 954 648 pusillum
988 568 1136 651 negotii
1163 587 1234 634 una

167 672 401 740 mercedula,
428 676 465 737 et
508 691 620 736 unum
654 672 823 755 pretinm
860 673 1074 755 (praecium).
1132 674 1235 752 Ludit,

167 779 315 859 tanquam
337 778 512 843 mercedula
546 778 578 842 61
609 777 744 859 pretium
766 777 825 842 sibi
846 796 865 842 a
886 777 1002 842 Lucilio
1027 781 1161 846 solutum
1184 782 1234 848 sit.

166 882 214 946 De
245 883 261 966 ᾗ
292 882 330 944 12
357 883 472 949 dictum
504 884 552 948 est
587 883 683 948 vell
717 902 746 964 p.
773 881 823 948 51.
876 882 937 947 Sed
963 887 1112 964 praeterea
1143 906 1235 968 prate

168 988 284 1053 editur:
329 989 531 1056 Mutantur
566 989 740 1071 speciosi
772 973 995 1072 apparatus:
1034 993 1236 1072 nequeenim

171 1095 209 1158 de
235 1095 405 1161 mutatione
434 1093 545 1179 amtor.
579 1095 682 1172 11166,
704 1095 784 1178 quod
807 1095 924 1160 codices
947 1095 1089 1161 meliores
1111 1097 1237 1176 habent,

168 1199 393 1272 imitantur,
426 1201 462 1264 fit
492 1200 581 1280 lacile
617 1205 770 1268 streete:
814 1200 1029 1262 Mittantur
1066 1203 1222 1284 species

169 1309 390 1388 apparatus,
434 1308 485 1382 61,
526 1308 624 1391 quod
658 1309 753 1386 (male
780 1307 899 1372 codices
931 1311 962 1372 et
997 1307 1145 1375 Haasius:
1189 1315 1236 1384 et·

170 1412 272 1494 quid)
295 1411 419 1477 futuri
442 1413 634 1496 temporis
664 1413 817 1478 incerta
840 1432 921 1478 sors
943 1413 1090 1492 volvit,
1123 1436 1237 1500 quare

169 1516 303 1599 potius
331 1521 412 1582 ...1
1096 1520 1100 1526 “

270 1624 325 1705 Ep.
351 1623 400 1701 16,
423 1623 459 1685 2:
483 1624 562 1688 Boni
585 1626 704 1690 codices
729 1625 860 1690 habent:
886 1626 1021 1707 ltaque
1043 1629 1117 1692 tibi
1139 1631 1239 1713 apud

170 1746 226 1792 me
270 1730 448 1811 pluribus
488 1730 624 1796 verbis
680 1734 746 1796 aut
800 1731 1025 1796 adfirmatis
1064 1751 1113 1797 ne
1162 1739 1238 1800 tam

169 1832 298 1917 longis
336 1836 523 1919 intelligo
560 1839 596 1901 16
634 1837 797 1902 multum
832 1837 1058 1919 profecisse.
1112 1840 1239 1908 Subest:

171 1939 311 2022 ltaque
347 1941 422 2008 tibi
451 1943 547 2024 apud
577 1961 634 2008 me
662 1943 840 2024 pluribus
868 1943 999 2008 verbis
1030 1947 1095 2009 aut
1116 1945 1241 2029 afflo-

171 2047 339 2109 matt'one
372 2049 447 2114 iam
476 2049 532 2112 nil
553 2071 663 2133 opus:
695 2049 882 2132 intelligo
906 2052 943 2113 te
965 2049 1130 2114 multum
1150 2070 1237 2135 pro-

171 2152 327 2219 fecisse.
372 2155 473 2220 Verba
497 2165 557 2216 toas
582 2154 675 2238 leupo
698 2156 806 2220 Latine
837 2174 898 2220 non
923 2155 994 2233 dici,
1017 2155 1065 2220 111
1094 2175 1170 2238 opus
1194 2161 1242 2224 est

174 2277 306 2326 monere.
337 2261 448 2325 Haud
470 2261 623 2344 particula
636 2245 753 2326 Seneca
765 2278 825 2324 uon
838 2260 943 2325 utitur.
977 2261 1241 2344 (Paulopostubi

175 2363 208 2428 in
230 2365 384 2430 codicibus
406 2366 451 2430 sic
472 2352 616 2432 scribitur
639 2368 671 2432 et
691 2384 773 2430 nunc
796 2366 911 2430 editur:
956 2367 1088 2432 Dicam
1111 2370 1240 2434 tamen

176 2472 418 2538 senteutiam
456 2473 553 2555 quod
591 2474 662 2537 iam
701 2473 743 2536 de
786 2474 822 2536 16
858 2489 961 2552 spem
995 2471 1130 2550 habeo,
1167 2494 1241 2540 uon

175 2577 388 2654 fiduciam,
432 2579 514 2642 recte
557 2582 629 2643 ante
673 2578 854 2644 Fickertum
889 2577 1049 2642 edebatur:
1108 2579 1242 2645 Dicam

176 2685 323 2758 tamen,
349 2684 442 2768 quid
462 2684 640 2748 raetiam:
662 2685 736 2747 iam
760 2683 801 2746 de
824 2683 862 2746 te
884 2702 989 2766 apem
1012 2685 1149 2759 habeo,
1172 2704 1243 2750 non

177 2788 372 2856 fiduciam.
433 2791 538 2874 Longe
581 2790 664 2866 eliud
704 2792 751 2854 est
788 2789 870 2870 apud
901 2789 1028 2854 Latinos
1067 2792 1244 2854 amentiam

178 2895 284 2961 dicata
338 2895 446 2962 Errorc
466 2899 567 2960 ortum
591 2898 639 2961 est
666 2895 923 2970 sententiam,
958 2897 1026 2959 tum
1047 2897 1246 2978 transpositio
1304 2909 1307 2918 ·

178 3002 286 3081 facta.)

280 3107 335 3189 llp.
362 3105 411 3179 17,
435 3110 469 3173 5:
515 3108 575 3187 Qui
605 3105 803 3190 philosophiae
834 3105 970 3170 studium
994 3106 1113 3182 differt,
1148 3108 1194 3172 ita
1214 3127 1247 3174 se
1281 3187 1282 3190 Ἴ

181 3215 320 3278 excusat:
375 3213 535 3292 Parare,
578 3212 858 3288 audericum,
912 3212 1009 3277 volo.
1069 3213 1248 3295 Respondet

182 3319 312 3386 Seneca:
357 3319 477 3387 Simul
511 3322 550 3386 61
575 3318 861 3402 pararedisce,
895 3317 1035 3383 absurde.
1080 3316 1166 3382 Nihil
1189 3317 1249 3383 erit

184 3445 244 3492 nou
265 3427 352 3503 recti,
388 3429 415 3492 si
436 3426 611 3509 scripseris:
656 3423 781 3488 Simul
805 3425 843 3488 et
859 3433 1016 3506 parcet
1040 3423 1160 3488 disce.
1208 3424 1249 3489 Si
1333 3487 1336 3490 .

183 3532 271 3616 quid
310 3536 346 3598 te
378 3535 488 3598 16161
520 3533 613 3596 bene
645 3531 775 3596 111616
810 3529 904 3612 (quod
935 3527 1065 3594 fortasse
1094 3547 1188 3614 negas
1216 3533 1249 3595 te

184 3658 282 3722 posse,
304 3638 362 3704 uisi
385 3657 457 3721 opes
481 3636 659 3718 paraveris),
684 3636 777 3698 bene
799 3635 893 3698 mori
915 3651 987 3698 non
1010 3637 1128 3700 16161.
1166 3636 1249 3718 (Non

184 3745 263 3812 bene
284 3731 439 3827 Hauptius
462 3744 477 3808 Ι
498 3763 528 3825 p.
553 3742 616 3820 10.)
659 3741 802 3827 Sequitur
823 3743 843 3820 ξ
866 3739 901 3802 6:
947 3740 1168 3805 Toleranda
1190 3743 1251 3806 661

185 3852 231 3918 ad
252 3852 392 3930 hoc(ed
413 3850 648 3934 philosophiam)
684 3847 983 3930 properantibus
1016 3847 1079 3910 161
1113 3845 1251 3927 fames,

187 3979 296 4043 quam
317 3958 540 4024 toleravere
558 3955 713 4039 quidam
733 3955 772 4019 in
787 3950 1066 4018 obsidionibus.
1090 3951 1136 4017 tlt
1153 3955 1251 4036 quod

188 4066 295 4132 aliud
337 4066 421 4129 erat
452 4065 563 4130 illius
599 4059 800 4144 patientiae
836 4057 1035 4140 praemium
1069 4077 1181 4140 quam
1212 4060 1252 4125 in

1000 4162 1050 4214 ao*
