2924 4660
614 217 727 274 (lollius.
1092 216 1165 282 *595

142 410 336 496 inquieta
381 416 420 480 et
461 414 664 488 invidiosa
700 426 771 494 aco,
814 436 940 501 neque
981 417 1208 486 laudabilia

141 537 268 602 neque
290 509 415 602 utilia‘
434 524 548 599 sunt),
585 520 792 604 ingenium
817 524 943 590 autom
966 527 1004 590 ot
1025 524 1206 590 officium

142 627 182 689 et
213 626 340 691 forma
372 630 411 694 et
444 626 733 711 disciplina
763 627 891 702 nullis
923 628 1068 696 finibus
1103 630 1207 695 cohi·

141 731 306 812 bantur,
343 733 425 808 s'ed,
464 733 1062 819 quantomaioraauctioraque
1095 740 1205 814 sunt,

4 909 6 922 ,
140 837 268 902 multo
301 841 442 916 etiam,
476 841 587 905 tauto
621 838 897 905 laudabiliora
925 840 1027 904 sunt.
1076 841 1206 908 Attendi
1286 834 1293 901 .’

4 939 6 1008 1
140 943 236 1008 velim
259 946 298 1009 ad
320 946 398 1012 illud
419 947 540 1011 nrulto
567 945 686 1009 etiam
708 945 857 1028 singulari
877 945 975 1012 forma
999 945 1039 1010 ad
1060 949 1205 1030 quanto

4 1019 6 1059 r
141 1051 316 1133 appositum
352 1051 487 1132 (etiamsi
518 1050 650 1116 multum
684 1054 775 1117 aucta
807 1052 891 1146 sint).
939 1052 986 1116 De
1014 1063 1049 1114 ιι
1075 1073 1131 1136 pro
1153 1055 1206 1120 sit

4 1233 6 1238 ¹
141 1157 274 1240 reposito
299 1158 360 1223 vid.
383 1158 441 1222 vol.
464 1157 481 1220 1
502 1177 529 1240 p.
553 1155 603 1220 68.

242 1261 308 1326 lbd.
333 1263 382 1339 11,
407 1263 421 1324 1
443 1260 485 1334 ιιι
498 1261 678 1328 Callimachi
702 1263 832 1334 disticho
856 1283 872 1330 e
895 1263 1033 1340 codicum
1056 1265 1205 1350 uestigiis,

4 1373 7 1434 ζ
139 1385 208 1450 quae
231 1367 391 1432 Hortalum
414 1369 596 1455 expressisse
618 1373 703 1452 puto,
727 1369 873 1434 efficitur:

182 1473 253 1538 Kal
277 1469 419 1558 κυάμων
441 1469 511 1540 ἄπο
533 1489 647 1560 χεῖρας
669 1484 765 1562 ἔχειν,
790 1467 954 1548 decursos
976 1475 1156 1556 coaucta,

183 1572 303 1668 Ku'yci,
326 1577 543 1668 Πυθαγόρας
566 1575 609 1654 cic
632 1585 771 1654 indicos,
795 1583 889 1667 λέγω.

242 1687 308 1752 lbd.
335 1689 384 1765 17,
406 1686 425 1750 3
447 1687 482 1752 in·
500 1689 612 1754 Lucilii
633 1708 650 1753 e
672 1690 730 1754 ast.
757 1688 794 1750 15
817 1708 905 1754 versu
928 1689 1139 1754 scribendum:

240 1793 450 1859 Subicithuic
473 1793 839 1878 humilemetsuffarcit
860 1794 1068 1875 posteriorem,
1120 1877 1123 1884 ⁴

138 1917 193 1984 pro
231 1898 473 1979 suffuratus
518 1900 770 1976 suffercitus,
807 1898 885 1964 aliis.
932 1899 1146 1984 Fieripotest,
1169 1904 1205 1968 ut

138 2007 275 2070 extrema
306 2024 361 2070 vox
395 2004 456 2068 alia
485 2004 579 2070 fuerit
564 2005 683 2085 ttetsi
710 1983 810 2068 nihil
819 2003 941 2070 credere
974 2005 1110 2088 cogit);
1122 2003 1204 2070 suf·
1307 2003 1309 2008 ’

8 2138 9 2146 1
137 2108 261 2175 feroit
293 2111 452 2194 aptissime
489 2109 702 2192 superponitur
736 2109 915 2180 subiiciendi
952 2113 1064 2198 verbo,
1097 2115 1132 2175 ut
1162 2111 1204 2176 sit

4 2299 10 2320 d
139 2216 227 2300 quasi
248 2217 319 2282 subt
305 2221 354 2282 ter
374 2216 525 2281 infercire
588 2293 590 2299 Ι

239 2323 305 2388 lbd.
341 2320 390 2398 18,
427 2320 462 2384 3:
506 2339 719 2404 pacemque
764 2324 802 2386 et
841 2287 1057 2387 victoriam
1093 2322 1204 2386 vobis

4 2423 7 2428 ’
138 2429 273 2510 peperi
307 2429 466 2508 inspect
452 2427 624 2491 labilem.
674 2425 724 2490 Sic
746 2426 866 2492 codices
901 2429 932 2492 et
917 2425 1096 2492 tHertzius
1120 2426 1203 2510 (nam

138 2534 309 2616 superiores
341 2532 657 2616 insperabilem).
719 2530 805 2597 Nihil
827 2532 911 2596 aliud
932 2531 1123 2616 significatur
1144 2533 1205 2598 nisi

4 2627 10 2670 ³·
136 2638 396 2724 spectabilem.
441 2637 554 2712 Noouit
574 2637 748 2718 praecedens
771 2639 788 2699 ι’.
832 2637 898 2721 [Sic
921 2636 1107 2722 Scioppius]

236 2744 304 2810 Lib.
328 2744 371 2819 V,
409 2743 438 2821 6,
474 2743 512 2805 12
536 2743 632 2808 codex
654 2743 798 2826 optimus,
822 2743 1108 2808 Rottendorfiauus:
1151 2743 1204 2808 lla

135 2851 379 2934 (coronacivica)
398 2851 450 2916 fit
471 2849 650 2935 efronde
676 2866 858 2932 quernos,
883 2848 1066 2930 qnoniam
1091 2849 1203 2914 cibus

9 2939 11 2953 ’
136 2957 346 3040 uictusque
378 2956 556 3046 antiquis
585 2955 735 3021 solitus
769 2953 847 3018 fuit
879 2953 979 3037 capi3
1013 2953 1131 3021 etiam
1161 2953 1204 3020 ox

4 3040 10 3150 f
136 3061 243 3128 ilice.
289 3063 485 3140 (Purisiensis
508 3064 579 3128 ante
602 3061 745 3127 solitus
761 3058 994 3136 dicituradderc
1017 3077 1218 3142 quercum·

137 3168 302 3248 habeatne,
328 3157 363 3234 ut
385 3170 475 3253 vulgo
488 3170 600 3246 editur,
623 3165 944 3250 antiquissimis,
966 3185 1024 3230 uon
1047 3166 1202 3246 traditur.)

5 3265 8 3306 ⁵
137 3273 350 3358 significatur:
383 3275 564 3358 quoniam
598 3273 710 3338 orbus
732 3271 947 3354 victusque
980 3270 1203 3356 catiqcisc's

4 3372 10 3414 l
125 3380 284 3458 solitus
306 3380 386 3446 fuit
407 3381 512 3462 capi,
534 3381 566 3444 id
588 3381 645 3455 est,
668 3395 826 3462 querneus.

4 3479 7 3506 l
236 3485 302 3549 lbd.
321 3485 371 3564 13,
383 3487 401 3548 5
419 3486 464 3564 (ιιι
476 3485 575 3550 verbm
587 3484 717 3550 Masurn
728 3482 861 3560 Sabim)
879 3482 921 3545 In
939 3447 1087 3548 officiis
1103 3486 1203 3567 apud

4 3588 8 3615 '¹
135 3591 303 3656 maiores
319 3591 377 3658 ita
392 3591 641 3656 observatum
659 3593 715 3654 est
717 3589 951 3670 ‚primumtu
931 3590 1055 3666 uiolae,
1065 3590 1203 3656 deinde

6 3719 9 3728 ¹
135 3695 294 3778 hospiti,
310 3695 604 3760 deindeclienti
611 3686 1200 3777 ‚tumcognatoposteaaffini.

4 3799 5 3840 ι
135 3803 283 3886 Dequa
305 3819 421 3866 causa
442 3801 595 3865 femrnae
617 3802 719 3867 viris
741 3800 913 3883 potiores
936 3799 1083 3866 habitae.
1111 3801 1202 3866 Pror-

5 3917 9 3940 ’
134 3926 188 3974 sus
200 3906 330 3988 ridicula
352 3925 384 3972 eu
386 3907 542 3972 toausalis
555 3898 737 3990 significabo
749 3917 815 3984 (cur
828 3904 950 3999 feminae
972 3905 1200 3992 praeferantur);

4 4011 8 4052 ⁷³
135 4032 192 4079 uec
213 4014 272 4079 hoc
307 4013 448 4078 universe
484 4017 515 4078 et
547 4011 665 4077 infinite
699 4011 763 4078 dici
795 4012 931 4093 poterat,
963 4007 1094 4078 feminas
1126 4015 1200 4082 viris

947 4115 1007 4168 383.
