2938 4630
272 267 312 330 99
493 279 497 288 ·
629 268 756 324 ninus
782 266 891 337 cepi

228 467 417 533 Lachmanni
439 481 537 547 neque
558 465 712 530 structura
733 485 832 548 neque
855 466 1007 531 sententia
1027 411 1199 532 lulerubibe
1220 469 1297 544 eet.)

230 572 394 656 Scripsisse
414 571 592 636 Incmtiurn
613 574 701 651 pntc
1249 594 1252 602 ·

455 713 457 721 ·
853 677 952 738 wec'
974 678 1139 744 fecessunt.
1259 694 1292 726 -⁴

308 785 376 848 1,109
398 781 567 858 uemllnn,
589 779 806 846 suavissimum
830 782 964 862 pectam,
989 794 1113 863 prorsus
1135 783 1289 855 emittam

133 932 135 942 ·
228 889 347 954 faciunt
366 890 501 972 primum
522 887 589 950 duee
611 885 883 951 emendatiunculae
909 888 1020 968 practer
1038 888 1135 966 illam,
1158 901 1296 971 quante

230 997 345 1061 scholio
367 994 542 1078 Vergiliano
576 992 731 1072 sumptum
764 991 824 1056 vul.
848 993 863 1056 Ι
884 1011 914 1074 p.
939 993 980 1054 le
1001 1012 1030 1058 n.
1067 995 1290 1070 commendavi,

230 1119 257 1166 a.
283 1100 363 1164 1843
397 1101 440 1177 (in
474 1095 586 1180 eclogis
615 1101 774 1179 poetamm
807 1096 998 1178 Latinorum)
1033 1099 1162 1163 carmini
1190 1099 1296 1164 LXIV

229 1205 381 1280 adhibitae,
402 1207 501 1270 altera
522 1223 550 1269 v.
571 1201 612 1263 43
635 1201 739 1279 9144,
761 1202 813 1284 qni
833 1202 924 1285 vulgo
946 1202 991 1266 sic
1013 1205 1201 1269 scribuntur:

329 1311 429 1394 Ipsius
451 1308 603 1384 9199099,
625 1326 803 1392 quacunque
825 1308 970 1390 opulenta
992 1311 1120 1375 recessit

328 1415 421 1498 regia,
443 1414 573 1496 fulgenti
595 1409 758 1495 splendent
780 1429 851 1476 anre
873 1414 965 1494 atque
987 1419 1125 1498 argento.

329 1519 432 1603 ipsine
453 1537 511 1583 non
535 1519 637 1595 babet,
660 1536 718 1601 quc
740 1518 898 1592 referatur,
933 1520 1076 1601 quoniam
1098 1519 1197 1585 multa
1223 1522 1295 1602 post

229 1626 400 1708 proximam
434 1624 519 1689 Pelei
551 1624 734 1688 mentionem
767 1623 934 1690 interiecta
957 1628 1043 1700 sunt3
1076 1640 1200 1710 prorsus
1222 1644 1293 1708 per·

228 1749 314 1796 verse
346 1730 429 1791 redes
463 1733 645 1811 separantur
667 1747 687 1792 a
707 1729 802 1812 repis,
827 1745 902 1810 'qna
934 1730 1041 1794 eadem
1065 1733 1132 1795 est.
1165 1730 1293 1814 -Seripsi

228 1837 338 1921 igitur:
884 1856 887 1866 ¹

329 1941 431 2023 Ipsius
451 1935 484 2005 at
506 1940 605 2014 sedes,
627 1947 810 2020 quacunque
826 1941 970 2021 opulente
991 1943 1128 2019 recessit,

328 2046 409 2129 repis
429 2044 560 2126 fulgenti
581 2041 715 2125 splendet
735 2054 808 2107 auru
830 2045 922 2128 atque
944 2049 1079 2130 urgente.

330 2151 471 2215 Offensus
513 2149 623 2230 aliquis
656 2147 851 2230 productiune
882 2151 1058 2232 posterioris
1088 2153 1121 2214 in
1154 2151 1298 2234 splendet*

228 2259 372 2342 syllabae
394 2275 461 2339 quse
481 2253 622 2336 legitime
654 2253 730 2318 nt
720 2271 754 2318 ru
776 2255 847 2332 arsi
881 2255 1036 2339 splendent
1067 2256 1192 2338 scripsit
1178 2257 1295 2322 tede·

229 2363 271 2427 cit
273 2379 341 2445 que
363 2364 399 2426 ut
384 2361 458 2426 tad
481 2359 598 2421 recessit
619 2360 787 2442 fingeretur
805 2361 900 2443 repta

329 2467 367 2532 V
402 2465 503 2528 109
495 2464 774 2547 incomparalibus
805 2465 892 2530 leun
914 2467 1060 2547 prostrati
1081 2481 1153 2532 cnm
1177 2479 1297 2551 magne

229 2573 336 2638 arbore
350 2573 450 2636 cente
472 2589 577 2635 eversa
599 2571 644 2635 919
665 2571 814 2652 scriptum
836 2560 956 2635 sudines
976 2571 1109 2636 babent:

577 2677 632 2742 ille
653 2677 756 2761 procul
777 2675 932 2742 renisibus
955 2677 1115 2742 exturbata

293 2799 389 2864 prena
410 2781 493 2845 cadit
513 2781 635 2865 lateque
656 2783 800 2846 turnicius
825 2790 910 2860 [cum
932 2783 1010 2858 eins)
1029 2781 1120 2848 ebria
1135 2781 1295 2864 bingensi

329 2886 505 2951 Proximum
547 2887 586 2952 ad
628 2887 764 2963 litteras,
813 2887 852 2950 90
899 2888 1082 2952 sententiam
1127 2888 1297 2968 peraptum·

229 2993 329 3058 919910
352 2995 418 3056 est:
1293 3026 1296 3038 ·

426 3097 547 3180 lateque
561 3096 645 3180 feeit
666 3097 710 3157 eis
731 3097 820 3161 obvia
840 3096 994 3180 frangens.

230 3265 236 3274 .
329 3203 447 3268 Deinde
478 3221 573 3285 nuper
606 3201 741 3266 eiusdem
774 3201 918 3266 carminis
941 3203 1039 3268 versui
1067 3201 1212 3284 989991
1236 3220 1294 3286 pru

229 3309 388 3392 desperato
422 3309 601 3391 relinquitur
634 3308 739 3384 (etiam
770 3325 797 3372 a
820 3309 855 3373 L.
877 3307 1052 3386 Muellerc),
1085 3307 1191 3372 videor
1211 3308 1290 3374 mihi

228 3414 415 3498 probabilem
438 3412 622 3477 medicinam
654 3412 834 3494 repperisse.
891 3412 972 3479 Nam
994 3413 1075 3495 quud
1096 3411 1217 3477 Peneus
1240 3413 1291 3478 di-

230 3521 309 3586 citur
330 3519 438 3583 909999
459 3517 499 3582 90
519 3517 641 3600 nuptias

329 3625 454 3706 Tempe,
477 3642 543 3706 quae
565 3623 649 3688 silvae
671 3624 797 3707 cingunt
818 3641 910 3704 super
930 3624 1154 3708 impendentes,

329 3729 460 3795 Minosin
485 3728 626 3812 linquens
649 3727 731 3792 deris
753 3727 931 3794 celebranda
953 3729 1081 3802 choreis,

227 3835 315 3902 initio
346 3854 451 3901 versus
482 3834 515 3898 in
546 3834 670 3897 nomine
703 3834 844 3913 corrupte
878 3835 1003 3900 subesse
1039 3835 1160 3899 videtur
1191 3835 1292 3918 signi·

227 3941 330 4023 09909
352 3939 556 4026 nympharum
578 3937 617 4000 ad
638 3938 705 4002 loca
732 3936 787 4002 illa
809 3938 962 4005 silvestria
991 3943 1023 4006 et
1046 3941 1111 4006 sela
1133 3939 1286 4022 cpiarum,
