3000 4638
294 292 357 358 340
434 341 439 352 ,
654 285 712 341 Lib.
720 283 797 341 vm.
806 283 871 355 Cup.
878 281 917 338 11.

255 517 270 558 e
290 491 494 576 (luctabor)
513 487 580 552 orta
602 487 690 562 suut;
727 483 781 549 sed
810 501 846 546 er
867 499 912 558 eo¹
940 479 1022 563 quod
1044 480 1075 543 iu
1097 477 1163 564 ipso
1185 481 1214 544 Α
1237 481 1315 555 eret,

254 593 571 666 oonsuelutubor,
615 590 677 656 niis
714 585 933 671 propagatione
975 588 1084 651 nutum
1131 585 1193 648 ost:
1235 598 1318 647 oum

254 705 331 770 hiis
354 701 525 783 undique
548 693 800 762 consultator
823 689 907 772 (Pel.
941 689 961 752 2
997 691 1030 755 et
1061 688 1149 768 Coi),
1183 687 1265 771 qnod
1287 687 1319 752 in

171 815 175 822 '
255 808 371 892 primas
393 791 540 870 editiones
572 801 616 868 sio
638 800 770 872 transiit,
803 801 839 862 ut
870 795 983 862 sensim
1008 799 1199 861 nascentum
1235 810 1317 859 enm

256 913 330 978 diis
372 909 538 992 undique
581 905 822 972 consultebo.
880 902 962 966 Illud
997 903 1101 966 temen
1139 901 1318 968 robustioris

257 1017 402 1092 audaeiae,
436 1015 525 1098 quod,
547 1011 631 1079 nullo
652 1010 780 1076 minimo
801 1007 931 1090 vestigio
959 1006 1050 1090 primi
1074 1007 1179 1073 mendi
1200 1007 1319 1084 relicto,

255 1125 287 1188 in
310 1123 378 1188 Pnl.
401 1120 420 1184 3
444 1123 476 1185 et
488 1117 614 1183 Vretisl.
626 1113 788 1180 scribitur:
813 1131 894 1178 euru
917 1112 1007 1178 deus
1030 1113 1217 1196 undique,
1241 1128 1319 1197 qnae

257 1225 453 1302 suerunt,
476 1223 659 1307 requiret.
703 1219 761 1283 His
783 1217 906 1302 gemine
931 1217 1112 1284 aoniderunt·
1127 1221 1160 1283 in
1182 1218 1320 1284 eiusdem

256 1333 328 1400 libri
353 1351 380 1398 o.
405 1329 453 1406 13,
475 1327 505 1406 3,
527 1326 590 1404 ubi,
612 1341 757 1406 cumpro
778 1341 822 1398 eo,
845 1323 925 1405 quod
946 1323 1007 1389 voi.
1031 1323 1044 1387 l
1067 1343 1095 1407 p.
1118 1323 1158 1387 32
1179 1323 1319 1390 restitui:

256 1437 463 1520 inscriptio
484 1433 582 1518 ipse,
619 1429 793 1495 excitans
816 1428 999 1505 animum
1030 1447 1107 1512 quae
1130 1432 1225 1506 stet,
1257 1425 1319 1493 in-

257 1544 447 1610 venerunt
481 1539 595 1615 vitia,
630 1537 662 1600 in
687 1539 724 1606 A,
754 1533 870 1600 litteris
903 1535 988 1600 mele
1019 1534 1133 1612 divisis,
1171 1536 1320 1618 scripturn

259 1653 356 1716 esset:
380 1667 458 1732 qnae
480 1645 616 1710 stetim
638 1642 827 1732 venerunt
848 1639 961 1717 viiie,
983 1641 1014 1705 id
1037 1642 1069 1704 in
1093 1639 1162 1707 BG
1187 1643 1219 1706 et
1239 1658 1320 1724 prro-

257 1762 341 1824 terea
362 1756 394 1820 iu
416 1752 482 1818 Pel.
506 1749 526 1811 2
548 1750 580 1813 et
600 1745 621 1809 4
642 1749 797 1812 serratum
820 1748 878 1822 est,
900 1745 955 1810 sed
977 1747 1008 1809 in
1032 1747 1141 1811 esteris
1163 1765 1198 1810 er
1220 1747 1321 1811 nitere

257 1863 344 1945 perte
367 1861 473 1924 netum
496 1857 544 1920 est
565 1855 716 1937 primunr:
749 1869 827 1934 quee
859 1851 992 1915 stetim
1028 1855 1216 1916 enervent
1237 1869 1319 1916 eum

258 1963 452 2033 venerunt
484 1959 583 2025 vitis
612 1957 688 2034 (Pel.
723 1955 771 2038 3),
810 1956 880 2020 dein
912 1975 1040 2039 quem,
1077 1960 1179 2022 oetern
1213 1957 1321 2021 endem

259 2071 412 2149 (Vretisl),
433 2067 555 2133 brevius
577 2065 682 2130 autern
706 2063 736 2126 in
760 2061 841 2126 Coi:
865 2079 970 2144 quem
1002 2061 1184 2128 enervant
1206 2061 1321 2137 viiie,

259 2197 294 2244 er
326 2180 423 2242 altere
444 2169 597 2255 (addendo
625 2171 696 2234 unte
719 2185 887 2251 pronomen
919 2169 1027 2251 quae):
1049 2167 1222 2232 eroitens
1246 2167 1322 2232 eni-

248 2283 356 2350 'mum
379 2280 424 2347 ed
446 2297 486 2344 ee
516 2273 758 2360 depellenda,
790 2291 867 2355 quae
897 2273 1031 2338 stetim
1053 2274 1243 2338 venerunt
1264 2269 1324 2335 vi·

260 2391 314 2456 tia
336 2383 472 2466 (Modiol.
495 2384 524 2460 4,
548 2381 598 2466 5),
630 2379 699 2446 alin.
743 2381 778 2444 In
815 2377 1010 2458 editionibus,
1048 2381 1142 2445 etiem
1176 2372 1323 2454 noenu,

262 2497 388 2576 uterque
419 2489 510 2556 foetus
545 2487 590 2553 sie
611 2485 773 2551 conflatur:
810 2484 987 2549 exoitnue
1017 2485 1181 2550 animum
1214 2482 1258 2548 ed
1277 2498 1323 2547 ea

262 2595 518 2682 depellenda,
540 2612 622 2678 quae
645 2591 777 2657 statim
799 2592 1097 2668 enervantem
1122 2589 1322 2660 venerunt,

261 2705 368 2772 sitia.
397 2701 578 2785 Atquehaeo
592 2697 717 2781 quidem
729 2693 862 2760 Hessius
876 2694 997 2774 abiecit,
1020 2695 1074 2762 sed
1095 2691 1171 2778 ipse,
1193 2695 1321 2760 retentis

262 2811 375 2878 oodiois
399 2811 426 2874 A
449 2808 481 2872 et
505 2805 709 2888 proximorum
736 2801 859 2880 litteris,
882 2800 1023 2866 mirabile
1044 2801 1228 2886 interposuit
1248 2819 1322 2882 sup-

260 2918 450 3000 plementum
485 2919 556 2994 (quo
584 2908 753 2992 corrigendi
777 2926 889 2992 genere
916 2926 996 2993 saepe
1023 2909 1187 2990 abutitur):
1225 2906 1320 2972 exei-

259 3025 347 3088 tnns
373 3020 553 3094 animum,
583 3034 663 3097 que
695 3014 828 3080 statim
860 3013 1032 3098 [paratos
1061 3014 1241 3080 ostendat
1274 3012 1319 3078 ed

259 3123 479 3194 aniieiende
503 3139 584 3185 oum
618 3118 775 3202 quibus]
799 3122 992 3185 uenerunt
1012 3119 1121 3184 vitis.
1173 3119 1319 3202 (Inscrip-

164 3253 167 3258 ·
257 3233 300 3299 tio
323 3233 355 3295 et
376 3229 490 3294 ereitut
512 3229 544 3291 et
565 3226 698 3290 ostendit
719 3226 821 3290 neseio
844 3241 919 3307 quos
940 3225 1002 3288 ism
1025 3227 1175 3306 puretoot)
1204 3224 1249 3288 Ut
1268 3222 1320 3288 hio

260 3338 371 3420 praeter
403 3333 428 3395 B
454 3333 517 3396 tres
550 3329 604 3395 elii
631 3329 751 3394 eodiees
784 3332 930 3395 mendum
962 3330 1075 3395 oodiois
1104 3331 1133 3394 A
1162 3328 1318 3414 integrum

260 3442 429 3512 servarunt,
466 3436 518 3500 sie*
543 3433 616 3500 alibi
646 3435 677 3500 in
710 3437 819 3500 ueteris
856 3455 974 3522 quoque
1014 3436 1175 3500 minimum
1212 3435 1250 3500 ab
1283 3454 1319 3501 eo

193 3537 197 3545 ’
259 3543 435 3619 disceditur,
457 3542 511 3608 sed
533 3546 638 3607 temen
660 3541 798 3620 tentum,
821 3543 856 3606 ut
884 3561 932 3607 res
954 3541 1160 3626 intelligetur,
1193 3561 1229 3608 ex
1252 3542 1318 3608 eius

259 3649 411 3718 erroribus
433 3653 548 3714 eeteros
569 3647 742 3732 pendereet
757 3648 827 3713 inde
840 3648 1012 3714 deflectere.
1055 3648 1134 3714 Nam
1157 3649 1188 3715 in
1212 3649 1317 3717 eodem

256 3756 334 3824 libro
357 3774 383 3820 n.
408 3755 447 3818 14
468 3756 536 3822 init.
559 3754 638 3838 quod
661 3753 777 3818 editur:
821 3754 948 3820 Primo
980 3756 1105 3822 virtus
1138 3756 1206 3830 sit3
1238 3755 1317 3820 haee

256 3862 356 3928 ierat
385 3863 509 3945 signe,
542 3861 573 3926 in
606 3860 690 3924 nullo
721 3860 766 3923 sie
794 3859 938 3924 scribitur
964 3859 1085 3937 codiee,
1119 3861 1174 3928 sed
1204 3862 1237 3925 in
1269 3862 1315 3925 A:

256 3968 385 4034 Prima
414 3968 539 4033 virtus
572 3968 610 4044 et
641 3965 718 4029 haee
748 3965 849 4030 feret
869 3967 995 4049 signe,
1030 3985 1066 4030 er
1088 3985 1148 4049 quo
1167 3965 1258 4031 feoiie
1283 3968 1316 4031 et

253 4078 347 4154 oerto,
379 4078 512 4141 retractu
539 4093 557 4139 e
583 4074 657 4158 iugo
682 4072 797 4152 vocali,
828 4071 976 4137 edioitur:
1030 4063 1156 4137 Prirne
1188 4073 1316 4137 virtus

19 4003 21 4090 i
60 4085 65 4096 .
