2918 4636
296 263 358 328 m
657 258 919 329 fflssmss

252 460 436 528 trahendam
451 457 675 543 egritudinem,
697 457 787 524 huius
809 458 854 522 rei
874 457 1024 522 rationem
1039 457 1174 542 exponit,
1197 458 1322 526 6666666
1441 511 1442 516 ,

251 567 285 631 in
307 584 341 632 se
363 566 503 630 naturam
527 564 572 628 ita
598 565 751 630 mutatam
774 581 856 636 esse,
885 564 1022 632 cetorum
1044 564 1160 628 servari
1181 582 1323 630 eommu-
1441 559 1442 564 ’

251 691 305 738 nes
327 673 392 738 eius
413 671 513 754 leges:
1441 681 1442 694 ¹

389 775 514 840 Scilicet
536 773 567 837 in
590 773 678 842 nobis
700 791 803 839 rernm
824 775 936 840 natura
959 775 1072 843 novata
1096 775 1155 852 eet,

427 898 557 963 eumque
579 878 658 943 meis
680 878 762 944 curis
784 878 889 944 omnia
907 878 999 964 longa
1020 878 1103 950 facit.

387 988 438 1052 An
459 984 611 1068 peragunt
631 982 736 1064 solitos
759 983 936 1053 communia
955 986 1095 1067 tempora
1117 985 1229 1062 motus,

427 1093 559 1174 suntque
581 1089 680 1174 magis
704 1090 775 1154 vita
797 1089 1034 1173 temperatura
1056 1094 1155 1162 meae?
1341 1077 1343 1082 ’

251 1197 381 1276 (Omitto
409 1196 612 1263 substitutum
641 1216 660 1260 a
690 1191 839 1262 Merkeh'o
868 1195 959 1260 reboo
984 1213 1040 1278 pro
1068 1195 1171 1276 nobie,
1200 1196 1318 1279 opinor,

251 1321 268 1368 e
289 1303 462 1369 coniectura
483 1301 681 1386 incredibili.)
718 1302 787 1367 Non
809 1303 911 1386 potest
933 1303 1038 1371 autem
1058 1305 1149 1386 poeta
1169 1286 1317 1386 tanquam

249 1409 400 1494 superiori
423 1409 586 1476 sententia
623 1409 673 1486 (de
706 1409 817 1476 nature
836 1409 869 1476 in
897 1427 930 1476 se
960 1409 1095 1496 mntata)
1128 1408 1315 1476 contrariam
1401 1425 1406 1434 ·

250 1515 424 1601 opinionem
447 1515 514 1597 (aa)
535 1533 656 1596 ponere,
678 1514 796 1598 reliqna
817 1517 958 1598 tempora
978 1515 1087 1584 solitos
1105 1515 1211 1582 motus
1228 1533 1318 1598 pera·

248 1640 341 1706 gere;
362 1639 461 1704 neque
485 1621 646 1704 quaritur,
669 1621 786 1684 darana
807 1622 870 1688 sint
891 1621 962 1686 vita
984 1621 1050 1691 eius
1074 1623 1228 1706 tempora.
1251 1621 1320 1701 sod,
1441 1685 1442 1710 ξ

23 1775 29 1788 .
168 1752 170 1757 ·
249 1747 303 1794 cnr
336 1727 444 1810 longa;
479 1726 584 1809 itaque
622 1727 716 1793 etiem
758 1747 857 1794 eausa
890 1727 1091 1811 longitudinis
1132 1725 1317 1812 significatio
1441 1741 1442 1782 4

249 1833 357 1914 deest,
387 1833 528 1916 superest
552 1832 659 1897 autem
679 1833 796 1916 66696,
826 1833 879 1917 qui
900 1852 959 1918 quo
981 1831 1133 1902 referatur
1154 1851 1316 1918 66666666-

248 1938 341 2016 tiens,
363 1937 540 2004 nonhabet.
578 1937 624 2001 Ac
638 1957 692 2020 pro
708 1937 1058 2007 derotresBersmanni
1080 1937 1198 2006 codices
1214 1937 1320 2024 16696,
1441 1959 1442 1976 ³

247 2064 303 2129 pro
323 2065 365 2106 aa
389 2047 429 2124 (v.
455 2044 507 2120 11)
534 2044 808 2122 annotaturum,
830 2066 928 2122 auae,
950 2045 1035 2124 dam,
1057 2065 1127 2110 noa.
1171 2043 1317 2112 Scriben-

248 2150 323 2216 dnm
345 2153 408 2215 est:
524 2175 527 2182 ¹
1441 2155 1442 2176 ²

332 2254 421 2317 Nam
442 2257 595 2338 peragunt
615 2255 720 2322 solitos
743 2235 919 2325 communia
941 2258 1082 2338 tempora
1103 2256 1206 2326 motus

373 2363 506 2444 suntque
527 2358 618 2424 malie
640 2362 711 2428 vitae
732 2363 874 2446 tempora
896 2359 988 2446 longa
1011 2379 1097 2430 mere.

247 2468 309 2551 (De
330 2466 369 2546 V,
401 2467 430 2540 5,
465 2466 503 2527 16
526 2466 588 2531 dixi
608 2485 701 2550 supra
720 2487 750 2550 p.
775 2467 824 2544 18,
857 2467 895 2532 de
917 2467 956 2544 V,
989 2464 1315 2542 6276601616.

245 2571 275 2636 V
295 2572 336 2634 32
356 2591 387 2654 p.
413 2570 474 2632 662
497 2571 554 2634 ed..
567 2578 650 2650 sea).

346 2676 413 2742 lbd.
436 2676 498 2757 (V,
532 2677 600 2756 10),
631 2679 671 2740 41
706 2679 737 2744 66
765 2677 807 2743 42
836 2679 887 2756 (de
916 2677 1006 2747 Getis
1038 2678 1145 2747 Latini
1164 2679 1315 2744 sermonis

245 2783 396 2869 ignarislr

348 2889 453 2972 thue
474 2889 520 2962 fit,
542 2889 575 2954 in
596 2907 646 2954 me
667 2889 786 2971 aliquid
807 2889 834 2957 ei
855 2890 928 2973 quid
950 2889 1122 2958 dicentibus
1144 2889 1208 2956 illis

393 2995 552 3059 abnuerim
577 2995 716 3077 quotiens
742 2995 973 3078 adnuerimque,
993 2997 1115 3080 putant.

243 3099 304 3166 Pro
326 3098 356 3162 ei
376 3099 451 3182 qaid
478 3098 533 3163 alii
554 3099 676 3164 codices
702 3101 867 3186 siquiden,
895 3120 975 3168 unus
995 3101 1118 3188 foreoa.
1163 3101 1313 3186 llrpletus

244 3207 292 3272 est
312 3222 429 3281 versus,
452 3203 505 3286 qui
527 3189 571 3268 sio
592 3206 691 3287 potius
714 3207 891 3274 scribendus
914 3207 997 3272 erat:

390 3309 493 3392 thue
514 3309 560 3384 fit,
582 3309 722 3386 6666666,
744 3313 860 3398 aliquid
881 3313 1052 3380 dicentibus
1074 3312 1147 3389 illis,

431 3415 590 3480 abnuerim
612 3418 753 3500 quotiens
773 3419 1002 3502 adnuerimque‚
1022 3419 1142 3501 putant

347 3516 385 3583 In
414 3521 559 3605 epistolis
583 3541 624 3590 ox
651 3523 753 3594 Ponto
787 3526 900 3594 codicis
934 3524 1128 3599 Sarraviani,
1165 3523 1217 3607 qui
1245 3522 1312 3588 fere

241 3644 319 3691 nnus
343 3624 505 3690 certiorem
527 3629 741 3698 auctoritatem
765 3631 880 3710 habet,
908 3631 1091 3714 scripturam
1114 3630 1185 3694 ante
1196 3627 1312 3694 Kornii.

242 3731 411 3798 editionem
431 3730 540 3810 (1869)
555 3751 692 3818 persaepe
711 3737 940 3820 ignorabamus.
965 3737 1073 3822 ltaque
1096 3735 1170 3800 alea
1183 3731 1310 3817 plenam

240 3838 415 3910 materiam,
437 3856 507 3902 oum
530 3839 625 3904 etiam
647 3840 785 3906 celeriter
805 3841 963 3924 legerem,
994 3861 1063 3909 raro
1100 3839 1202 3926 attigi.
1223 3839 1313 3906 Non-

241 3942 327 4008 nulla
356 3944 462 4007 tamen
492 3946 691 4010 occurrerunt
712 3946 796 4010 certa
816 3947 870 4010 eut
891 3946 1069 4030 probabilia.
1114 3943 1208 4012 Velut
