3000 4638
524 247 530 257 ’
592 277 710 334 Velleius
728 279 832 336 Patere.
906 349 914 364 μ
1141 280 1203 344 313

117 427 120 432 ⁴
176 475 312 560 sacerge
332 475 434 560 posse
454 447 578 554 (sarem
599 429 645 542 rea
665 478 700 540 ue
721 476 831 542 caeno
853 495 996 562 expressa
1016 477 1168 560 cosm)
1189 454 1245 546 ne-

175 600 243 664 que
267 600 337 648 eum
359 581 461 666 priore
482 579 658 648 ullomodo
690 581 822 648 cohaeret
854 583 909 648 eut
940 583 979 648 ad
1006 601 1091 659 rem,
1124 585 1162 651 de
1185 605 1245 669 qua

175 688 296 770 agitem
337 688 480 770 pertinet.
534 687 706 769 Aptissima
740 687 843 752 omnia
887 689 975 754 eruut
1021 690 1065 755 sic
1109 691 1243 774 scripta:

178 803 290 877 arque
310 797 439 877 impar
459 792 655 876 capacitas
676 792 897 859 ministeria
931 793 1079 860 deficit.
1126 796 1244 877 Aperta

179 898 285 966 maedi
307 915 400 964 cause
421 897 470 964 est
501 896 554 974 (iu
587 915 652 979 per
682 898 848 980 peritas)
880 899 912 962 et
933 901 1113 982 progressio.
1157 901 1244 967 Nihil

178 1004 368 1088 mantus
400 1019 471 1067 esse
501 1002 633 1085 perlecto
655 1021 710 1085 pro
734 1004 877 1085 praesenti
899 1004 1065 1068 substituto
1085 1005 1118 1069 in
1140 1007 1244 1073 verbis

34 1133 39 1142 ·
178 1127 201 1174 a
222 1109 344 1191 cepio,
366 1107 479 1182 facio,
510 1107 611 1173 iecio
634 1107 832 1190 compositis„
854 1108 917 1174 dixi
938 1109 970 1172 in
993 1108 1134 1174 emendi.
1158 1109 1243 1179 Livv.

180 1237 210 1298 p.
234 1214 310 1289 354;
331 1213 415 1280 illem
437 1213 616 1282 insenesco
636 1212 788 1280 codicibus
810 1213 876 1278 lieri
895 1213 976 1278 infra
996 1213 1159 1282 annotabo.

280 1319 348 1386 lbd.
373 1317 443 1398 129,
466 1320 500 1383 2:
535 1320 625 1385 (ium
647 1323 789 1403 quanta
809 1319 1005 1402 grauitate
1027 1321 1068 1384 ut
1090 1322 1246 1388 senator

180 1428 221 1490 et
236 1426 362 1500 iudex,
384 1441 455 1490 non
470 1426 511 1488 ut
525 1427 709 1508 princeps,
727 1427 764 1490 et
780 1439 915 1492 causas
929 1426 1100 1508 pressius
1115 1427 1246 1492 auditi>
1365 1419 1367 1423 ’

179 1551 289 1614 qnam
318 1531 504 1596 celeriter
536 1532 729 1615 ingratum
762 1533 800 1595 et
820 1549 915 1595 nova
936 1533 1155 1598 molientem
1180 1552 1246 1616 op·
1276 1543 1284 1563 ·

178 1637 351 1719 pressit?
407 1635 492 1700 Nihil
524 1639 573 1702 est
605 1652 737 1720 presse
775 1655 882 1702 causes
917 1637 1042 1715 audire,
1075 1640 1246 1721 perversior

177 1743 275 1808 etiam
300 1743 525 1824 comparativus
547 1742 737 1825 pressius;
759 1745 791 1808 ct
812 1741 956 1806 audiendi
971 1742 1075 1808 'forma
1101 1743 1245 1810 laudatur

180 1848 283 1914 ambis
305 1849 448 1930 quanta
481 1849 693 1932 gravitate,
727 1849 762 1912 ut
783 1847 921 1928 ridicule,
953 1847 1100 1932 quidquid
1120 1851 1168 1915 est
1189 1850 1245 1916 arl-

179 1955 293 2029 verbii,
324 1954 558 2037 superaddatur.
610 1955 690 2020 Tum
724 1956 828 2020 autem
867 1954 1004 2035 proxima
1036 1953 1247 2038 (ingratum

275 2059 484 2144 oppressit)
515 2061 708 2144 apertissime
741 2058 908 2126 ostendunt
938 2058 988 2123 liic
1017 2077 1076 2124 non
1105 2060 1247 2128 uniuersa

182 2166 371 2250 grauitatem
391 2166 505 2233 Tiberii
526 2167 558 2232 in
581 2167 680 2230 causis
701 2165 864 2230 audiendis
884 2165 1021 2242 landari,
1045 2165 1099 2230 sed
1128 2167 1246 2233 certam

89 2290 91 2294 ·
181 2289 320 2347 cauum,
347 2271 445 2354 idque.
461 2291 495 2336 eo
516 2273 631 2338 certius
653 2273 717 2348 est,
754 2271 833 2353 quod
863 2270 930 2351 ipse
961 2271 1100 2336 Velleius
1137 2271 1247 2354 capitis

178 2377 270 2444 initio
302 2396 335 2442 se
368 2377 406 2444 ad
437 2377 559 2461 singula
591 2376 732 2459 exempla
759 2376 889 2442 transis
919 2375 1010 2452 dicit,
1037 2393 1109 2458 quse
1139 2377 1246 2442 eadem
1387 2397 1390 2405 ·

179 2483 322 2564 deinceps
343 2484 441 2550 forma
468 2484 564 2565 ponit.
623 2481 713 2560 (Qua
734 2481 940 2563 prudentia
966 2481 1246 2564 Rhascupolim
1371 2503 1375 2510 ·

276 2589 481 2654 evocavit?
519 2590 551 2652 et
583 2591 703 2669 postea:
750 2587 904 2666 Quibus
937 2587 1140 2669 preceptis
1183 2587 1246 2652 in·
1328 2571 1338 2588 ⁶

179 2695 374 2762 structum
402 2693 673 2763 Germanicum
696 2691 1036 2775 suum...recepit?
1058 2693 1142 2775 cet).
1202 2693 1247 2758 lla

178 2819 273 2868 cansa
286 2821 352 2884 quae
364 2801 415 2875 sit,
426 2798 576 2866 indicabit
586 2815 695 2867 nomon
708 2799 841 2866 hominis
855 2797 1011 2864 exlitteris
1021 2799 1059 2864 et
1073 2793 1246 2879 pressius

179 2909 319 2974 emtum:
362 2906 451 2971 (lum
472 2907 615 2988 quanta
641 2897 839 2989 gravitate
948 2897 1101 2966 causam
1123 2901 1249 2966 Drusi

180 3010 343 3100 Libonis
378 3007 546 3074 aedicit?
600 3011 706 3094 Neque
745 3012 828 3079 enim
872 3009 942 3087 (etsi
985 3009 1017 3072 id
1053 3009 1173 3076 facilius
1210 3027 1246 3074 ex

180 3117 357 3198 pressius
382 3118 517 3192 elicitur)
549 3118 672 3182 tentum
698 3117 743 3180 Μ.
765 3115 881 3180 Drusi
902 3115 1050 3198 scriptum
1072 3116 1157 3199 puto.
1204 3115 1254 3180 M:

182 3223 277 3288 Drusi
297 3223 423 3288 Libonis
445 3223 674 3290 accusationem
697 3223 729 3285 et
756 3221 915 3286 interitum
944 3221 1070 3288 Tacitus
1101 3222 1181 3286 Ann.
1205 3222 1248 3297 ΙΙ,

183 3327 222 3389 27
246 3347 312 3410 sqq.
336 3329 451 3392 narrat.
510 3329 577 3393 Hoc
604 3345 723 3410 quoque
745 3328 805 3394 rol.
832 3324 903 3408 Ip.
928 3327 987 3390 lit
1010 3345 1120 3410 ponere
1143 3326 1245 3394 debui.

182 3433 292 3515 Copias
313 3433 381 3516 ipse
403 3449 490 3498 meas
509 3433 658 3516 ignoraui.

283 3643 408 3712 Valerii
435 3642 566 3712 llaximi
601 3644 695 3708 libros
724 3661 820 3724 nuper
840 3642 984 3708 Halmius
1013 3641 1250 3724 diligentissime

181 3753 215 3815 et
246 3749 485 3833 prudentissime
522 3749 623 3832 exegit
650 3748 690 3814 ad
722 3747 855 3812 codicem
896 3747 989 3831 longe
1017 3746 1128 3812 setena
1168 3747 1250 3810 inte-

182 3857 316 3938 griorem
351 3855 591 3938 fidelioremque,
627 3853 816 3920 Beruensem
844 3851 916 3935 (Β),
953 3853 1150 3934 comparata,
1183 3869 1250 3932 quae

182 3961 247 4028 fere
270 3979 341 4026 cum
364 3981 398 4026 eo
420 3963 528 4028 contra
549 3961 667 4026 ceteros
683 3957 844 4034 consentit,
867 3959 938 4023 Iulii
958 3956 1078 4022 Paridis
1103 3956 1248 4038 epitome.

183 4066 245 4134 Sed
277 4069 383 4134 tamen
415 4086 486 4132 cum
517 4067 574 4132 hee
605 4066 672 4148 ipsa
709 4064 828 4130 Halmii
860 4082 952 4146 opera
984 4065 1015 4130 et
1049 4061 1249 4128 instrumenti
