2978 4644
316 291 376 356 166
675 293 808 348 nrumr.
836 293 900 364 cap.
912 293 936 348 1.

271 493 468 578 propagando
505 491 696 586 acciderunt,
727 493 805 558 ratio
843 491 932 557 facile
966 491 1033 557 sine
1060 493 1121 558 istu
1163 493 1339 560 coniectum

272 599 359 664 reddi
391 599 495 683 potest
531 617 566 663 ex
594 599 661 680 ipso
693 598 840 663 Varronis
876 599 999 682 ingenio
1030 598 1158 664 minime
1179 600 1339 666 incondite

274 705 448 789 spernentis
481 707 513 770 ei
535 723 571 770 er
590 703 640 782 iis,
676 721 750 786 ques
788 703 977 787 supradixi,
1011 705 1158 785 oensis.¹)
1204 708 1254 785 (In
1275 727 1337 772 une

273 811 454 896 suspicionis
476 812 563 895 purte
586 810 653 893 quis
675 809 818 876 Muelleri
839 809 951 875 fuisset
973 829 1067 886 error,
1092 809 1153 876 diri
1184 813 1335 877 innitere

272 915 427 981 Ciceronis
448 915 595 981 librorum
618 915 656 980 de
677 915 787 981 finibus
810 915 951 994 editione,
985 935 1112 981 excursu
1133 917 1178 983 IV
1200 919 1337 983 extremo

271 1041 303 1104 p.
326 1017 410 1098 824.)
467 1021 532 1106 Ego
556 1041 623 1106 quae
654 1023 727 1086 ants
761 1022 872 1106 viginti
905 1022 996 1104 poulo
1018 1022 1087 1104 plus
1111 1029 1338 1090 eunos'emeu-

272 1127 343 1194 dcvi
354 1146 411 1193 nec
422 1127 543 1211 posteb
555 1125 623 1192 aliis
635 1128 784 1216 occupate
804 1126 877 1203 vidi,
894 1146 930 1193 ea
946 1127 1110 1204 brevitate,
1122 1148 1188 1212 quae
1207 1130 1338 1196 lomense

270 1252 364 1318 prope
386 1233 553 1316 imperiosa
573 1251 610 1298 uc
633 1232 762 1316 superba
783 1233 882 1298 videri
902 1233 1018 1315 possit,
1041 1253 1229 1318 proponem3
1262 1255 1336 1302 nom

269 1340 303 1404 in
325 1338 415 1404 rebus
449 1338 543 1404 aridis
577 1341 609 1404 et
642 1339 680 1403 ad
707 1339 818 1414 libros,
857 1357 930 1422 quos
955 1339 1047 1422 pauci
1067 1339 1243 1425 perlegunt,
1265 1359 1337 1424 per-

270 1443 442 1510 tinentibus
484 1445 647 1510 verborum
693 1443 787 1527 copiae
823 1445 1009 1526 parcendum
1046 1446 1176 1513 videtur.
1235 1431 1335 1512 Locos

271 1550 384 1615 notabo
417 1549 490 1614 solis
520 1549 703 1634 paginarum
736 1549 894 1632 Bipontini
927 1551 1059 1634 exempli
1081 1553 1226 1626 numeris,
1260 1571 1338 1635 quo-

270 1655 355 1719 nium
387 1654 410 1718 ii
437 1655 469 1718 et
497 1655 578 1737 apud
606 1654 804 1739 Spengelium
828 1657 860 1720 et
887 1657 968 1738 apud
990 1657 1174 1723 Muellerum
1196 1658 1227 1722 in
1249 1675 1336 1723 mer-

271 1759 394 1844 ginibus
415 1759 508 1841 positi
530 1761 646 1840 runnu
764 1787 765 1792 ¹

371 1865 439 1929 Lib.
461 1864 491 1929 V
514 1864 603 1948 (olim
629 1865 660 1929 in
683 1865 867 1932 editionibus
896 1865 954 1943 IV)
980 1886 1011 1950 p.
1034 1867 1053 1929 3
1076 1861 1162 1951 Rip:
1204 1888 1224 1934 a
1248 1869 1357 1951 qui-.

270 1970 340 2037 bus
365 1971 480 2036 rebus
508 1970 693 2036 vocabule
717 1971 899 2054 imposito
931 1972 1011 2037 sini
1042 1974 1080 2038 in
1101 1974 1239 2058 lingue
1261 1975 1336 2039 La-

269 2077 367 2152 tina,
390 2077 427 2140 et
448 2095 506 2154 ec,
539 2077 729 2159 quaesunt
755 2075 794 2142 in
817 2079 1102 2144 consuetudine
1125 2081 1226 2162 upud
1247 2097 1336 2162 poe-

270 2185 340 2250 tes.
385 2179 587 2250 scribendum
612 2183 674 2248 esi:
698 2183 735 2247 et
757 2202 816 2259 ee,
855 2187 1044 2266 quaesunt
1067 2185 1336 2252 inconsuetu-

270 2289 358 2354 dine
391 2297 423 2350 et
455 2287 551 2371 apud
580 2289 721 2370 poetes.
780 2289 901 2371 Duplex
921 2289 1139 2370 uocabulorum
1161 2311 1256 2376 genus
1278 2309 1335 2374 po·

271 2376 364 2473 nitur,
387 2411 500 2468 comm,
535 2411 602 2476 qnee
623 2393 657 2457 in
678 2396 833 2460 communi
857 2413 915 2460 usu
937 2397 1026 2472 suut,
1062 2398 1095 2462 ct
1115 2415 1229 2476 eorum,
1267 2417 1355 2494 quc¹¹

269 2499 350 2584 epud
372 2500 489 2583 poetas.
533 2500 570 2564 In
592 2499 733 2564 ecdicum
756 2500 906 2583 scripture
929 2501 961 2565 et
983 2501 1022 2566 in
1045 2503 1337 2574 consuetudine

268 2625 393 2690 prorsus
426 2606 531 2671 contre
552 2605 804 2672 consuetudinem
836 2605 970 2688 ponitur,
990 2610 1022 2672 ot
1044 2607 1191 2674 vocabule
1211 2609 1336 2690 poetice

268 2834 468 2844 u—-a

298 2983 317 3046 ¹)
336 2965 393 3038 Cir.
413 2983 575 3052 Spengelius
603 2981 632 3036 in
658 2983 768 3052 scriptis
791 2981 865 3038 need.
887 2983 1056 3039 Monacensis
1080 2967 1185 3055 generis
1213 2985 1333 3056 philoso-

275 3091 280 3098 ·
339 3075 413 3146 phici
429 3069 459 3130 ei
477 3074 637 3146 philologici
656 3077 709 3130 vol.
728 3077 781 3132 VII
799 3094 825 3147 p.
844 3077 896 3132 431
915 3091 973 3148 sqq.

296 3167 319 3236 ²)
340 3167 443 3224 Omitto
461 3171 513 3236 hic,
532 3174 565 3226 ui
583 3187 699 3241 semper,
730 3167 895 3241 improbetur
922 3184 938 3222 e
965 3185 1007 3222 me
1025 3167 1151 3223 Muelleri
1179 3169 1335 3240 scripturus,

336 3263 385 3330 pr'o
403 3261 500 3331 quibus
519 3268 567 3320 eut
586 3265 706 3320 codicum
724 3261 906 3318 restituendus
934 3260 1025 3316 indico
1053 3263 1101 3316 ent
1119 3279 1187 3331 ques
1203 3262 1252 3318 elii
1269 3275 1332 3320 eon·

336 3353 439 3411 iectura
457 3361 638 3427 reppererant,
668 3359 697 3414 in
724 3373 777 3426 quo
795 3369 893 3425 genere
921 3369 975 3410 non
998 3355 1040 3415 ile
1063 3369 1149 3425 peuce
1167 3354 1260 3412 fuum
1277 3355 1334 3414 edi—

337 3447 391 3500 tori
410 3450 566 3520 corrigendo
584 3452 655 3516 sunt,
675 3447 807 3504 nonnulle
824 3447 964 3514 eiusmodi,
983 3447 1013 3502 in
1031 3447 1130 3518 quibus
1148 3450 1268 3506 metum
1286 3449 1332 3513 sii,

336 3540 408 3610 qnod
425 3540 455 3594 in
473 3542 589 3598 minutis
608 3559 640 3598 ex
659 3540 816 3610 vulgaribus
834 3541 921 3598 causis
939 3539 1044 3601 mendis
1072 3541 1199 3598 subtilius
1226 3541 1334 3612 aliquid

337 3635 507 3701 quereretur.
541 3635 625 3690 Volui
642 3635 681 3689 VI
699 3652 726 3704 p.
745 3635 779 3690 74
797 3635 865 3704 Bip,
886 3631 933 3687 ubi
952 3632 1024 3706 quod
1041 3631 1071 3686 in
1092 3633 1228 3689 codicibus
1246 3635 1332 3704 scrip-

336 3725 394 3778 tum
425 3727 480 3780 esi:
519 3726 576 3782 ubi
602 3730 704 3782 noctu
737 3727 771 3781 iu
798 3726 963 3795 templum
992 3729 1137 3780 censure
1175 3727 1331 3796 auspice·

335 3817 442 3880 nerii,
471 3820 564 3873 netum
582 3835 613 3873 ex
631 3820 813 3888 geminatione
835 3817 935 3873 voculis
952 3815 1000 3887 (u),
1027 3815 1119 3872 addita
1137 3821 1200 3889 post
1218 3819 1332 3875 ulterius

335 3909 493 3977 mutatione,
521 3911 592 3965 recte
622 3909 656 3964 ab
674 3909 743 3965 Aldo
762 3909 932 3966 emendatum
959 3912 1029 3966 ereis
1057 3925 1177 3965 censor
1196 3909 1331 3983 [euspiss-

335 4000 481 4064 ceverii‚
499 4002 647 4064 Muellerus
664 4003 757 4072 posuit
774 4015 925 4058 censure
945 4017 1056 4072 cusp„
1085 4003 1191 4058 subicio
1221 4003 1331 4059 nomine

335 4092 491 4160 necessario,
509 4093 588 4150 illoto
606 4093 699 4150 deliro
717 4109 809 4163 prere.
