<?xml version="1.0" encoding="UTF-8"?>
<!DOCTYPE html PUBLIC "-//W3C//DTD XHTML 1.0 Transitional//EN"
    "http://www.w3.org/TR/xhtml1/DTD/xhtml1-transitional.dtd">
<html xmlns="http://www.w3.org/1999/xhtml" xml:lang="en" lang="en">
 <head>
  <title>
</title>
<meta http-equiv="Content-Type" content="text/html;charset=utf-8" />
  <meta name='ocr-system' content='tesseract 3.04.00' />
  <meta name='ocr-capabilities' content='ocr_page ocr_carea ocr_par ocr_line ocrx_word'/>
</head>
<body>
  <div class='ocr_page' id='page_1' title='image "./adversariacriti03madvgoog/adversariacriti03madvgoog_0121.png"; bbox 0 0 2918 4636; ppageno 0'>
   <div class='ocr_carea' id='block_1_1' title="bbox 216 308 934 378">
    <p class='ocr_par' dir='ltr' id='par_1_1' title="bbox 216 308 934 378">
     <span class='ocr_line' id='line_1_1' title="bbox 216 308 934 378; baseline 0.006 -16"><span class='ocrx_word' id='word_1_1' title='bbox 216 312 219 319; x_wconf 79' lang='grc'>’</span> <span class='ocrx_word' id='word_1_2' title='bbox 309 313 369 378; x_wconf 84' lang='lat'>108</span> <span class='ocrx_word' id='word_1_3' title='bbox 669 308 731 365; x_wconf 85' lang='lat' dir='ltr'>Lib.</span> <span class='ocrx_word' id='word_1_4' title='bbox 749 310 796 364; x_wconf 85' lang='lat' dir='ltr'>vl.</span> <span class='ocrx_word' id='word_1_5' title='bbox 816 310 879 378; x_wconf 82' lang='lat' dir='ltr'>Cap.</span> <span class='ocrx_word' id='word_1_6' title='bbox 895 311 934 366; x_wconf 91' lang='lat'>11.</span> 
     </span>
    </p>
   </div>
   <div class='ocr_carea' id='block_1_2' title="bbox 267 503 1334 1222">
    <p class='ocr_par' dir='ltr' id='par_1_2' title="bbox 365 503 625 590">
     <span class='ocr_line' id='line_1_2' title="bbox 365 503 625 590; baseline 0 -20"><span class='ocrx_word' id='word_1_7' title='bbox 365 503 432 572; x_wconf 89' lang='lat' dir='ltr'>Ibd.</span> <span class='ocrx_word' id='word_1_8' title='bbox 454 503 515 568; x_wconf 81' lang='lat'>345</span> <span class='ocrx_word' id='word_1_9' title='bbox 538 524 625 590; x_wconf 86' lang='lat' dir='ltr'>sqq.:</span> 
     </span>
    </p>

    <p class='ocr_par' dir='ltr' id='par_1_3' title="bbox 349 608 1246 695">
     <span class='ocr_line' id='line_1_3' title="bbox 349 608 1246 695; baseline -0.002 -19"><span class='ocrx_word' id='word_1_10' title='bbox 349 609 535 695; x_wconf 84' lang='lat' dir='ltr'>Lampsacos</span> <span class='ocrx_word' id='word_1_11' title='bbox 557 612 615 677; x_wconf 90' lang='lat' dir='ltr'>boc</span> <span class='ocrx_word' id='word_1_12' title='bbox 642 611 756 676; x_wconf 86' lang='lat' dir='ltr'>animal</span> <span class='ocrx_word' id='word_1_13' title='bbox 776 608 869 676; x_wconf 82' lang='lat' dir='ltr'>solita</span> <span class='ocrx_word' id='word_1_14' title='bbox 890 610 938 676; x_wconf 87' lang='lat' dir='ltr'>est</span> <span class='ocrx_word' id='word_1_15' title='bbox 958 609 1095 674; x_wconf 88' lang='lat' dir='ltr'>mactare</span> <span class='ocrx_word' id='word_1_16' title='bbox 1118 609 1246 692; x_wconf 85' lang='lat' dir='ltr'>Priapo:</span> 
     </span>
    </p>

    <p class='ocr_par' dir='ltr' id='par_1_4' title="bbox 393 713 1086 800">
     <span class='ocr_line' id='line_1_4' title="bbox 393 713 1086 800; baseline -0.009 -18"><span class='ocrx_word' id='word_1_17' title='bbox 393 718 467 800; x_wconf 86' lang='lat' dir='ltr'>apta</span> <span class='ocrx_word' id='word_1_18' title='bbox 488 715 566 782; x_wconf 86' lang='lat' dir='ltr'>asini</span> <span class='ocrx_word' id='word_1_19' title='bbox 587 716 722 782; x_wconf 88' lang='lat' dir='ltr'>flammis</span> <span class='ocrx_word' id='word_1_20' title='bbox 743 714 853 780; x_wconf 87' lang='lat' dir='ltr'>indicis</span> <span class='ocrx_word' id='word_1_21' title='bbox 876 715 947 780; x_wconf 84' lang='lat' dir='ltr'>crta</span> <span class='ocrx_word' id='word_1_22' title='bbox 968 713 1086 780; x_wconf 88' lang='lat' dir='ltr'>damus.</span> 
     </span>
    </p>

    <p class='ocr_par' dir='ltr' id='par_1_5' title="bbox 267 819 1334 1222">
     <span class='ocr_line' id='line_1_5' title="bbox 353 819 1234 902; baseline -0.005 -16"><span class='ocrx_word' id='word_1_23' title='bbox 353 819 451 901; x_wconf 83' lang='lat' dir='ltr'>Quem</span> <span class='ocrx_word' id='word_1_24' title='bbox 472 824 518 902; x_wconf 86' lang='lat' dir='ltr'>tu,</span> <span class='ocrx_word' id='word_1_25' title='bbox 542 821 621 898; x_wconf 85' lang='lat' dir='ltr'>diva,</span> <span class='ocrx_word' id='word_1_26' title='bbox 643 839 764 888; x_wconf 89' lang='lat' dir='ltr'>memor</span> <span class='ocrx_word' id='word_1_27' title='bbox 785 820 824 886; x_wconf 92' lang='lat' dir='ltr'>de</span> <span class='ocrx_word' id='word_1_28' title='bbox 846 839 925 902; x_wconf 88' lang='lat' dir='ltr'>panc</span> <span class='ocrx_word' id='word_1_29' title='bbox 947 820 1114 887; x_wconf 89' lang='lat' dir='ltr'>monilibus</span> <span class='ocrx_word' id='word_1_30' title='bbox 1137 838 1234 886; x_wconf 89' lang='lat' dir='ltr'>ornas.</span> 
     </span>
     <span class='ocr_line' id='line_1_6' title="bbox 267 925 1334 1010; baseline -0.004 -18"><span class='ocrx_word' id='word_1_31' title='bbox 267 925 449 992; x_wconf 87' lang='lat' dir='ltr'>Perversum</span> <span class='ocrx_word' id='word_1_32' title='bbox 484 926 574 1005; x_wconf 89' lang='lat' dir='ltr'>adeo,</span> <span class='ocrx_word' id='word_1_33' title='bbox 606 926 708 1010; x_wconf 86' lang='lat' dir='ltr'>qualia</span> <span class='ocrx_word' id='word_1_34' title='bbox 740 945 821 990; x_wconf 91' lang='lat' dir='ltr'>nunc</span> <span class='ocrx_word' id='word_1_35' title='bbox 854 927 957 990; x_wconf 90' lang='lat' dir='ltr'>cetera</span> <span class='ocrx_word' id='word_1_36' title='bbox 985 927 1071 1002; x_wconf 87' lang='lat' dir='ltr'>sunt,</span> <span class='ocrx_word' id='word_1_37' title='bbox 1105 925 1183 991; x_wconf 91' lang='lat' dir='ltr'>illud</span> <span class='ocrx_word' id='word_1_38' title='bbox 1216 925 1334 1005; x_wconf 80' lang='lat' dir='ltr'>domos,</span> 
     </span>
     <span class='ocr_line' id='line_1_7' title="bbox 270 1028 1334 1116; baseline 0 -20"><span class='ocrx_word' id='word_1_39' title='bbox 270 1031 349 1116; x_wconf 85' lang='lat' dir='ltr'>quod</span> <span class='ocrx_word' id='word_1_40' title='bbox 372 1031 410 1097; x_wconf 88' lang='lat' dir='ltr'>de</span> <span class='ocrx_word' id='word_1_41' title='bbox 425 1032 574 1098; x_wconf 86' lang='lat' dir='ltr'>Romanis</span> <span class='ocrx_word' id='word_1_42' title='bbox 595 1031 729 1116; x_wconf 76' lang='lat' dir='ltr'>intelligi</span> <span class='ocrx_word' id='word_1_43' title='bbox 749 1049 876 1098; x_wconf 88' lang='lat' dir='ltr'>necesse</span> <span class='ocrx_word' id='word_1_44' title='bbox 899 1033 948 1096; x_wconf 92' lang='lat' dir='ltr'>est</span> <span class='ocrx_word' id='word_1_45' title='bbox 970 1031 1042 1108; x_wconf 87' lang='lat' dir='ltr'>(etsi</span> <span class='ocrx_word' id='word_1_46' title='bbox 1057 1028 1255 1095; x_wconf 84' lang='lat' dir='ltr'>manifestum</span> <span class='ocrx_word' id='word_1_47' title='bbox 1278 1033 1334 1107; x_wconf 87' lang='lat' dir='ltr'>est,</span> 
     </span>
     <span class='ocr_line' id='line_1_8' title="bbox 267 1135 1334 1222; baseline 0 -20"><span class='ocrx_word' id='word_1_48' title='bbox 267 1138 299 1202; x_wconf 93' lang='lat' dir='ltr'>in</span> <span class='ocrx_word' id='word_1_49' title='bbox 322 1158 409 1222; x_wconf 81' lang='lat' dir='ltr'>poem</span> <span class='ocrx_word' id='word_1_50' title='bbox 442 1147 474 1199; x_wconf 76' lang='lat' dir='ltr'>aa</span> <span class='ocrx_word' id='word_1_51' title='bbox 505 1138 675 1206; x_wconf 86' lang='lat' dir='ltr'>orationem</span> <span class='ocrx_word' id='word_1_52' title='bbox 697 1137 834 1203; x_wconf 87' lang='lat' dir='ltr'>converti</span> <span class='ocrx_word' id='word_1_53' title='bbox 866 1157 885 1201; x_wconf 89' lang='lat' dir='ltr'>a</span> <span class='ocrx_word' id='word_1_54' title='bbox 925 1136 1155 1218; x_wconf 72' lang='lat' dir='ltr'>Lampsacena,</span> <span class='ocrx_word' id='word_1_55' title='bbox 1191 1155 1245 1202; x_wconf 92' lang='lat' dir='ltr'>suo</span> <span class='ocrx_word' id='word_1_56' title='bbox 1279 1135 1334 1202; x_wconf 86' lang='lat' dir='ltr'>deo</span> 
     </span>
    </p>
   </div>
   <div class='ocr_carea' id='block_1_3' title="bbox 267 1240 1447 1327">
    <p class='ocr_par' dir='ltr' id='par_1_6' title="bbox 267 1240 1447 1327">
     <span class='ocr_line' id='line_1_9' title="bbox 267 1240 1447 1327; baseline 0 -17"><span class='ocrx_word' id='word_1_57' title='bbox 267 1243 388 1310; x_wconf 73' lang='lat' dir='ltr'>annum</span> <span class='ocrx_word' id='word_1_58' title='bbox 409 1244 559 1322; x_wconf 82' lang='lat' dir='ltr'>indicem,</span> <span class='ocrx_word' id='word_1_59' title='bbox 586 1244 639 1327; x_wconf 89' lang='lat' dir='ltr'>qui</span> <span class='ocrx_word' id='word_1_60' title='bbox 661 1244 726 1310; x_wconf 90' lang='lat' dir='ltr'>eius</span> <span class='ocrx_word' id='word_1_61' title='bbox 749 1240 875 1308; x_wconf 89' lang='lat' dir='ltr'>consilia</span> <span class='ocrx_word' id='word_1_62' title='bbox 898 1241 1093 1325; x_wconf 85' lang='lat' dir='ltr'>perturbarit,</span> <span class='ocrx_word' id='word_1_63' title='bbox 1116 1242 1333 1318; x_wconf 72' lang='lat' dir='ltr'>mactantibus,</span> <span class='ocrx_word' id='word_1_64' title='bbox 1446 1271 1447 1318; x_wconf 63' lang='lat' dir='ltr'>r</span> 
     </span>
    </p>
   </div>
   <div class='ocr_carea' id='block_1_4' title="bbox 268 1347 1404 4180">
    <p class='ocr_par' dir='ltr' id='par_1_7' title="bbox 268 1347 1404 4180">
     <span class='ocr_line' id='line_1_10' title="bbox 268 1347 1404 1433; baseline -0.002 -19"><span class='ocrx_word' id='word_1_65' title='bbox 268 1349 308 1414; x_wconf 86' lang='lat' dir='ltr'>ad</span> <span class='ocrx_word' id='word_1_66' title='bbox 328 1350 492 1425; x_wconf 80' lang='lat' dir='ltr'><strong>honorem,</strong></span> <span class='ocrx_word' id='word_1_67' title='bbox 515 1351 567 1433; x_wconf 90' lang='lat' dir='ltr'>qui</span> <span class='ocrx_word' id='word_1_68' title='bbox 591 1350 690 1415; x_wconf 85' lang='lat' dir='ltr'>eidem</span> <span class='ocrx_word' id='word_1_69' title='bbox 715 1348 842 1415; x_wconf 87' lang='lat' dir='ltr'>animali</span> <span class='ocrx_word' id='word_1_70' title='bbox 864 1348 968 1413; x_wconf 76' lang='lat' dir='ltr'>Vesta</span> <span class='ocrx_word' id='word_1_71' title='bbox 991 1366 1084 1414; x_wconf 89' lang='lat' dir='ltr'>causa</span> <span class='ocrx_word' id='word_1_72' title='bbox 1104 1347 1279 1427; x_wconf 73' lang='lat' dir='ltr'>habeatur),</span> <span class='ocrx_word' id='word_1_73' title='bbox 1302 1348 1337 1412; x_wconf 88' lang='lat' dir='ltr'>nt</span> <span class='ocrx_word' id='word_1_74' title='bbox 1402 1361 1404 1370; x_wconf 79' lang='grc'>’</span> 
     </span>
     <span class='ocr_line' id='line_1_11' title="bbox 268 1453 1336 1540; baseline 0 -21"><span class='ocrx_word' id='word_1_75' title='bbox 268 1454 416 1522; x_wconf 83' lang='lat' dir='ltr'>Heinsius</span> <span class='ocrx_word' id='word_1_76' title='bbox 431 1458 532 1522; x_wconf 87' lang='lat' dir='ltr'>totum</span> <span class='ocrx_word' id='word_1_77' title='bbox 549 1455 703 1534; x_wconf 81' lang='lat' dir='ltr'>distichon</span> <span class='ocrx_word' id='word_1_78' title='bbox 718 1455 787 1520; x_wconf 87' lang='lat' dir='ltr'>tolli</span> <span class='ocrx_word' id='word_1_79' title='bbox 803 1453 944 1533; x_wconf 83' lang='lat' dir='ltr'>voluerit,</span> <span class='ocrx_word' id='word_1_80' title='bbox 969 1454 1048 1537; x_wconf 87' lang='lat' dir='ltr'>qnod</span> <span class='ocrx_word' id='word_1_81' title='bbox 1070 1453 1098 1518; x_wconf 91' lang='lat' dir='ltr'>si</span> <span class='ocrx_word' id='word_1_82' title='bbox 1118 1453 1162 1530; x_wconf 79' lang='lat' dir='ltr'>fir,</span> <span class='ocrx_word' id='word_1_83' title='bbox 1187 1475 1276 1540; x_wconf 83' lang='lat' dir='ltr'>pacm</span> <span class='ocrx_word' id='word_1_84' title='bbox 1298 1453 1336 1519; x_wconf 87' lang='lat' dir='ltr'>ad</span> 
     </span>
     <span class='ocr_line' id='line_1_12' title="bbox 269 1559 1335 1645; baseline 0 -19"><span class='ocrx_word' id='word_1_85' title='bbox 269 1559 416 1644; x_wconf 85' lang='lat' dir='ltr'>Priapum</span> <span class='ocrx_word' id='word_1_86' title='bbox 445 1562 486 1644; x_wconf 86' lang='lat' dir='ltr'>(v.</span> <span class='ocrx_word' id='word_1_87' title='bbox 509 1561 569 1625; x_wconf 78' lang='lat'>344</span> <span class='ocrx_word' id='word_1_88' title='bbox 590 1561 655 1640; x_wconf 83' lang='lat' dir='ltr'>illc)</span> <span class='ocrx_word' id='word_1_89' title='bbox 678 1562 791 1628; x_wconf 84' lang='lat' dir='ltr'>referre</span> <span class='ocrx_word' id='word_1_90' title='bbox 813 1560 966 1645; x_wconf 80' lang='lat' dir='ltr'>cogimnr3</span> <span class='ocrx_word' id='word_1_91' title='bbox 990 1579 1087 1644; x_wconf 88' lang='lat' dir='ltr'>neque</span> <span class='ocrx_word' id='word_1_92' title='bbox 1109 1559 1191 1624; x_wconf 90' lang='lat' dir='ltr'>enim</span> <span class='ocrx_word' id='word_1_93' title='bbox 1212 1578 1335 1643; x_wconf 90' lang='lat' dir='ltr'>prorsus</span> 
     </span>
     <span class='ocr_line' id='line_1_13' title="bbox 268 1665 1337 1750; baseline 0 -20"><span class='ocrx_word' id='word_1_94' title='bbox 268 1665 475 1749; x_wconf 86' lang='lat' dir='ltr'>superioribus</span> <span class='ocrx_word' id='word_1_95' title='bbox 497 1666 636 1750; x_wconf 81' lang='lat' dir='ltr'>ignotum</span> <span class='ocrx_word' id='word_1_96' title='bbox 658 1669 726 1732; x_wconf 87' lang='lat' dir='ltr'>erat</span> <span class='ocrx_word' id='word_1_97' title='bbox 748 1667 806 1732; x_wconf 92' lang='lat' dir='ltr'>hoc</span> <span class='ocrx_word' id='word_1_98' title='bbox 829 1666 960 1742; x_wconf 87' lang='lat' dir='ltr'>delendi,</span> <span class='ocrx_word' id='word_1_99' title='bbox 982 1685 1050 1750; x_wconf 85' lang='lat' dir='ltr'>qnae</span> <span class='ocrx_word' id='word_1_100' title='bbox 1072 1665 1208 1748; x_wconf 84' lang='lat' dir='ltr'>expediri</span> <span class='ocrx_word' id='word_1_101' title='bbox 1229 1665 1337 1749; x_wconf 90' lang='lat' dir='ltr'>neqni-</span> 
     </span>
     <span class='ocr_line' id='line_1_14' title="bbox 268 1771 1336 1864; baseline 0.002 -28"><span class='ocrx_word' id='word_1_102' title='bbox 268 1774 349 1848; x_wconf 86' lang='lat' dir='ltr'>rent,</span> <span class='ocrx_word' id='word_1_103' title='bbox 371 1772 552 1838; x_wconf 85' lang='lat' dir='ltr'>remedium.</span> <span class='ocrx_word' id='word_1_104' title='bbox 595 1773 655 1838; x_wconf 92' lang='lat' dir='ltr'>Pro</span> <span class='ocrx_word' id='word_1_105' title='bbox 688 1781 762 1856; x_wconf 80' lang='lat' dir='ltr'>opto</span> <span class='ocrx_word' id='word_1_106' title='bbox 790 1771 884 1838; x_wconf 81' lang='lat' dir='ltr'>codex</span> <span class='ocrx_word' id='word_1_107' title='bbox 912 1772 938 1836; x_wconf 83' lang='grc' dir='ltr'>Ε</span> <span class='ocrx_word' id='word_1_108' title='bbox 971 1772 1182 1864; x_wconf 77' lang='lat' dir='ltr'>(Bavaricus),</span> <span class='ocrx_word' id='word_1_109' title='bbox 1220 1771 1253 1837; x_wconf 93' lang='lat' dir='ltr'>in</span> <span class='ocrx_word' id='word_1_110' title='bbox 1279 1773 1336 1838; x_wconf 88' lang='lat' dir='ltr'>bac</span> 
     </span>
     <span class='ocr_line' id='line_1_15' title="bbox 268 1877 1336 1962; baseline 0.002 -20"><span class='ocrx_word' id='word_1_111' title='bbox 268 1879 357 1962; x_wconf 86' lang='lat' dir='ltr'>parte</span> <span class='ocrx_word' id='word_1_112' title='bbox 377 1877 458 1944; x_wconf 89' lang='lat' dir='ltr'>inter</span> <span class='ocrx_word' id='word_1_113' title='bbox 480 1879 607 1944; x_wconf 91' lang='lat' dir='ltr'>minime</span> <span class='ocrx_word' id='word_1_114' title='bbox 628 1879 742 1957; x_wconf 79' lang='lat' dir='ltr'>malco,</span> <span class='ocrx_word' id='word_1_115' title='bbox 772 1878 912 1960; x_wconf 87' lang='lat' dir='ltr'>aprima</span> <span class='ocrx_word' id='word_1_116' title='bbox 933 1897 1026 1944; x_wconf 87' lang='lat' dir='ltr'>manu</span> <span class='ocrx_word' id='word_1_117' title='bbox 1049 1887 1151 1962; x_wconf 79' lang='lat' dir='ltr'>apoto.</span> <span class='ocrx_word' id='word_1_118' title='bbox 1197 1877 1336 1962; x_wconf 88' lang='lat' dir='ltr'>Scripse-</span> 
     </span>
     <span class='ocr_line' id='line_1_16' title="bbox 268 1975 1345 2050; baseline 0.002 -4"><span class='ocrx_word' id='word_1_119' title='bbox 268 1984 318 2050; x_wconf 85' lang='lat' dir='ltr'>rat</span> <span class='ocrx_word' id='word_1_120' title='bbox 341 1982 483 2050; x_wconf 83' lang='lat' dir='ltr'>Ovidius:</span> <span class='ocrx_word' id='word_1_121' title='bbox 690 1975 691 1980; x_wconf 32' lang='lat'>¹</span> <span class='ocrx_word' id='word_1_122' title='bbox 1342 1992 1345 1998; x_wconf 87' lang='lat'>&#39;</span> 
     </span>
     <span class='ocr_line' id='line_1_17' title="bbox 352 2085 1245 2173; baseline 0.002 -20"><span class='ocrx_word' id='word_1_123' title='bbox 352 2087 540 2171; x_wconf 83' lang='lat' dir='ltr'>Lampsacus</span> <span class='ocrx_word' id='word_1_124' title='bbox 562 2089 620 2154; x_wconf 92' lang='lat' dir='ltr'>hoc</span> <span class='ocrx_word' id='word_1_125' title='bbox 641 2088 757 2154; x_wconf 91' lang='lat' dir='ltr'>animal</span> <span class='ocrx_word' id='word_1_126' title='bbox 777 2085 870 2156; x_wconf 85' lang='lat' dir='ltr'>solita</span> <span class='ocrx_word' id='word_1_127' title='bbox 891 2089 939 2154; x_wconf 90' lang='lat' dir='ltr'>est</span> <span class='ocrx_word' id='word_1_128' title='bbox 960 2087 1098 2154; x_wconf 87' lang='lat' dir='ltr'>mactare</span> <span class='ocrx_word' id='word_1_129' title='bbox 1123 2088 1245 2173; x_wconf 85' lang='lat' dir='ltr'>Priapo,</span> 
     </span>
     <span class='ocr_line' id='line_1_18' title="bbox 388 2192 1116 2280; baseline 0.001 -24"><span class='ocrx_word' id='word_1_130' title='bbox 388 2195 480 2280; x_wconf 81' lang='lat' dir='ltr'>foto:</span> <span class='ocrx_word' id='word_1_131' title='bbox 504 2194 593 2262; x_wconf 83' lang='lat' dir='ltr'>Asini</span> <span class='ocrx_word' id='word_1_132' title='bbox 615 2194 749 2260; x_wconf 90' lang='lat' dir='ltr'>flammis</span> <span class='ocrx_word' id='word_1_133' title='bbox 771 2192 882 2259; x_wconf 88' lang='lat' dir='ltr'>indicis</span> <span class='ocrx_word' id='word_1_134' title='bbox 905 2195 974 2258; x_wconf 83' lang='lat' dir='ltr'>crta</span> <span class='ocrx_word' id='word_1_135' title='bbox 997 2193 1116 2258; x_wconf 88' lang='lat' dir='ltr'>damus.</span> 
     </span>
     <span class='ocr_line' id='line_1_19' title="bbox 359 2288 1337 2382; baseline 0 -15"><span class='ocrx_word' id='word_1_136' title='bbox 359 2288 436 2367; x_wconf 61' lang='lat' dir='ltr'>&#39;Iam</span> <span class='ocrx_word' id='word_1_137' title='bbox 459 2300 740 2382; x_wconf 84' lang='lat' dir='ltr'>Lampsacenorum</span> <span class='ocrx_word' id='word_1_138' title='bbox 762 2301 827 2366; x_wconf 84' lang='lat' dir='ltr'>haec</span> <span class='ocrx_word' id='word_1_139' title='bbox 849 2302 922 2366; x_wconf 91' lang='lat' dir='ltr'>sunt</span> <span class='ocrx_word' id='word_1_140' title='bbox 943 2299 1044 2378; x_wconf 87' lang='lat' dir='ltr'>verba,</span> <span class='ocrx_word' id='word_1_141' title='bbox 1067 2300 1115 2366; x_wconf 92' lang='lat' dir='ltr'>sui</span> <span class='ocrx_word' id='word_1_142' title='bbox 1129 2300 1272 2366; x_wconf 89' lang='lat' dir='ltr'>sacrificii</span> <span class='ocrx_word' id='word_1_143' title='bbox 1287 2321 1337 2367; x_wconf 86' lang='lat' dir='ltr'>ra·</span> 
     </span>
     <span class='ocr_line' id='line_1_20' title="bbox 269 2405 1336 2484; baseline -0.002 -12"><span class='ocrx_word' id='word_1_144' title='bbox 269 2406 385 2472; x_wconf 82' lang='lat' dir='ltr'>tionem</span> <span class='ocrx_word' id='word_1_145' title='bbox 407 2405 611 2472; x_wconf 85' lang='lat' dir='ltr'>reddentium.</span> <span class='ocrx_word' id='word_1_146' title='bbox 666 2406 774 2484; x_wconf 91' lang='lat' dir='ltr'>(Panlo</span> <span class='ocrx_word' id='word_1_147' title='bbox 796 2408 909 2471; x_wconf 87' lang='lat' dir='ltr'>antev.</span> <span class='ocrx_word' id='word_1_148' title='bbox 922 2405 981 2468; x_wconf 87' lang='lat'>341</span> <span class='ocrx_word' id='word_1_149' title='bbox 1005 2405 1119 2472; x_wconf 82' lang='lat' dir='ltr'>vellem</span> <span class='ocrx_word' id='word_1_150' title='bbox 1141 2407 1336 2473; x_wconf 81' lang='lat' dir='ltr'>scriberetur:</span> 
     </span>
     <span class='ocr_line' id='line_1_21' title="bbox 403 2511 1148 2596; baseline -0.001 -19"><span class='ocrx_word' id='word_1_151' title='bbox 403 2514 484 2591; x_wconf 88' lang='lat' dir='ltr'>Ibat,</span> <span class='ocrx_word' id='word_1_152' title='bbox 506 2516 541 2578; x_wconf 90' lang='lat' dir='ltr'>ut</span> <span class='ocrx_word' id='word_1_153' title='bbox 562 2512 720 2591; x_wconf 76' lang='lat' dir='ltr'>institerat,</span> <span class='ocrx_word' id='word_1_154' title='bbox 741 2511 825 2596; x_wconf 86' lang='lat' dir='ltr'>longi</span> <span class='ocrx_word' id='word_1_155' title='bbox 847 2511 923 2577; x_wconf 88' lang='lat' dir='ltr'>dous</span> <span class='ocrx_word' id='word_1_156' title='bbox 944 2512 1148 2595; x_wconf 84' lang='lat' dir='ltr'>Hellesponti.</span> 
     </span>
     <span class='ocr_line' id='line_1_22' title="bbox 269 2617 1088 2702; baseline 0 -18"><span class='ocrx_word' id='word_1_157' title='bbox 269 2619 351 2686; x_wconf 84' lang='lat' dir='ltr'>Nam</span> <span class='ocrx_word' id='word_1_158' title='bbox 372 2618 541 2700; x_wconf 92' lang='lat' dir='ltr'>incipiendi</span> <span class='ocrx_word' id='word_1_159' title='bbox 563 2618 725 2684; x_wconf 84' lang='lat' dir='ltr'>consilinm</span> <span class='ocrx_word' id='word_1_160' title='bbox 746 2617 853 2701; x_wconf 90' lang='lat' dir='ltr'>inopte</span> <span class='ocrx_word' id='word_1_161' title='bbox 875 2618 1088 2702; x_wconf 82' lang='lat' dir='ltr'>significatur.)</span> 
     </span>
     <span class='ocr_line' id='line_1_23' title="bbox 369 2723 635 2802; baseline -0.015 -12"><span class='ocrx_word' id='word_1_162' title='bbox 369 2724 435 2790; x_wconf 87' lang='lat' dir='ltr'>Ibd.</span> <span class='ocrx_word' id='word_1_163' title='bbox 460 2724 532 2802; x_wconf 76' lang='lat'>395,</span> <span class='ocrx_word' id='word_1_164' title='bbox 557 2723 635 2787; x_wconf 84' lang='lat'><strong>396:</strong></span> 
     </span>
     <span class='ocr_line' id='line_1_24' title="bbox 427 2829 1110 2906; baseline -0.003 -10"><span class='ocrx_word' id='word_1_165' title='bbox 427 2831 517 2896; x_wconf 78' lang='lat' dir='ltr'>Forte</span> <span class='ocrx_word' id='word_1_166' title='bbox 540 2830 716 2896; x_wconf 80' lang='lat' dir='ltr'>revertebar</span> <span class='ocrx_word' id='word_1_167' title='bbox 737 2829 826 2896; x_wconf 84' lang='lat' dir='ltr'>festis</span> <span class='ocrx_word' id='word_1_168' title='bbox 848 2829 1024 2896; x_wconf 89' lang='lat' dir='ltr'>Vestalibus</span> <span class='ocrx_word' id='word_1_169' title='bbox 1045 2829 1110 2906; x_wconf 85' lang='lat' dir='ltr'>illa,</span> 
     </span>
     <span class='ocr_line' id='line_1_25' title="bbox 464 2933 1248 3018; baseline -0.005 -19"><span class='ocrx_word' id='word_1_170' title='bbox 464 2956 523 3018; x_wconf 89' lang='lat' dir='ltr'>qua</span> <span class='ocrx_word' id='word_1_171' title='bbox 544 2954 623 3000; x_wconf 85' lang='lat' dir='ltr'>nova</span> <span class='ocrx_word' id='word_1_172' title='bbox 643 2936 781 3000; x_wconf 87' lang='lat' dir='ltr'>Romano</span> <span class='ocrx_word' id='word_1_173' title='bbox 803 2953 882 3000; x_wconf 91' lang='lat' dir='ltr'>nunc</span> <span class='ocrx_word' id='word_1_174' title='bbox 905 2935 955 3000; x_wconf 84' lang='lat' dir='ltr'>via</span> <span class='ocrx_word' id='word_1_175' title='bbox 975 2935 1082 2999; x_wconf 89' lang='lat' dir='ltr'>innota</span> <span class='ocrx_word' id='word_1_176' title='bbox 1102 2933 1168 3000; x_wconf 85' lang='lat' dir='ltr'>foro</span> <span class='ocrx_word' id='word_1_177' title='bbox 1192 2934 1248 3000; x_wconf 89' lang='lat' dir='ltr'>est.</span> 
     </span>
     <span class='ocr_line' id='line_1_26' title="bbox 270 3039 917 3124; baseline -0.005 -16"><span class='ocrx_word' id='word_1_178' title='bbox 270 3041 343 3124; x_wconf 89' lang='lat' dir='ltr'>Ipsa</span> <span class='ocrx_word' id='word_1_179' title='bbox 365 3041 513 3106; x_wconf 82' lang='lat' dir='ltr'>novaria</span> <span class='ocrx_word' id='word_1_180' title='bbox 537 3039 665 3106; x_wconf 86' lang='lat' dir='ltr'>Ovidius</span> <span class='ocrx_word' id='word_1_181' title='bbox 690 3042 917 3107; x_wconf 84' lang='lat' dir='ltr'>revertebatur:</span> 
     </span>
     <span class='ocr_line' id='line_1_27' title="bbox 428 3144 1111 3220; baseline 0.001 -10"><span class='ocrx_word' id='word_1_182' title='bbox 428 3147 521 3212; x_wconf 84' lang='lat' dir='ltr'>Forte</span> <span class='ocrx_word' id='word_1_183' title='bbox 541 3147 717 3212; x_wconf 86' lang='lat' dir='ltr'>revertebar</span> <span class='ocrx_word' id='word_1_184' title='bbox 738 3145 825 3212; x_wconf 88' lang='lat' dir='ltr'>festis</span> <span class='ocrx_word' id='word_1_185' title='bbox 847 3145 1025 3212; x_wconf 86' lang='lat' dir='ltr'>Vestalibus</span> <span class='ocrx_word' id='word_1_186' title='bbox 1046 3144 1111 3220; x_wconf 92' lang='lat' dir='ltr'>illa,</span> 
     </span>
     <span class='ocr_line' id='line_1_28' title="bbox 471 3251 1266 3336; baseline 0.003 -22"><span class='ocrx_word' id='word_1_187' title='bbox 471 3275 539 3336; x_wconf 80' lang='lat' dir='ltr'>quoe</span> <span class='ocrx_word' id='word_1_188' title='bbox 560 3271 637 3318; x_wconf 85' lang='lat' dir='ltr'>nova</span> <span class='ocrx_word' id='word_1_189' title='bbox 658 3253 798 3319; x_wconf 88' lang='lat' dir='ltr'>Romano</span> <span class='ocrx_word' id='word_1_190' title='bbox 821 3272 901 3318; x_wconf 90' lang='lat' dir='ltr'>nune</span> <span class='ocrx_word' id='word_1_191' title='bbox 922 3253 972 3318; x_wconf 85' lang='lat' dir='ltr'>via</span> <span class='ocrx_word' id='word_1_192' title='bbox 993 3251 1099 3318; x_wconf 90' lang='lat' dir='ltr'>iuncta</span> <span class='ocrx_word' id='word_1_193' title='bbox 1120 3251 1185 3316; x_wconf 89' lang='lat' dir='ltr'>foro</span> <span class='ocrx_word' id='word_1_194' title='bbox 1209 3253 1266 3326; x_wconf 87' lang='lat' dir='ltr'>est,</span> 
     </span>
     <span class='ocr_line' id='line_1_29' title="bbox 270 3355 1341 3443; baseline -0.001 -20"><span class='ocrx_word' id='word_1_195' title='bbox 270 3357 329 3424; x_wconf 90' lang='lat' dir='ltr'>hoc</span> <span class='ocrx_word' id='word_1_196' title='bbox 352 3357 400 3423; x_wconf 90' lang='lat' dir='ltr'>est</span> <span class='ocrx_word' id='word_1_197' title='bbox 431 3357 504 3434; x_wconf 88' lang='lat' dir='ltr'>„illa</span> <span class='ocrx_word' id='word_1_198' title='bbox 526 3359 594 3434; x_wconf 81' lang='lat' dir='ltr'>via,</span> <span class='ocrx_word' id='word_1_199' title='bbox 617 3367 715 3443; x_wconf 82' lang='lat' dir='ltr'>quae“‚</span> <span class='ocrx_word' id='word_1_200' title='bbox 750 3359 941 3425; x_wconf 84' lang='lat' dir='ltr'>substantivo</span> <span class='ocrx_word' id='word_1_201' title='bbox 963 3358 994 3421; x_wconf 94' lang='lat' dir='ltr'>in</span> <span class='ocrx_word' id='word_1_202' title='bbox 1020 3356 1207 3423; x_wconf 84' lang='lat' dir='ltr'>sententiam</span> <span class='ocrx_word' id='word_1_203' title='bbox 1231 3355 1341 3423; x_wconf 87' lang='lat' dir='ltr'>relat&#39;·</span> 
     </span>
     <span class='ocr_line' id='line_1_30' title="bbox 271 3459 1339 3548; baseline -0.006 -19"><span class='ocrx_word' id='word_1_204' title='bbox 271 3483 343 3530; x_wconf 80' lang='lat' dir='ltr'>uam</span> <span class='ocrx_word' id='word_1_205' title='bbox 366 3464 604 3548; x_wconf 88' lang='lat' dir='ltr'>subsequentem</span> <span class='ocrx_word' id='word_1_206' title='bbox 625 3464 751 3531; x_wconf 87' lang='lat' dir='ltr'>reiecto.</span> <span class='ocrx_word' id='word_1_207' title='bbox 788 3463 911 3544; x_wconf 87' lang='lat' dir='ltr'>(Horat.</span> <span class='ocrx_word' id='word_1_208' title='bbox 935 3461 1020 3548; x_wconf 87' lang='lat' dir='ltr'>epod.</span> <span class='ocrx_word' id='word_1_209' title='bbox 1044 3461 1074 3542; x_wconf 80' lang='lat'>2,</span> <span class='ocrx_word' id='word_1_210' title='bbox 1089 3461 1150 3525; x_wconf 79' lang='lat'>37:</span> <span class='ocrx_word' id='word_1_211' title='bbox 1173 3459 1339 3538; x_wconf 76' lang='lat' dir='ltr'>molarem,</span> 
     </span>
     <span class='ocr_line' id='line_1_31' title="bbox 275 3567 1340 3656; baseline -0.003 -23"><span class='ocrx_word' id='word_1_212' title='bbox 275 3593 352 3656; x_wconf 80' lang='lat' dir='ltr'>qaas</span> <span class='ocrx_word' id='word_1_213' title='bbox 373 3593 461 3633; x_wconf 80' lang='lat' dir='ltr'>amor</span> <span class='ocrx_word' id='word_1_214' title='bbox 483 3592 572 3632; x_wconf 82' lang='lat' dir='ltr'>curos</span> <span class='ocrx_word' id='word_1_215' title='bbox 593 3567 689 3645; x_wconf 77' lang='lat' dir='ltr'>hebet,</span> <span class='ocrx_word' id='word_1_216' title='bbox 715 3568 908 3633; x_wconf 78' lang='lat' dir='ltr'>obliviscitur.</span> <span class='ocrx_word' id='word_1_217' title='bbox 973 3567 1033 3634; x_wconf 83' lang='lat' dir='ltr'>Vel</span> <span class='ocrx_word' id='word_1_218' title='bbox 1054 3567 1160 3634; x_wconf 84' lang='lat' dir='ltr'>Livius</span> <span class='ocrx_word' id='word_1_219' title='bbox 1179 3567 1265 3644; x_wconf 86' lang='lat' dir='ltr'>XXI,</span> <span class='ocrx_word' id='word_1_220' title='bbox 1290 3567 1340 3646; x_wconf 80' lang='lat'>29,</span> 
     </span>
     <span class='ocr_line' id='line_1_32' title="bbox 272 3671 1339 3760; baseline -0.001 -20"><span class='ocrx_word' id='word_1_221' title='bbox 272 3677 307 3742; x_wconf 86' lang='lat'>6:</span> <span class='ocrx_word' id='word_1_222' title='bbox 332 3699 400 3740; x_wconf 84' lang='lat' dir='ltr'>cum</span> <span class='ocrx_word' id='word_1_223' title='bbox 422 3698 469 3756; x_wconf 84' lang='lat' dir='ltr'>eo,</span> <span class='ocrx_word' id='word_1_224' title='bbox 494 3675 548 3760; x_wconf 80' lang='lat' dir='ltr'>qui</span> <span class='ocrx_word' id='word_1_225' title='bbox 562 3675 686 3760; x_wconf 78' lang='lat' dir='ltr'>primae</span> <span class='ocrx_word' id='word_1_226' title='bbox 706 3695 737 3736; x_wconf 86' lang='lat' dir='ltr'>se</span> <span class='ocrx_word' id='word_1_227' title='bbox 758 3673 910 3738; x_wconf 81' lang='lat' dir='ltr'>obtulisset</span> <span class='ocrx_word' id='word_1_228' title='bbox 922 3675 1083 3740; x_wconf 78' lang='lat' dir='ltr'>Romanus</span> <span class='ocrx_word' id='word_1_229' title='bbox 1107 3673 1262 3750; x_wconf 71' lang='lat' dir='ltr'>accercitus,</span> <span class='ocrx_word' id='word_1_230' title='bbox 1284 3671 1339 3739; x_wconf 86' lang='lat' dir='ltr'>ubi</span> 
     </span>
     <span class='ocr_line' id='line_1_33' title="bbox 271 3781 754 3858; baseline -0.006 -9"><span class='ocrx_word' id='word_1_231' title='bbox 271 3783 334 3850; x_wconf 91' lang='lat' dir='ltr'>alia</span> <span class='ocrx_word' id='word_1_232' title='bbox 355 3783 468 3849; x_wconf 89' lang='lat' dir='ltr'>similia</span> <span class='ocrx_word' id='word_1_233' title='bbox 490 3781 637 3847; x_wconf 84' lang='lat' dir='ltr'>annotata</span> <span class='ocrx_word' id='word_1_234' title='bbox 658 3781 754 3858; x_wconf 90' lang='lat' dir='ltr'>sunt.)</span> 
     </span>
     <span class='ocr_line' id='line_1_34' title="bbox 372 3884 635 3965; baseline -0.019 -11"><span class='ocrx_word' id='word_1_235' title='bbox 372 3887 440 3954; x_wconf 89' lang='lat' dir='ltr'>lbd.</span> <span class='ocrx_word' id='word_1_236' title='bbox 461 3885 534 3965; x_wconf 83' lang='lat'>433,</span> <span class='ocrx_word' id='word_1_237' title='bbox 555 3884 635 3949; x_wconf 83' lang='lat'>434:</span> 
     </span>
     <span class='ocr_line' id='line_1_35' title="bbox 408 3989 1186 4074; baseline -0.001 -17"><span class='ocrx_word' id='word_1_238' title='bbox 408 3992 468 4058; x_wconf 84' lang='lat' dir='ltr'>Seu</span> <span class='ocrx_word' id='word_1_239' title='bbox 491 4010 587 4074; x_wconf 86' lang='lat' dir='ltr'>genus</span> <span class='ocrx_word' id='word_1_240' title='bbox 610 3989 747 4070; x_wconf 85' lang='lat' dir='ltr'>Adrasti,</span> <span class='ocrx_word' id='word_1_241' title='bbox 769 4009 824 4056; x_wconf 90' lang='lat' dir='ltr'>sen</span> <span class='ocrx_word' id='word_1_242' title='bbox 845 3989 935 4056; x_wconf 87' lang='lat' dir='ltr'>furtis</span> <span class='ocrx_word' id='word_1_243' title='bbox 957 3989 1047 4073; x_wconf 88' lang='lat' dir='ltr'>aptus</span> <span class='ocrx_word' id='word_1_244' title='bbox 1070 3989 1186 4070; x_wconf 81' lang='lat' dir='ltr'>Ulixes,</span> 
     </span>
     <span class='ocr_line' id='line_1_36' title="bbox 476 4094 1047 4180; baseline -0.002 -18"><span class='ocrx_word' id='word_1_245' title='bbox 476 4115 531 4162; x_wconf 89' lang='lat' dir='ltr'>seu</span> <span class='ocrx_word' id='word_1_246' title='bbox 551 4095 621 4179; x_wconf 85' lang='lat' dir='ltr'>pius</span> <span class='ocrx_word' id='word_1_247' title='bbox 642 4094 754 4162; x_wconf 78' lang='lat' dir='ltr'>Alneos</span> <span class='ocrx_word' id='word_1_248' title='bbox 777 4095 925 4180; x_wconf 90' lang='lat' dir='ltr'>eripuisse</span> <span class='ocrx_word' id='word_1_249' title='bbox 946 4096 1047 4162; x_wconf 88' lang='lat' dir='ltr'>datur.</span> 
     </span>
    </p>
   </div>
   <div class='ocr_carea' id='block_1_5' title="bbox 0 0 1469 4636">
    <p class='ocr_par' dir='ltr' id='par_1_8' title="bbox 0 0 1469 4636">
     <span class='ocr_line' id='line_1_37' title="bbox 0 0 1469 4636; baseline 0 0"><span class='ocrx_word' id='word_1_250' title='bbox 0 0 1469 4636; x_wconf 95' lang='lat' dir='ltr'> </span> 
     </span>
    </p>
   </div>
  </div>
 </body>
</html>
