<?xml version="1.0" encoding="UTF-8"?>
<!DOCTYPE html PUBLIC "-//W3C//DTD XHTML 1.0 Transitional//EN"
    "http://www.w3.org/TR/xhtml1/DTD/xhtml1-transitional.dtd">
<html xmlns="http://www.w3.org/1999/xhtml" xml:lang="en" lang="en">
 <head>
  <title>
</title>
<meta http-equiv="Content-Type" content="text/html;charset=utf-8" />
  <meta name='ocr-system' content='tesseract 3.04.00' />
  <meta name='ocr-capabilities' content='ocr_page ocr_carea ocr_par ocr_line ocrx_word'/>
</head>
<body>
  <div class='ocr_page' id='page_1' title='image "./adversariacriti03madvgoog/adversariacriti03madvgoog_0124.png"; bbox 0 0 2918 4636; ppageno 0'>
   <div class='ocr_carea' id='block_1_1' title="bbox 606 183 1163 286">
    <p class='ocr_par' dir='ltr' id='par_1_1' title="bbox 606 183 1163 286">
     <span class='ocr_line' id='line_1_1' title="bbox 606 183 1163 286; baseline -0.004 -8"><span class='ocrx_word' id='word_1_1' title='bbox 606 221 714 279; x_wconf 70' lang='lat' dir='ltr'>sanem</span> <span class='ocrx_word' id='word_1_2' title='bbox 1095 183 1163 286; x_wconf 37' lang='lat'>111*</span> 
     </span>
    </p>
   </div>
   <div class='ocr_carea' id='block_1_2' title="bbox 124 419 1216 2935">
    <p class='ocr_par' dir='ltr' id='par_1_2' title="bbox 124 419 1216 2604">
     <span class='ocr_line' id='line_1_2' title="bbox 125 419 1198 508; baseline 0 -18"><span class='ocrx_word' id='word_1_3' title='bbox 125 423 236 493; x_wconf 85' lang='lat' dir='ltr'>ludere</span> <span class='ocrx_word' id='word_1_4' title='bbox 257 441 353 506; x_wconf 82' lang='lat' dir='ltr'>nuper:</span> <span class='ocrx_word' id='word_1_5' title='bbox 373 420 543 491; x_wconf 84' lang='lat' dir='ltr'>Ribbectio</span> <span class='ocrx_word' id='word_1_6' title='bbox 573 421 605 486; x_wconf 89' lang='lat' dir='ltr'>et</span> <span class='ocrx_word' id='word_1_7' title='bbox 632 419 702 486; x_wconf 89' lang='lat' dir='ltr'>aliis</span> <span class='ocrx_word' id='word_1_8' title='bbox 731 421 849 504; x_wconf 79' lang='lat' dir='ltr'>pbcuit</span> <span class='ocrx_word' id='word_1_9' title='bbox 877 423 909 490; x_wconf 92' lang='lat' dir='ltr'>in</span> <span class='ocrx_word' id='word_1_10' title='bbox 943 421 1068 508; x_wconf 84' lang='lat' dir='ltr'>Vergilii</span> <span class='ocrx_word' id='word_1_11' title='bbox 1095 423 1198 490; x_wconf 87' lang='lat' dir='ltr'>Buco-</span> 
     </span>
     <span class='ocr_line' id='line_1_3' title="bbox 124 525 1198 612; baseline -0.001 -15"><span class='ocrx_word' id='word_1_12' title='bbox 124 528 214 607; x_wconf 77' lang='lat' dir='ltr'>licis,</span> <span class='ocrx_word' id='word_1_13' title='bbox 249 529 316 597; x_wconf 85' lang='lat' dir='ltr'>totu</span> <span class='ocrx_word' id='word_1_14' title='bbox 339 546 412 594; x_wconf 87' lang='lat' dir='ltr'>oum</span> <span class='ocrx_word' id='word_1_15' title='bbox 434 527 497 592; x_wconf 93' lang='lat' dir='ltr'>risu</span> <span class='ocrx_word' id='word_1_16' title='bbox 520 525 669 592; x_wconf 87' lang='lat' dir='ltr'>eiiciende</span> <span class='ocrx_word' id='word_1_17' title='bbox 692 528 753 605; x_wconf 84' lang='lat' dir='ltr'>est,</span> <span class='ocrx_word' id='word_1_18' title='bbox 785 527 844 596; x_wconf 91' lang='lat' dir='ltr'>nisi</span> <span class='ocrx_word' id='word_1_19' title='bbox 866 529 933 612; x_wconf 88' lang='lat' dir='ltr'>quis</span> <span class='ocrx_word' id='word_1_20' title='bbox 956 528 1076 596; x_wconf 88' lang='lat' dir='ltr'>mavult</span> <span class='ocrx_word' id='word_1_21' title='bbox 1094 527 1198 612; x_wconf 79' lang='lat' dir='ltr'>indig-</span> 
     </span>
     <span class='ocr_line' id='line_1_4' title="bbox 129 631 1197 718; baseline 0 -18"><span class='ocrx_word' id='word_1_22' title='bbox 129 634 300 700; x_wconf 84' lang='lat' dir='ltr'>nuri-talia</span> <span class='ocrx_word' id='word_1_23' title='bbox 323 636 354 698; x_wconf 91' lang='lat' dir='ltr'>et</span> <span class='ocrx_word' id='word_1_24' title='bbox 382 632 510 716; x_wconf 86' lang='lat' dir='ltr'>proferri</span> <span class='ocrx_word' id='word_1_25' title='bbox 541 631 573 696; x_wconf 92' lang='lat' dir='ltr'>iu</span> <span class='ocrx_word' id='word_1_26' title='bbox 606 633 707 698; x_wconf 89' lang='lat' dir='ltr'>lucem</span> <span class='ocrx_word' id='word_1_27' title='bbox 739 651 796 700; x_wconf 91' lang='lat' dir='ltr'>nec</span> <span class='ocrx_word' id='word_1_28' title='bbox 829 635 936 702; x_wconf 89' lang='lat' dir='ltr'>statim</span> <span class='ocrx_word' id='word_1_29' title='bbox 961 634 1089 718; x_wconf 78' lang='lat' dir='ltr'><strong>explodi.</strong></span> <span class='ocrx_word' id='word_1_30' title='bbox 1121 633 1197 700; x_wconf 80' lang='lat' dir='ltr'>Sed</span> 
     </span>
     <span class='ocr_line' id='line_1_5' title="bbox 129 735 1198 820; baseline -0.002 -14"><span class='ocrx_word' id='word_1_31' title='bbox 129 741 200 810; x_wconf 84' lang='lat' dir='ltr'>huic</span> <span class='ocrx_word' id='word_1_32' title='bbox 215 739 357 814; x_wconf 81' lang='lat' dir='ltr'>invento,</span> <span class='ocrx_word' id='word_1_33' title='bbox 390 757 428 802; x_wconf 92' lang='lat' dir='ltr'>ne</span> <span class='ocrx_word' id='word_1_34' title='bbox 452 735 524 820; x_wconf 90' lang='lat' dir='ltr'>quid</span> <span class='ocrx_word' id='word_1_35' title='bbox 546 737 585 802; x_wconf 89' lang='lat' dir='ltr'>ad</span> <span class='ocrx_word' id='word_1_36' title='bbox 607 738 763 806; x_wconf 76' lang='lat' dir='ltr'><strong>licentiam</strong></span> <span class='ocrx_word' id='word_1_37' title='bbox 790 740 930 808; x_wconf 85' lang='lat' dir='ltr'>mutandi</span> <span class='ocrx_word' id='word_1_38' title='bbox 954 744 985 808; x_wconf 92' lang='lat' dir='ltr'>et</span> <span class='ocrx_word' id='word_1_39' title='bbox 1007 739 1111 808; x_wconf 82' lang='lat' dir='ltr'>omniu</span> <span class='ocrx_word' id='word_1_40' title='bbox 1132 757 1198 806; x_wconf 89' lang='lat' dir='ltr'>ver-</span> 
     </span>
     <span class='ocr_line' id='line_1_6' title="bbox 129 843 1199 932; baseline -0.002 -18"><span class='ocrx_word' id='word_1_41' title='bbox 129 845 216 919; x_wconf 82' lang='lat' dir='ltr'>tendi</span> <span class='ocrx_word' id='word_1_42' title='bbox 238 844 377 919; x_wconf 88' lang='lat' dir='ltr'>deesset,</span> <span class='ocrx_word' id='word_1_43' title='bbox 409 843 614 911; x_wconf 81' lang='lat' dir='ltr'>adiunxerant</span> <span class='ocrx_word' id='word_1_44' title='bbox 639 843 786 920; x_wconf 87' lang='lat' dir='ltr'>alterum,</span> <span class='ocrx_word' id='word_1_45' title='bbox 820 846 944 912; x_wconf 75' lang='lat' dir='ltr'>Senecae</span> <span class='ocrx_word' id='word_1_46' title='bbox 972 845 1137 932; x_wconf 77' lang='lat' dir='ltr'>tragoedias</span> <span class='ocrx_word' id='word_1_47' title='bbox 1159 844 1199 912; x_wconf 88' lang='lat' dir='ltr'>ud</span> 
     </span>
     <span class='ocr_line' id='line_1_7' title="bbox 130 950 1199 1038; baseline 0 -22"><span class='ocrx_word' id='word_1_48' title='bbox 130 950 346 1033; x_wconf 70' lang='lat' dir='ltr'>posteritatem</span> <span class='ocrx_word' id='word_1_49' title='bbox 377 950 562 1034; x_wconf 84' lang='lat' dir='ltr'>propagatas</span> <span class='ocrx_word' id='word_1_50' title='bbox 592 967 660 1014; x_wconf 91' lang='lat' dir='ltr'>esse</span> <span class='ocrx_word' id='word_1_51' title='bbox 685 968 722 1016; x_wconf 82' lang='lat' dir='ltr'>er</span> <span class='ocrx_word' id='word_1_52' title='bbox 753 952 954 1038; x_wconf 82' lang='lat' dir='ltr'>chirographo</span> <span class='ocrx_word' id='word_1_53' title='bbox 987 953 1084 1036; x_wconf 87' lang='lat' dir='ltr'>ipsius</span> <span class='ocrx_word' id='word_1_54' title='bbox 1117 951 1199 1018; x_wconf 92' lang='lat' dir='ltr'>omni</span> 
     </span>
     <span class='ocr_line' id='line_1_8' title="bbox 130 1053 1216 1141; baseline 0 -19"><span class='ocrx_word' id='word_1_55' title='bbox 130 1074 243 1141; x_wconf 82' lang='lat' dir='ltr'>genere</span> <span class='ocrx_word' id='word_1_56' title='bbox 264 1054 443 1130; x_wconf 74' lang='lat' dir='ltr'>lituremm</span> <span class='ocrx_word' id='word_1_57' title='bbox 482 1053 721 1136; x_wconf 76' lang='lat' dir='ltr'>correctionum,</span> <span class='ocrx_word' id='word_1_58' title='bbox 754 1056 1029 1141; x_wconf 75' lang='lat' dir='ltr'>dittographiarum</span> <span class='ocrx_word' id='word_1_59' title='bbox 1066 1057 1216 1140; x_wconf 58' lang='lat' dir='ltr'>oppress„</span> 
     </span>
     <span class='ocr_line' id='line_1_9' title="bbox 130 1159 1199 1248; baseline 0 -22"><span class='ocrx_word' id='word_1_60' title='bbox 130 1161 175 1229; x_wconf 81' lang='lat' dir='ltr'>ita</span> <span class='ocrx_word' id='word_1_61' title='bbox 197 1161 232 1226; x_wconf 92' lang='lat' dir='ltr'>ut</span> <span class='ocrx_word' id='word_1_62' title='bbox 253 1160 284 1226; x_wconf 92' lang='lat' dir='ltr'>in</span> <span class='ocrx_word' id='word_1_63' title='bbox 307 1160 419 1226; x_wconf 87' lang='lat' dir='ltr'>uestris</span> <span class='ocrx_word' id='word_1_64' title='bbox 443 1159 596 1224; x_wconf 78' lang='lat' dir='ltr'>codicibus</span> <span class='ocrx_word' id='word_1_65' title='bbox 619 1179 677 1224; x_wconf 91' lang='lat' dir='ltr'>uon</span> <span class='ocrx_word' id='word_1_66' title='bbox 699 1163 869 1234; x_wconf 17' lang='lat' dir='ltr'>raroibinae</span> <span class='ocrx_word' id='word_1_67' title='bbox 884 1164 1089 1248; x_wconf 85' lang='lat' dir='ltr'>&#39;superessent</span> <span class='ocrx_word' id='word_1_68' title='bbox 1103 1162 1199 1246; x_wconf 89' lang='lat' dir='ltr'>ipsius</span> 
     </span>
     <span class='ocr_line' id='line_1_10' title="bbox 125 1265 1201 1349; baseline -0.002 -15"><span class='ocrx_word' id='word_1_69' title='bbox 125 1267 264 1334; x_wconf 82' lang='lat' dir='ltr'>auctoris</span> <span class='ocrx_word' id='word_1_70' title='bbox 287 1266 462 1348; x_wconf 77' lang='lat' dir='ltr'>scriptura,</span> <span class='ocrx_word' id='word_1_71' title='bbox 494 1265 574 1349; x_wconf 89' lang='lat' dir='ltr'>quod</span> <span class='ocrx_word' id='word_1_72' title='bbox 600 1266 701 1332; x_wconf 86' lang='lat' dir='ltr'>totum</span> <span class='ocrx_word' id='word_1_73' title='bbox 729 1267 804 1334; x_wconf 85' lang='lat' dir='ltr'>odeo</span> <span class='ocrx_word' id='word_1_74' title='bbox 833 1269 943 1334; x_wconf 87' lang='lat' dir='ltr'>leviter</span> <span class='ocrx_word' id='word_1_75' title='bbox 965 1267 1130 1334; x_wconf 83' lang='lat' dir='ltr'>confictum</span> <span class='ocrx_word' id='word_1_76' title='bbox 1152 1268 1201 1332; x_wconf 89' lang='lat' dir='ltr'>est</span> 
     </span>
     <span class='ocr_line' id='line_1_11' title="bbox 132 1371 1199 1457; baseline 0.001 -20"><span class='ocrx_word' id='word_1_77' title='bbox 132 1371 326 1440; x_wconf 86' lang='lat' dir='ltr'>ascribendi</span> <span class='ocrx_word' id='word_1_78' title='bbox 362 1372 513 1438; x_wconf 89' lang='lat' dir='ltr'>erroribus</span> <span class='ocrx_word' id='word_1_79' title='bbox 537 1371 713 1455; x_wconf 79' lang='lat' dir='ltr'>vulgaribus</span> <span class='ocrx_word' id='word_1_80' title='bbox 744 1375 776 1438; x_wconf 90' lang='lat' dir='ltr'>et</span> <span class='ocrx_word' id='word_1_81' title='bbox 809 1393 845 1440; x_wconf 82' lang='lat' dir='ltr'>ex</span> <span class='ocrx_word' id='word_1_82' title='bbox 877 1374 1010 1457; x_wconf 83' lang='lat' dir='ltr'>antiquae</span> <span class='ocrx_word' id='word_1_83' title='bbox 1042 1372 1199 1456; x_wconf 87' lang='lat' dir='ltr'>scripturae</span> 
     </span>
     <span class='ocr_line' id='line_1_12' title="bbox 129 1476 1201 1562; baseline 0.003 -20"><span class='ocrx_word' id='word_1_84' title='bbox 129 1478 266 1544; x_wconf 89' lang='lat' dir='ltr'>difficilis</span> <span class='ocrx_word' id='word_1_85' title='bbox 301 1479 355 1544; x_wconf 87' lang='lat' dir='ltr'>aut</span> <span class='ocrx_word' id='word_1_86' title='bbox 386 1476 526 1552; x_wconf 84' lang='lat' dir='ltr'>nonnihil</span> <span class='ocrx_word' id='word_1_87' title='bbox 563 1480 712 1559; x_wconf 87' lang='lat' dir='ltr'>corruptae</span> <span class='ocrx_word' id='word_1_88' title='bbox 751 1479 1035 1562; x_wconf 77' lang='lat' dir='ltr'>interpolationibus</span> <span class='ocrx_word' id='word_1_89' title='bbox 1074 1479 1106 1543; x_wconf 87' lang='lat' dir='ltr'>et</span> <span class='ocrx_word' id='word_1_90' title='bbox 1132 1496 1201 1545; x_wconf 86' lang='lat' dir='ltr'>cor·</span> 
     </span>
     <span class='ocr_line' id='line_1_13' title="bbox 130 1583 1200 1668; baseline 0.002 -20"><span class='ocrx_word' id='word_1_91' title='bbox 130 1584 318 1658; x_wconf 83' lang='lat' dir='ltr'>motionibus</span> <span class='ocrx_word' id='word_1_92' title='bbox 344 1583 421 1648; x_wconf 91' lang='lat' dir='ltr'>nibil</span> <span class='ocrx_word' id='word_1_93' title='bbox 444 1583 567 1650; x_wconf 90' lang='lat' dir='ltr'>omuino</span> <span class='ocrx_word' id='word_1_94' title='bbox 596 1583 634 1646; x_wconf 90' lang='lat' dir='ltr'>ab</span> <span class='ocrx_word' id='word_1_95' title='bbox 660 1584 717 1659; x_wconf 87' lang='lat' dir='ltr'>iis,</span> <span class='ocrx_word' id='word_1_96' title='bbox 753 1603 819 1668; x_wconf 87' lang='lat' dir='ltr'>quae</span> <span class='ocrx_word' id='word_1_97' title='bbox 841 1585 874 1650; x_wconf 92' lang='lat' dir='ltr'>in</span> <span class='ocrx_word' id='word_1_98' title='bbox 896 1585 1037 1650; x_wconf 88' lang='lat' dir='ltr'>omnibus</span> <span class='ocrx_word' id='word_1_99' title='bbox 1060 1584 1200 1668; x_wconf 86' lang='lat' dir='ltr'>antiquo·</span> 
     </span>
     <span class='ocr_line' id='line_1_14' title="bbox 127 1688 1201 1772; baseline 0 -18"><span class='ocrx_word' id='word_1_100' title='bbox 127 1707 201 1757; x_wconf 87' lang='lat' dir='ltr'>rum</span> <span class='ocrx_word' id='word_1_101' title='bbox 223 1690 365 1772; x_wconf 84' lang='lat' dir='ltr'>operibus</span> <span class='ocrx_word' id='word_1_102' title='bbox 387 1689 538 1764; x_wconf 83' lang='lat' dir='ltr'>accidunt,</span> <span class='ocrx_word' id='word_1_103' title='bbox 561 1688 706 1764; x_wconf 84' lang='lat' dir='ltr'>diversis,</span> <span class='ocrx_word' id='word_1_104' title='bbox 728 1691 803 1756; x_wconf 85' lang='lat' dir='ltr'>adeo</span> <span class='ocrx_word' id='word_1_105' title='bbox 828 1693 967 1756; x_wconf 89' lang='lat' dir='ltr'>veterum</span> <span class='ocrx_word' id='word_1_106' title='bbox 989 1689 1201 1758; x_wconf 83' lang='lat' dir='ltr'>consuetudini</span> 
     </span>
     <span class='ocr_line' id='line_1_15' title="bbox 126 1793 1201 1880; baseline 0 -20"><span class='ocrx_word' id='word_1_107' title='bbox 126 1796 227 1865; x_wconf 85' lang='lat' dir='ltr'>libros</span> <span class='ocrx_word' id='word_1_108' title='bbox 249 1793 417 1878; x_wconf 79' lang='lat' dir='ltr'>evulgandi</span> <span class='ocrx_word' id='word_1_109' title='bbox 436 1795 596 1878; x_wconf 78' lang='lat' dir='ltr'>repugnat,</span> <span class='ocrx_word' id='word_1_110' title='bbox 619 1797 654 1860; x_wconf 93' lang='lat' dir='ltr'>ut</span> <span class='ocrx_word' id='word_1_111' title='bbox 674 1795 802 1862; x_wconf 81' lang='lat' dir='ltr'>refutari</span> <span class='ocrx_word' id='word_1_112' title='bbox 824 1817 885 1870; x_wconf 88' lang='lat' dir='ltr'>nou</span> <span class='ocrx_word' id='word_1_113' title='bbox 906 1816 982 1880; x_wconf 86' lang='lat' dir='ltr'>opus</span> <span class='ocrx_word' id='word_1_114' title='bbox 1004 1796 1090 1878; x_wconf 69' lang='lat' dir='ltr'>sit1).</span> <span class='ocrx_word' id='word_1_115' title='bbox 1142 1795 1201 1862; x_wconf 91' lang='lat' dir='ltr'>His</span> 
     </span>
     <span class='ocr_line' id='line_1_16' title="bbox 133 1890 1202 1985; baseline 0 -19"><span class='ocrx_word' id='word_1_116' title='bbox 133 1901 238 1984; x_wconf 86' lang='lat' dir='ltr'>itaque</span> <span class='ocrx_word' id='word_1_117' title='bbox 261 1901 441 1984; x_wconf 83' lang='lat' dir='ltr'>opinionum</span> <span class='ocrx_word' id='word_1_118' title='bbox 463 1899 647 1966; x_wconf 88' lang='lat' dir='ltr'>commentis</span> <span class='ocrx_word' id='word_1_119' title='bbox 669 1901 805 1971; x_wconf 85' lang='lat' dir='ltr'>dimissis</span> <span class='ocrx_word' id='word_1_120' title='bbox 839 1890 1005 1985; x_wconf 74' lang='lat' dir='ltr'>eiectis&#39;que</span> <span class='ocrx_word' id='word_1_121' title='bbox 1033 1900 1202 1984; x_wconf 80' lang='lat' dir='ltr'>transposi-</span> 
     </span>
     <span class='ocr_line' id='line_1_17' title="bbox 129 2006 1202 2091; baseline 0 -19"><span class='ocrx_word' id='word_1_122' title='bbox 129 2006 272 2075; x_wconf 86' lang='lat' dir='ltr'>tionibus</span> <span class='ocrx_word' id='word_1_123' title='bbox 295 2007 433 2086; x_wconf 87' lang='lat' dir='ltr'>infinitis,</span> <span class='ocrx_word' id='word_1_124' title='bbox 455 2007 633 2072; x_wconf 89' lang='lat' dir='ltr'>lacunarum</span> <span class='ocrx_word' id='word_1_125' title='bbox 660 2008 751 2083; x_wconf 87' lang='lat' dir='ltr'>uotis,</span> <span class='ocrx_word' id='word_1_126' title='bbox 780 2009 1022 2091; x_wconf 83' lang='lat' dir='ltr'>coniecturisquc</span> <span class='ocrx_word' id='word_1_127' title='bbox 1043 2025 1112 2074; x_wconf 88' lang='lat' dir='ltr'>cum</span> <span class='ocrx_word' id='word_1_128' title='bbox 1135 2024 1202 2089; x_wconf 82' lang='lat' dir='ltr'>quac</span> 
     </span>
     <span class='ocr_line' id='line_1_18' title="bbox 134 2111 1204 2198; baseline -0.004 -18"><span class='ocrx_word' id='word_1_129' title='bbox 134 2114 204 2180; x_wconf 89' lang='lat' dir='ltr'>hinc</span> <span class='ocrx_word' id='word_1_130' title='bbox 227 2115 308 2180; x_wconf 86' lang='lat' dir='ltr'>natae</span> <span class='ocrx_word' id='word_1_131' title='bbox 330 2114 402 2178; x_wconf 90' lang='lat' dir='ltr'>sunt</span> <span class='ocrx_word' id='word_1_132' title='bbox 436 2114 503 2178; x_wconf 91' lang='lat' dir='ltr'>tum</span> <span class='ocrx_word' id='word_1_133' title='bbox 531 2111 598 2178; x_wconf 86' lang='lat' dir='ltr'>aliis</span> <span class='ocrx_word' id='word_1_134' title='bbox 635 2115 786 2195; x_wconf 78' lang='lat' dir='ltr'>practerea</span> <span class='ocrx_word' id='word_1_135' title='bbox 806 2112 966 2198; x_wconf 89' lang='lat' dir='ltr'>permultis</span> <span class='ocrx_word' id='word_1_136' title='bbox 990 2113 1149 2180; x_wconf 87' lang='lat' dir='ltr'>inutilibus</span> <span class='ocrx_word' id='word_1_137' title='bbox 1172 2113 1204 2177; x_wconf 87' lang='lat' dir='ltr'>et</span> 
     </span>
     <span class='ocr_line' id='line_1_19' title="bbox 134 2211 1201 2303; baseline -0.002 -19"><span class='ocrx_word' id='word_1_138' title='bbox 134 2221 248 2303; x_wconf 88' lang='lat' dir='ltr'>purtim</span> <span class='ocrx_word' id='word_1_139' title='bbox 272 2211 412 2284; x_wconf 87' lang='lat' dir='ltr'>absurdis</span> <span class='ocrx_word' id='word_1_140' title='bbox 421 2218 459 2296; x_wconf 77' lang='lat'>²),</span> <span class='ocrx_word' id='word_1_141' title='bbox 482 2219 605 2284; x_wconf 89' lang='lat' dir='ltr'>utemur</span> <span class='ocrx_word' id='word_1_142' title='bbox 626 2219 747 2303; x_wconf 88' lang='lat' dir='ltr'>Peiperi</span> <span class='ocrx_word' id='word_1_143' title='bbox 769 2222 802 2286; x_wconf 83' lang='lat' dir='ltr'>et</span> <span class='ocrx_word' id='word_1_144' title='bbox 822 2219 960 2288; x_wconf 87' lang='lat' dir='ltr'>Richteri</span> <span class='ocrx_word' id='word_1_145' title='bbox 987 2217 1082 2302; x_wconf 89' lang='lat' dir='ltr'>copiis</span> <span class='ocrx_word' id='word_1_146' title='bbox 1110 2220 1151 2296; x_wconf 84' lang='lat' dir='ltr'>et,</span> <span class='ocrx_word' id='word_1_147' title='bbox 1174 2217 1201 2284; x_wconf 90' lang='lat' dir='ltr'>si</span> 
     </span>
     <span class='ocr_line' id='line_1_20' title="bbox 134 2322 1200 2409; baseline 0.002 -18"><span class='ocrx_word' id='word_1_148' title='bbox 134 2326 207 2409; x_wconf 83' lang='lat' dir='ltr'>quid</span> <span class='ocrx_word' id='word_1_149' title='bbox 229 2325 268 2391; x_wconf 91' lang='lat' dir='ltr'>iis</span> <span class='ocrx_word' id='word_1_150' title='bbox 297 2343 414 2408; x_wconf 88' lang='lat' dir='ltr'>quoque</span> <span class='ocrx_word' id='word_1_151' title='bbox 444 2322 552 2402; x_wconf 88' lang='lat' dir='ltr'>adiuti,</span> <span class='ocrx_word' id='word_1_152' title='bbox 586 2325 665 2408; x_wconf 82' lang='lat' dir='ltr'>quod</span> <span class='ocrx_word' id='word_1_153' title='bbox 686 2325 809 2392; x_wconf 83' lang='lat' dir='ltr'>traditis</span> <span class='ocrx_word' id='word_1_154' title='bbox 839 2328 893 2391; x_wconf 88' lang='lat' dir='ltr'>aut</span> <span class='ocrx_word' id='word_1_155' title='bbox 915 2325 953 2392; x_wconf 87' lang='lat' dir='ltr'>eb</span> <span class='ocrx_word' id='word_1_156' title='bbox 975 2325 1045 2393; x_wconf 89' lang='lat' dir='ltr'>uliis</span> <span class='ocrx_word' id='word_1_157' title='bbox 1067 2324 1200 2393; x_wconf 82' lang='lat' dir='ltr'>inventis</span> 
     </span>
     <span class='ocr_line' id='line_1_21' title="bbox 132 2428 999 2514; baseline -0.001 -17"><span class='ocrx_word' id='word_1_158' title='bbox 132 2432 246 2498; x_wconf 88' lang='lat' dir='ltr'>melius</span> <span class='ocrx_word' id='word_1_159' title='bbox 270 2430 321 2504; x_wconf 76' lang='lat' dir='ltr'>sit</span> <span class='ocrx_word' id='word_1_160' title='bbox 343 2429 482 2496; x_wconf 82' lang='lat' dir='ltr'>effecisse</span> <span class='ocrx_word' id='word_1_161' title='bbox 506 2428 592 2494; x_wconf 88' lang='lat' dir='ltr'>nobis</span> <span class='ocrx_word' id='word_1_162' title='bbox 615 2428 762 2510; x_wconf 71' lang='lat' dir='ltr'>videmur,</span> <span class='ocrx_word' id='word_1_163' title='bbox 786 2448 999 2514; x_wconf 89' lang='lat' dir='ltr'>proponamus.</span> 
     </span>
     <span class='ocr_line' id='line_1_22' title="bbox 235 2534 543 2604; baseline -0.019 -2"><span class='ocrx_word' id='word_1_164' title='bbox 235 2534 366 2604; x_wconf 84' lang='lat' dir='ltr'>licrouli</span> <span class='ocrx_word' id='word_1_165' title='bbox 388 2535 464 2602; x_wconf 79' lang='lat' dir='ltr'>llur.</span> <span class='ocrx_word' id='word_1_166' title='bbox 489 2534 543 2596; x_wconf 80' lang='lat'>27:</span> 
     </span>
    </p>

    <p class='ocr_par' dir='ltr' id='par_1_3' title="bbox 337 2639 969 2724">
     <span class='ocr_line' id='line_1_23' title="bbox 337 2639 969 2724; baseline -0.006 -18"><span class='ocrx_word' id='word_1_167' title='bbox 337 2642 406 2708; x_wconf 91' lang='lat' dir='ltr'>Nou</span> <span class='ocrx_word' id='word_1_168' title='bbox 429 2642 473 2707; x_wconf 90' lang='lat' dir='ltr'>sic</span> <span class='ocrx_word' id='word_1_169' title='bbox 495 2639 623 2706; x_wconf 89' lang='lat' dir='ltr'>abibunt</span> <span class='ocrx_word' id='word_1_170' title='bbox 644 2639 728 2716; x_wconf 77' lang='lat' dir='ltr'>cdie3</span> <span class='ocrx_word' id='word_1_171' title='bbox 754 2640 875 2706; x_wconf 84' lang='lat' dir='ltr'>vivaces</span> <span class='ocrx_word' id='word_1_172' title='bbox 897 2641 969 2724; x_wconf 84' lang='lat' dir='ltr'>aget</span> 
     </span>
    </p>

    <p class='ocr_par' dir='ltr' id='par_1_4' title="bbox 337 2743 1000 2812">
     <span class='ocr_line' id='line_1_24' title="bbox 337 2743 1000 2812; baseline -0.002 -2"><span class='ocrx_word' id='word_1_173' title='bbox 337 2744 487 2810; x_wconf 90' lang='lat' dir='ltr'>violentus</span> <span class='ocrx_word' id='word_1_174' title='bbox 509 2743 571 2810; x_wconf 88' lang='lat' dir='ltr'>iras</span> <span class='ocrx_word' id='word_1_175' title='bbox 595 2745 714 2810; x_wconf 89' lang='lat' dir='ltr'>animus</span> <span class='ocrx_word' id='word_1_176' title='bbox 736 2747 768 2812; x_wconf 89' lang='lat' dir='ltr'>et</span> <span class='ocrx_word' id='word_1_177' title='bbox 792 2764 891 2810; x_wconf 84' lang='lat' dir='ltr'>saevus</span> <span class='ocrx_word' id='word_1_178' title='bbox 914 2744 1000 2810; x_wconf 91' lang='lat' dir='ltr'>dolor</span> 
     </span>
    </p>

    <p class='ocr_par' dir='ltr' id='par_1_5' title="bbox 339 2849 918 2935">
     <span class='ocr_line' id='line_1_25' title="bbox 339 2849 918 2935; baseline 0 -18"><span class='ocrx_word' id='word_1_179' title='bbox 339 2853 455 2917; x_wconf 82' lang='lat' dir='ltr'>aeterna</span> <span class='ocrx_word' id='word_1_180' title='bbox 476 2849 558 2914; x_wconf 89' lang='lat' dir='ltr'>bella</span> <span class='ocrx_word' id='word_1_181' title='bbox 579 2869 654 2932; x_wconf 86' lang='lat' dir='ltr'>pace</span> <span class='ocrx_word' id='word_1_182' title='bbox 676 2852 798 2918; x_wconf 81' lang='lat' dir='ltr'>sublata</span> <span class='ocrx_word' id='word_1_183' title='bbox 822 2851 918 2935; x_wconf 84' lang='lat' dir='ltr'>geret.</span> 
     </span>
    </p>
   </div>
   <div class='ocr_carea' id='block_1_3' title="bbox 136 3029 338 3040">
    <p class='ocr_par' dir='ltr' id='par_1_6' title="bbox 136 3029 338 3040">
     <span class='ocr_line' id='line_1_26' title="bbox 136 3029 338 3040; baseline -0.015 0"><span class='ocrx_word' id='word_1_184' title='bbox 136 3029 338 3040; x_wconf 50' lang='lat' dir='ltr'>...u--n--ma</span> 
     </span>
    </p>
   </div>
   <div class='ocr_carea' id='block_1_4' title="bbox 165 3105 1208 4106">
    <p class='ocr_par' dir='ltr' id='par_1_7' title="bbox 165 3105 1207 3737">
     <span class='ocr_line' id='line_1_27' title="bbox 165 3105 1204 3180; baseline -0.005 -13"><span class='ocrx_word' id='word_1_185' title='bbox 165 3115 188 3179; x_wconf 81' lang='lat'>¹)</span> <span class='ocrx_word' id='word_1_186' title='bbox 210 3112 249 3166; x_wconf 88' lang='lat' dir='ltr'>Ut</span> <span class='ocrx_word' id='word_1_187' title='bbox 268 3111 346 3166; x_wconf 91' lang='lat' dir='ltr'>illius</span> <span class='ocrx_word' id='word_1_188' title='bbox 365 3109 397 3164; x_wconf 90' lang='lat' dir='ltr'>dc</span> <span class='ocrx_word' id='word_1_189' title='bbox 417 3108 546 3176; x_wconf 87' lang='lat' dir='ltr'>numeris,</span> <span class='ocrx_word' id='word_1_190' title='bbox 572 3127 638 3180; x_wconf 83' lang='lat' dir='ltr'>quos</span> <span class='ocrx_word' id='word_1_191' title='bbox 656 3109 799 3180; x_wconf 86' lang='lat' dir='ltr'>scriptores</span> <span class='ocrx_word' id='word_1_192' title='bbox 818 3109 903 3164; x_wconf 87' lang='lat' dir='ltr'>secuti</span> <span class='ocrx_word' id='word_1_193' title='bbox 924 3108 992 3170; x_wconf 85' lang='lat' dir='ltr'>siut,</span> <span class='ocrx_word' id='word_1_194' title='bbox 1012 3105 1111 3161; x_wconf 86' lang='lat' dir='ltr'>somnii</span> <span class='ocrx_word' id='word_1_195' title='bbox 1129 3107 1204 3178; x_wconf 80' lang='lat' dir='ltr'>origo</span> 
     </span>
     <span class='ocr_line' id='line_1_28' title="bbox 208 3198 1205 3272; baseline -0.004 -12"><span class='ocrx_word' id='word_1_196' title='bbox 208 3203 243 3260; x_wconf 83' lang='lat' dir='ltr'>ad</span> <span class='ocrx_word' id='word_1_197' title='bbox 263 3203 464 3260; x_wconf 83' lang='lat' dir='ltr'>Lachmannum</span> <span class='ocrx_word' id='word_1_198' title='bbox 479 3202 577 3258; x_wconf 68' lang='lat' dir='ltr'>resera</span> <span class='ocrx_word' id='word_1_199' title='bbox 590 3203 688 3272; x_wconf 86' lang='lat' dir='ltr'>petest,</span> <span class='ocrx_word' id='word_1_200' title='bbox 707 3203 754 3271; x_wconf 91' lang='lat' dir='ltr'>qui</span> <span class='ocrx_word' id='word_1_201' title='bbox 773 3201 801 3256; x_wconf 87' lang='lat' dir='ltr'>iu</span> <span class='ocrx_word' id='word_1_202' title='bbox 820 3201 934 3257; x_wconf 87' lang='lat' dir='ltr'>iuvenili</span> <span class='ocrx_word' id='word_1_203' title='bbox 951 3200 1021 3255; x_wconf 83' lang='lat' dir='ltr'>libro</span> <span class='ocrx_word' id='word_1_204' title='bbox 1040 3198 1073 3253; x_wconf 89' lang='lat' dir='ltr'>de</span> <span class='ocrx_word' id='word_1_205' title='bbox 1091 3198 1205 3256; x_wconf 77' lang='lat' dir='ltr'>choriois</span> 
     </span>
     <span class='ocr_line' id='line_1_29' title="bbox 208 3292 1207 3368; baseline -0.005 -16"><span class='ocrx_word' id='word_1_206' title='bbox 208 3298 371 3368; x_wconf 78' lang='lat' dir='ltr'>tragicorum</span> <span class='ocrx_word' id='word_1_207' title='bbox 409 3296 564 3367; x_wconf 81' lang='lat' dir='ltr'>systematis</span> <span class='ocrx_word' id='word_1_208' title='bbox 602 3295 759 3365; x_wconf 79' lang='lat' dir='ltr'>AEsehylum</span> <span class='ocrx_word' id='word_1_209' title='bbox 796 3295 885 3352; x_wconf 81' lang='lat' dir='ltr'>omnia</span> <span class='ocrx_word' id='word_1_210' title='bbox 917 3293 1060 3351; x_wconf 82' lang='lat' dir='ltr'>chororum</span> <span class='ocrx_word' id='word_1_211' title='bbox 1090 3292 1207 3348; x_wconf 82' lang='lat' dir='ltr'>carmina</span> 
     </span>
     <span class='ocr_line' id='line_1_30' title="bbox 209 3385 1204 3460; baseline -0.005 -16"><span class='ocrx_word' id='word_1_212' title='bbox 209 3390 360 3460; x_wconf 76' lang='lat' dir='ltr'>septenario</span> <span class='ocrx_word' id='word_1_213' title='bbox 383 3405 505 3446; x_wconf 87' lang='lat' dir='ltr'>versuum</span> <span class='ocrx_word' id='word_1_214' title='bbox 524 3404 634 3444; x_wconf 88' lang='lat' dir='ltr'>numero</span> <span class='ocrx_word' id='word_1_215' title='bbox 653 3385 813 3444; x_wconf 86' lang='lat' dir='ltr'>conclusisse</span> <span class='ocrx_word' id='word_1_216' title='bbox 832 3386 986 3452; x_wconf 83' lang='lat' dir='ltr'>statuebat,</span> <span class='ocrx_word' id='word_1_217' title='bbox 1014 3386 1053 3440; x_wconf 88' lang='lat' dir='ltr'>sic</span> <span class='ocrx_word' id='word_1_218' title='bbox 1072 3385 1128 3440; x_wconf 80' lang='lat' dir='ltr'>buc</span> <span class='ocrx_word' id='word_1_219' title='bbox 1147 3386 1204 3456; x_wconf 87' lang='lat' dir='ltr'>opi·</span> 
     </span>
     <span class='ocr_line' id='line_1_31' title="bbox 209 3478 1207 3550; baseline -0.006 -12"><span class='ocrx_word' id='word_1_220' title='bbox 209 3483 255 3538; x_wconf 88' lang='lat' dir='ltr'>uio</span> <span class='ocrx_word' id='word_1_221' title='bbox 281 3483 313 3538; x_wconf 90' lang='lat' dir='ltr'>de</span> <span class='ocrx_word' id='word_1_222' title='bbox 337 3481 456 3538; x_wconf 87' lang='lat' dir='ltr'>codicum</span> <span class='ocrx_word' id='word_1_223' title='bbox 483 3484 635 3536; x_wconf 84' lang='lat' dir='ltr'>nostrorum</span> <span class='ocrx_word' id='word_1_224' title='bbox 663 3479 841 3550; x_wconf 80' lang='lat' dir='ltr'>discrepantia</span> <span class='ocrx_word' id='word_1_225' title='bbox 868 3495 900 3532; x_wconf 90' lang='lat' dir='ltr'>ex</span> <span class='ocrx_word' id='word_1_226' title='bbox 930 3478 1037 3534; x_wconf 80' lang='lat' dir='ltr'>confuso</span> <span class='ocrx_word' id='word_1_227' title='bbox 1067 3478 1207 3548; x_wconf 86' lang='lat' dir='ltr'>scriptoris</span> 
     </span>
     <span class='ocr_line' id='line_1_32' title="bbox 211 3570 1205 3646; baseline -0.007 -16"><span class='ocrx_word' id='word_1_228' title='bbox 211 3575 389 3646; x_wconf 82' lang='lat' dir='ltr'>chirographo</span> <span class='ocrx_word' id='word_1_229' title='bbox 409 3576 468 3628; x_wconf 88' lang='lat' dir='ltr'>orta</span> <span class='ocrx_word' id='word_1_230' title='bbox 484 3576 620 3630; x_wconf 83' lang='lat' dir='ltr'>auctorem</span> <span class='ocrx_word' id='word_1_231' title='bbox 639 3571 830 3642; x_wconf 84' lang='lat' dir='ltr'>quodammodo</span> <span class='ocrx_word' id='word_1_232' title='bbox 849 3570 1016 3628; x_wconf 72' lang='lat' dir='ltr'>hahardo.</span> <span class='ocrx_word' id='word_1_233' title='bbox 1036 3571 1205 3635; x_wconf 86' lang='lat' dir='ltr'>Muellerum,</span> 
     </span>
     <span class='ocr_line' id='line_1_33' title="bbox 211 3663 1047 3737; baseline -0.004 -15"><span class='ocrx_word' id='word_1_234' title='bbox 211 3665 258 3737; x_wconf 91' lang='lat' dir='ltr'>qui</span> <span class='ocrx_word' id='word_1_235' title='bbox 278 3683 335 3720; x_wconf 87' lang='lat' dir='ltr'>eam</span> <span class='ocrx_word' id='word_1_236' title='bbox 354 3667 383 3720; x_wconf 93' lang='lat' dir='ltr'>in</span> <span class='ocrx_word' id='word_1_237' title='bbox 403 3665 530 3721; x_wconf 87' lang='lat' dir='ltr'>Varronis</span> <span class='ocrx_word' id='word_1_238' title='bbox 549 3666 582 3721; x_wconf 94' lang='lat' dir='ltr'>de</span> <span class='ocrx_word' id='word_1_239' title='bbox 601 3665 695 3736; x_wconf 83' lang='lat' dir='ltr'>lingua</span> <span class='ocrx_word' id='word_1_240' title='bbox 713 3665 812 3720; x_wconf 85' lang='lat' dir='ltr'>Latina</span> <span class='ocrx_word' id='word_1_241' title='bbox 830 3664 906 3718; x_wconf 88' lang='lat' dir='ltr'>libris</span> <span class='ocrx_word' id='word_1_242' title='bbox 926 3663 1047 3734; x_wconf 88' lang='lat' dir='ltr'>protulit.</span> 
     </span>
    </p>

    <p class='ocr_par' dir='ltr' id='par_1_8' title="bbox 166 3755 1208 4106">
     <span class='ocr_line' id='line_1_34' title="bbox 166 3755 1205 3829; baseline -0.003 -16"><span class='ocrx_word' id='word_1_243' title='bbox 166 3762 192 3829; x_wconf 53' lang='grc' dir='ltr'>Ἰ)</span> <span class='ocrx_word' id='word_1_244' title='bbox 216 3759 314 3813; x_wconf 80' lang='lat' dir='ltr'>Statim</span> <span class='ocrx_word' id='word_1_245' title='bbox 335 3757 483 3814; x_wconf 74' lang='lat' dir='ltr'>Hereum.</span> <span class='ocrx_word' id='word_1_246' title='bbox 496 3761 528 3815; x_wconf 86' lang='grc'>19</span> <span class='ocrx_word' id='word_1_247' title='bbox 548 3759 659 3813; x_wconf 84' lang='lat' dir='ltr'>mirifice</span> <span class='ocrx_word' id='word_1_248' title='bbox 677 3757 782 3828; x_wconf 89' lang='lat' dir='ltr'>Peiper,</span> <span class='ocrx_word' id='word_1_249' title='bbox 803 3755 909 3812; x_wconf 81' lang='lat' dir='ltr'>sublato</span> <span class='ocrx_word' id='word_1_250' title='bbox 925 3773 950 3812; x_wconf 87' lang='lat' dir='ltr'>v.</span> <span class='ocrx_word' id='word_1_251' title='bbox 968 3759 1011 3822; x_wconf 80' lang='grc'>20,</span> <span class='ocrx_word' id='word_1_252' title='bbox 1031 3769 1112 3825; x_wconf 86' lang='lat' dir='ltr'>quem</span> <span class='ocrx_word' id='word_1_253' title='bbox 1131 3755 1205 3825; x_wconf 86' lang='lat' dir='ltr'>prins</span> 
     </span>
     <span class='ocr_line' id='line_1_35' title="bbox 211 3847 1208 3920; baseline -0.004 -14"><span class='ocrx_word' id='word_1_254' title='bbox 211 3851 344 3920; x_wconf 71' lang='lat' dir='ltr'>commit,</span> <span class='ocrx_word' id='word_1_255' title='bbox 372 3851 525 3906; x_wconf 81' lang='lat' dir='ltr'>coniectura</span> <span class='ocrx_word' id='word_1_256' title='bbox 550 3851 675 3905; x_wconf 82' lang='lat' dir='ltr'>Senecam</span> <span class='ocrx_word' id='word_1_257' title='bbox 703 3849 836 3904; x_wconf 87' lang='lat' dir='ltr'>dicentem</span> <span class='ocrx_word' id='word_1_258' title='bbox 861 3848 926 3904; x_wconf 80' lang='lat' dir='ltr'>feeit</span> <span class='ocrx_word' id='word_1_259' title='bbox 952 3849 1050 3904; x_wconf 89' lang='lat' dir='ltr'>Dircen</span> <span class='ocrx_word' id='word_1_260' title='bbox 1077 3847 1208 3903; x_wconf 89' lang='lat' dir='ltr'>Iunonem</span> 
     </span>
     <span class='ocr_line' id='line_1_36' title="bbox 213 3941 1207 4014; baseline -0.004 -16"><span class='ocrx_word' id='word_1_261' title='bbox 213 3957 351 3998; x_wconf 87' lang='lat' dir='ltr'>novercam</span> <span class='ocrx_word' id='word_1_262' title='bbox 370 3943 564 4014; x_wconf 74' lang='lat' dir='ltr'>semiactum,</span> <span class='ocrx_word' id='word_1_263' title='bbox 594 3944 670 4013; x_wconf 83' lang='lat' dir='ltr'>qnasi</span> <span class='ocrx_word' id='word_1_264' title='bbox 688 3959 701 3996; x_wconf 89' lang='lat' dir='ltr'>e</span> <span class='ocrx_word' id='word_1_265' title='bbox 720 3943 800 3998; x_wconf 83' lang='lat' dir='ltr'>Dirce</span> <span class='ocrx_word' id='word_1_266' title='bbox 819 3942 922 4012; x_wconf 88' lang='lat' dir='ltr'>iupiter</span> <span class='ocrx_word' id='word_1_267' title='bbox 940 3941 1038 3996; x_wconf 87' lang='lat' dir='ltr'>liberos</span> <span class='ocrx_word' id='word_1_268' title='bbox 1056 3957 1126 4009; x_wconf 78' lang='lat' dir='ltr'>sepe</span> <span class='ocrx_word' id='word_1_269' title='bbox 1145 3956 1207 4009; x_wconf 91' lang='lat' dir='ltr'>pro·</span> 
     </span>
     <span class='ocr_line' id='line_1_37' title="bbox 210 4033 972 4106; baseline -0.007 -14"><span class='ocrx_word' id='word_1_270' title='bbox 210 4053 313 4094; x_wconf 82' lang='lat' dir='ltr'>creasse</span> <span class='ocrx_word' id='word_1_271' title='bbox 331 4036 464 4093; x_wconf 83' lang='lat' dir='ltr'>trudatur.</span> <span class='ocrx_word' id='word_1_272' title='bbox 491 4037 548 4092; x_wconf 88' lang='lat' dir='ltr'>Hoc</span> <span class='ocrx_word' id='word_1_273' title='bbox 566 4053 648 4092; x_wconf 91' lang='lat' dir='ltr'>uuum</span> <span class='ocrx_word' id='word_1_274' title='bbox 669 4051 717 4106; x_wconf 91' lang='lat' dir='ltr'>pro</span> <span class='ocrx_word' id='word_1_275' title='bbox 735 4033 829 4089; x_wconf 89' lang='lat' dir='ltr'>multis</span> <span class='ocrx_word' id='word_1_276' title='bbox 847 4035 893 4092; x_wconf 87' lang='lat' dir='ltr'>sit.</span> <span class='ocrx_word' id='word_1_277' title='bbox 968 4091 972 4101; x_wconf 65' lang='grc'><em>,</em></span> 
     </span>
    </p>
   </div>
   <div class='ocr_carea' id='block_1_5' title="bbox 0 0 1480 4636">
    <p class='ocr_par' dir='ltr' id='par_1_9' title="bbox 0 0 1480 4636">
     <span class='ocr_line' id='line_1_38' title="bbox 0 0 1480 4636; baseline 0 0"><span class='ocrx_word' id='word_1_278' title='bbox 0 0 1480 4636; x_wconf 95' lang='lat' dir='ltr'> </span> 
     </span>
    </p>
   </div>
  </div>
 </body>
</html>
