2924 4660
343 299 405 362 564
671 297 733 354 Lib.
750 297 827 354 vm.
845 296 912 368 Cap.
928 298 976 353 vl

402 498 468 564 lbd
510 497 569 562 62:
618 495 784 562 revolsa
831 495 1107 576 imperatorum
1155 498 1368 582 imagines,

301 606 437 672 inbora
456 603 582 688 signa.
637 601 688 668 Sic
709 601 791 666 Med.
845 601 956 666 Editur
976 603 1184 678 inhonora,
1216 603 1369 668 adieetiuo

302 712 453 778 Pliniano.
497 707 620 792 Aptius,
641 707 757 790 opinor,
779 709 977 770 indecoro.

403 816 469 881 lbd
499 814 540 877 65
570 813 616 888 (in
647 831 793 896 responso
829 811 993 880 Germanis
1023 815 1066 878 ab
1092 815 1369 898 Agrippinensibus

301 923 405 1004 dato):
441 920 522 986 sint
552 919 758 984 transitus
786 919 1044 997 incustoditi,
1078 919 1146 984 sed
1173 921 1308 986 diurni
1334 925 1370 985 ei

300 1029 486 1103 inermes,
518 1025 636 1090 donec
669 1043 767 1090 nova
798 1027 836 1088 et
866 1005 1041 1090 recentia
1072 1021 1160 1090 iura
1190 1027 1230 1090 in·
1260 1028 1370 1092 vetn-

302 1136 449 1200 statem
471 1131 760 1198 consuetudine
789 1133 1003 1196 vertantur.
1064 1131 1135 1196 Iura
1156 1150 1215 1197 non
1238 1151 1370 1198 consue·

302 1239 410 1306 tudine
433 1239 540 1304 vetera
560 1237 655 1310 finnt,
689 1237 743 1304 sed
775 1241 914 1320 tempore
946 1243 979 1302 et
998 1239 1153 1302 vetustate
1175 1239 1369 1304 consuetude

304 1345 444 1412 edicitur.
503 1343 630 1410 Tacitus
667 1344 845 1425 scripserat:
883 1342 1003 1408 donec
1036 1361 1133 1408 nova
1283 1345 1370 1410 iura

305 1459 487 1516 vetustate
507 1449 545 1512 io
567 1449 879 1512 consuetudinem
906 1451 1123 1515 vertantur.
1185 1451 1369 1534 Praepositio

304 1559 337 1624 in
350 1579 389 1620 en
411 1574 565 1628 conversa,
586 1555 696 1620 deinde
718 1573 811 1636 pravo
830 1556 896 1622 loco
913 1556 1054 1640 suppleta
1077 1560 1134 1623 est.

403 1661 471 1728 Lib.
493 1661 532 1736 V,
554 1661 589 1726 7:
611 1680 697 1728 nam
719 1665 855 1726 cuneta
876 1663 1015 1744 sponte
1036 1663 1146 1728 edita
1166 1667 1233 1729 aut
1254 1684 1370 1730 mann

302 1767 1370 1856 sata,siveherbatenusantsloreseuselidaminspe-

301 1874 396 1942 ciem
432 1873 664 1948 adolevere,
704 1875 835 1957 putria
862 1876 900 1943 et
935 1873 1217 1962 inaniayvelut
1243 1879 1282 1941 in
1314 1881 1370 1944 ci·
1444 1891 1445 1902 ¹

302 1997 434 2046 nerem
456 1983 684 2046 vanescunt.
727 1979 822 2045 Nulla
843 1983 891 2046 est
911 1978 1012 2044 solida
1033 1981 1161 2064 species,
1184 1984 1238 2048 sed
1259 1985 1370 2060 solidi,
1443 1917 1445 2046 l

301 2087 342 2162 et,
364 2086 392 2150 si
414 2086 471 2160 est,
496 2083 574 2149 nihil
595 2085 635 2150 ad
657 2103 725 2150 earn
749 2085 905 2168 penenire
929 2085 1053 2151 dicitur.
1111 2087 1170 2154 Sed
1196 2090 1370 2157 solidam

301 2190 446 2258 salmasii
468 2191 532 2266 est;
562 2191 653 2258 codex
674 2191 768 2258 babet
789 2192 959 2258 solitam.
1004 2191 1250 2275 Opinor'fnisse:
1285 2217 1369 2263 nam

303 2297 443 2362 cuncta
546 2299 645 2373 sata,
680 2297 748 2360 ubi
773 2297 894 2363 herba
925 2301 1037 2364 tenus
1061 2299 1128 2364 aul·
1148 2299 1248 2365 flore
1271 2301 1368 2366 soli·
1443 2369 1444 2372 ,

302 2403 379 2468 tam
401 2401 437 2465 in
460 2403 627 2484 speciem
654 2395 879 2476 adsistere,
905 2403 1035 2486 putria
1139 2395 1367 2472 vanescunt.

302 2508 338 2574 Id
360 2526 465 2574 verum
487 2512 550 2582 est,
585 2508 671 2574 initio
692 2511 804 2582 cuncta
825 2509 1103 2594 solitam-speciem
1126 2529 1250 2576 seruare
1272 2513 1367 2578 herba

301 2615 356 2680 aut
382 2613 456 2680 flore
482 2617 582 2690 tenus,
620 2617 687 2681 tum
730 2633 903 2680 vanescere.
961 2615 1033 2681 Ubi
1065 2615 1096 2681 in
1129 2615 1208 2680 sive
1245 2618 1365 2684 munte
1442 2697 1443 2716 χ

301 2719 442 2786 additum
465 2724 513 2787 est
537 2740 613 2786 seu.
949 2775 951 2782 .

401 2825 468 2892 lbd.
504 2826 560 2893 15:
603 2827 685 2904 aut,
729 2826 762 2892 si
804 2826 898 2910 quid
937 2827 1084 2894 stabile
1119 2829 1365 2898 occurrebat.

301 2931 400 3000 totis
422 2932 513 2998 illie
534 2931 757 3016 corporibus
781 2933 964 2999 nitentes.
1013 2933 1092 2998 Puto
1114 2933 1209 2998 fnisse
1230 2932 1338 2997 illue.

401 3141 437 3207 In
460 3140 632 3210 Germania
654 3144 686 3210 et
699 3144 845 3230 Agricola
866 3144 1021 3220 codicibus
1043 3146 1158 3210 utimur
1177 3146 1364 3218 recentibus,

300 3246 385 3312 nullo
406 3247 566 3330 precipua
583 3249 790 3328 auetoritatis;
815 3250 918 3333 itaque
940 3269 1001 3316 non
1023 3268 1119 3334 pauca
1141 3251 1252 3314 merito
1274 3251 1364 3316 dubia

301 3355 333 3420 et
355 3356 496 3437 suspecta
529 3355 612 3420 certo
635 3355 748 3439 corrigi
776 3359 940 3442 nequeunt
994 3357 1030 3420 ln
1051 3355 1166 3420 libellis
1188 3356 1360 3424 scholarum

300 3477 357 3524 usu
379 3460 461 3526 tritis
483 3459 582 3526 multa
602 3460 736 3528 inaniter
760 3463 879 3528 tentata
900 3461 1074 3545 iactataque
1096 3463 1176 3526 sunt.

400 3565 433 3631 Ο.
458 3565 490 3629 7:
525 3569 562 3632 et
592 3567 633 3632 in
665 3567 840 3651 proximo
862 3568 1040 3652 pignora,
1073 3566 1171 3632 unde
1194 3567 1362 3632 femina·

298 3689 379 3736 rum
415 3670 588 3738 ululatus
620 3672 766 3750 audiri,
807 3672 903 3738 unde
940 3671 1099 3757 vagitus
1137 3672 1361 3738 infantium.

299 3775 471 3844 Infinitivns
504 3777 669 3846 historicus
698 3781 730 3845 in
761 3779 914 3844 sententia
934 3778 1062 3845 relativa
1089 3777 1168 3862 apud
1190 3779 1361 3864 Vergilium

298 3881 371 3948 lerri
391 3885 504 3966 posset,
528 3884 554 3948 si
576 3883 614 3950 de
635 3885 789 3976 preterito
813 3888 950 3968 temmre
972 3885 1123 3968 ageretur,
1145 3904 1205 3951 non
1228 3884 1266 3951 de
1283 3904 1360 3968 prae-

298 3988 394 4064 senti;
417 3988 498 4072 apud
515 3990 661 4074 Tacitum
684 4011 722 4058 ne
744 3990 934 4076 sicquidem
956 3990 1029 4055 terri
1049 3995 1162 4074 posset.
1220 3991 1360 4058 Scriben-

299 4092 373 4161 dum
387 4093 507 4160 videtur
522 4097 591 4162 aut:
612 4097 710 4163 unde
730 4097 965 4162 feminarum
986 4097 1165 4163 ululatus
1188 4099 1358 4172 audiunt,
