2970 4648
486 290 517 346 L.
534 289 633 344 Senem
651 290 758 360 questt.
777 291 865 345 netur.
1103 287 1164 350 437

142 489 273 556 Sublato
293 505 379 564 voce,
403 505 463 570 qus
485 485 543 552 soli
562 485 677 551 intimae
699 487 800 552 aetetis
822 487 934 552 medici
962 487 1011 553 usi
1032 489 1105 553 sunt
1125 507 1209 572 quee-

143 613 201 678 que
230 593 259 658 ln.
287 594 308 659 1.
336 611 353 658 e
381 591 588 675 dittographiu
618 593 650 656 et
676 609 713 656 ex
739 593 919 676 compendio
948 596 1014 660 orta
1035 597 1096 673 est,
1133 595 1208 659 scri·

141 699 278 766 bendum
305 700 353 764 est
380 697 550 781 equalibus
576 697 742 762 membris:
775 699 848 764 illa
953 701 1208 767 comminatio

68 883 70 886 ¹
141 807 204 872 est
225 804 308 870 sine
328 804 527 889 ictu,ists
547 801 734 869 iaculatio
756 822 838 870 eum
863 806 988 885 ictu.¹)

242 909 309 978 lbd.
335 908 389 990 13,
425 909 460 986 4,
492 909 547 975 ubi
579 910 759 994 invulgata
781 910 932 995 scripturn
960 913 1050 978 ordo
1078 932 1210 978 rerum

141 1035 235 1100 prere
256 1015 367 1084 dicitur
388 1016 528 1082 absolute
553 1033 638 1081 esse
665 1016 698 1080 et
717 1019 866 1102 purgatus
893 1019 974 1102 ignis
997 1037 1066 1084 oras
1091 1020 1123 1083 et
1145 1037 1209 1084 sor-

140 1123 220 1190 titus
246 1139 314 1189 esse
347 1123 380 1186 et
412 1120 591 1200 circumire,
626 1123 763 1206 mireque
794 1123 982 1190 circuitionis
1015 1123 1210 1208 pulchritudo
1273 1141 1277 1152 ·

140 1228 294 1302 laudetur,
317 1245 353 1292 cx
373 1227 513 1312 vestigiis
537 1227 601 1292 eod.
623 1227 932 1295 Esoribendumcst:
967 1227 1065 1296 Ordo
1088 1249 1210 1295 rerum

141 1338 181 1400 et
204 1334 303 1412 (codd.
326 1337 385 1399 est
406 1336 454 1412 et)
471 1336 659 1417 purgatus
680 1336 796 1419 ignis,
817 1335 856 1399 in
878 1335 1058 1400 custodie
1079 1334 1212 1400 mundi

142 1459 289 1506 summo
322 1441 502 1518 sortitus,
535 1458 622 1505 orus
649 1441 777 1524 operis
802 1439 1060 1524 pulcherrimi
1090 1440 1210 1520 (mundi

140 1547 348 1629 pulcherrime
369 1546 459 1619 footi;
482 1543 546 1611 ood.
568 1546 842 1630 pulcherrime)
864 1546 1076 1612 circueunt.

233 1640 311 1718 'lud
348 1651 404 1731 20,
441 1651 479 1718 2:
520 1651 619 1738 Ergo
650 1653 688 1718 et
717 1651 820 1736 ignis
851 1651 927 1716 ibit
957 1652 994 1717 i'n
1030 1652 1211 1735 spiritum

141 1757 360 1841 perdetque
403 1757 610 1841 fulgorem,
654 1760 694 1824 et
731 1755 910 1839 spiritus,
950 1755 1035 1822 dum
1076 1757 1212 1822 secata

142 1862 475 1941 infru,incendet.
522 1861 573 1928 Sic
594 1863 680 1928 codd.
709 1863 748 1942 (E
769 1861 897 1940 B'P3,
918 1861 963 1940 4.)
1017 1859 1106 1941 Quod
1128 1863 1212 1927 Han·

143 1969 209 2034 sius
230 1968 391 2034 substituit
412 1970 520 2034 secet
540 1969 677 2045 infore,
700 1969 920 2034 nihilomnino
942 1967 1002 2033 huo
1023 1967 1121 2034 infera
1141 1987 1212 2051 por-

143 2074 259 2150 tinent;
281 2091 338 2139 nee
359 2072 479 2140 felicior
511 2075 684 2140 coniectura
715 2079 783 2153 est,
804 2093 897 2158 quem
918 2075 978 2141 rol.
1002 2075 1050 2140 ΙΙΙ
1077 2074 1162 2158 praef.
1185 2096 1215 2158 p.

144 2180 235 2246 XXV
256 2179 423 2262 proposuit.
473 2177 559 2244 nutet
599 2181 684 2246 dum
720 2182 826 2246 secet
865 2201 971 2260 aero,
1012 2181 1212 2247 incendet.

144 2286 190 2352 Ex
212 2287 418 2350 secsteere
438 2288 547 2350 netum
569 2288 708 2350 secetc
728 2285 803 2368 fre,
825 2289 892 2358 tum
914 2286 1025 2352 inire.
1153 2289 1155 2294 '

245 2390 312 2455 Ibd.
336 2390 387 2469 21,
409 2392 444 2456 2:
477 2390 572 2456 Esse
592 2391 704 2456 illum
726 2390 854 2474 ignem
876 2391 926 2469 (de
947 2391 1076 2458 fulmine
1100 2393 1213 2477 agitur)
1285 2446 1291 2452 ,

145 2496 253 2562 color
283 2495 475 2574 ostendit,
518 2496 584 2580 qui
627 2513 699 2561 non
741 2497 801 2560 est
832 2496 909 2562 nisi
942 2514 984 2561 ex
1020 2515 1074 2573 eo,
1119 2500 1215 2582 quod

144 2601 336 2681 ostendit,
356 2601 535 2668 effectus.
581 2601 633 2666 Sic
655 2601 697 2679 E3
727 2601 835 2675 ceteri,
866 2602 918 2684 qui
944 2604 1069 2685 propter
1089 2604 1137 2668 bis
1158 2623 1215 2686 po-

146 2707 243 2774 situm
265 2708 444 2772 ostendit
467 2708 615 2774 omittunt
636 2707 742 2774 verbe:
766 2708 828 2790 qui
850 2727 920 2774 non
942 2709 1002 2772 cst
1089 2712 1216 2775 osten-

147 2813 216 2894 dit,
245 2815 327 2878 reote
349 2814 471 2892 celon
502 2833 574 2879 nem
608 2831 707 2898 neque
739 2831 775 2878 ex
806 2814 907 2878 colore
936 2813 1078 2879 concludi
1104 2816 1216 2898 potest,

146 2921 253 3004 ignem
276 2937 352 2998 esse,
375 2937 474 3003 neque
498 2921 599 2986 cetera
620 2920 659 2985 sd
683 2919 817 2985 colorem
836 2919 910 3002 apto
924 2919 1023 3014 sunt,
1058 2919 1119 2986 Sed
1134 2922 1219 2987 aliud

148 3027 299 3109 praeteree
330 3025 479 3091 ruendum
515 3027 618 3110 arguit
649 3027 680 3092 et
712 3025 864 3091 sententie
893 3025 925 3089 in
957 3026 1058 3092 verbis
1092 3047 1134 3093 er
1162 3048 1218 3108 eo,

148 3133 250 3218 quod
280 3131 467 3206 ostendit,
503 3132 639 3216 graviter
665 3132 809 3199 laborans
838 3134 870 3196 et
895 3131 963 3215 ipsu
991 3132 1023 3197 in
1046 3135 1220 3200 ostendit

151 3239 306 3322 pellucens
328 3237 489 3320 cnephorae
510 3237 609 3322 ligure
630 3241 661 3304 et
682 3257 728 3318 ee,
755 3257 822 3321 queo
844 3238 1021 3322 sequuntur,
1044 3259 1221 3306 accommo-

150 3345 226 3410 date
247 3343 287 3409 cd
308 3343 479 3409 eftectus
503 3361 613 3408 nomen
626 3344 758 3424 (solist),
781 3343 863 3427 quod
885 3345 917 3408 et
939 3345 1110 3427 superiores
1133 3347 1221 3411 tenn-

150 3453 241 3516 erunt
263 3452 295 3515 et
316 3448 459 3514 Hessius.
512 3437 694 3514 Tollendum
729 3449 777 3513 est
809 3447 908 3532 quod
939 3449 1151 3534 interpolando
1184 3452 1221 3516 ad

152 3575 195 3621 eo
217 3555 367 3620 additum.
423 3553 608 3620 Rectissime
647 3553 729 3618 enim
757 3553 822 3618 hoec
853 3556 941 3619 sunt:
985 3555 1078 3621 lisso
1111 3557 1222 3623 illum

154 3662 288 3744 ignem,
311 3659 417 3724 celon
439 3659 632 3737 ostendit,
666 3658 823 3741 quinon
846 3660 926 3734 est,
953 3658 1030 3723 nisi
1052 3675 1093 3722 ex
1114 3676 1153 3722 eo
1177 3663 1225 3737 (ex

154 3766 250 3851 igni),
287 3764 465 3831 ostendit
505 3764 694 3840 eftectus3
728 3783 955 3850 magnorum
989 3763 1088 3828 enim
1127 3783 1224 3846 scope

160 3921 359 3932 -ae--a--o-——d

178 4005 199 4073 ¹)
227 4006 279 4070 95
305 4001 417 4074 indigne
447 3985 598 4072 negligitur
627 4000 736 4070 egregie
757 3998 882 4054 Pinciuni
906 3997 1071 4054 emendatio:
1099 3996 1226 4052 deinde

229 4095 289 4152 nbi
307 4095 404 4151 lutus
423 4092 526 4150 nubis
544 4093 703 4163 proximu
720 4090 816 4148 ierit.
