2982 4690
296 239 363 306 m
663 239 927 313 mmmm

253 443 404 510 werram
427 441 537 515 aliem,
560 440 597 504 ul
616 441 931 507 rum·auotoriiae
952 441 1163 520 omitteretura
1200 445 1268 510 tum
1287 465 1329 513 ar

257 565 380 613 rerum
405 547 522 612 saelum
547 546 595 611 eol
613 563 675 612 ¹rae
697 547 820 624 tum.¹)
1141 551 1145 560 “

269 687 282 698 ψ
358 652 426 718 llud.
459 653 498 714 81
534 650 617 734 apud
650 650 824 736 Kayserum
857 671 895 718 ax
926 669 998 717 moa
1030 653 1246 721 emendatione
1280 657 1328 722 nia

259 758 419 826 eoribitun:
441 756 566 842 legem
588 757 632 822 de
661 757 819 822 iniuriis
842 757 1008 841 publioie
1038 759 1171 825 tulisti
1198 762 1327 846 Anag-

257 864 347 930 nino
380 863 508 929 neseio
541 864 601 928 aui
621 863 800 929 Menullae
829 872 1065 947 perpendam,
1087 865 1150 948 qui
1175 866 1328 934 tibi-ob

258 989 337 1038 eam
358 970 489 1055 legam·
503 971 673 1036 statuam
699 969 735 1034 in
757 971 851 1035 meis
873 968 1016 1035 aedibus
1040 969 1174 1052 poenit
1194 978 1244 1052 (er
1265 971 1325 1057 quo

256 1078 323 1160 ipso
349 1076 478 1160 apparet
499 1075 527 1142 ai
544 1077 721 1160 pergratam
742 1076 858 1154 fuieae),
879 1086 938 1158 pro
958 1094 1011 1156 eo,
1044 1077 1126 1161 qaod
1154 1063 1189 1144 ¹in
1211 1077 1326 1145 oodiai·

256 1183 314 1249 bue
339 1185 372 1249 et
394 1181 583 1248 editionibus
603 1181 684 1248 erat:
719 1181 898 1247 Menullae
921 1200 987 1264 por
1008 1182 1183 1267 gratiam.
1237 1183 1326 1255 Nlldl

257 1290 458 1374 astiagem
495 1287 596 1354 ferro
624 1287 744 1352 alicui
770 1306 836 1370 par
860 1287 1042 1371 gratiam:
1076 1289 1326 1358 dieiturLatine
1400 1373 1402 1376 Ι
1483 1339 1484 1344 1

255 1395 391 1480 gratiae
423 1395 590 1460 alieuius
612 1411 726 1460 oanan
748 1396 802 1460 aut
823 1391 905 1472 (inde
926 1412 945 1460 a
964 1394 1068 1478 Livio)
1089 1397 1126 1460 in
1158 1397 1327 1480 gratiam

256 1501 432 1574 alieuius.
489 1499 524 1586 (ξ
553 1500 594 1564 82
623 1519 676 1584 pro
705 1499 934 1584 amplexeris
968 1501 1143 1567 neoaeaurio
1161 1504 1223 1567 aut
1254 1521 1325 1571 oum

255 1601 381 1685 Halmio
416 1607 448 1670 in
481 1607 629 1672 addendis
662 1605 894 1691 complananda
930 1607 1127 1674 ueniendum
1158 1608 1213 1672 aul
1245 1629 1327 1670 am-

221 1753 227 1759 ·
252 1710 443 1796 planterio.
490 1711 559 1797 [Sia
582 1711 750 1796 Klotniue]
795 1712 842 1778 Da
864 1711 881 1796 ἕ
904 1711 944 1776 87
966 1713 1029 1781 diri
1049 1714 1110 1780 vol.
1133 1711 1151 1776 Ι
1171 1733 1202 1796 p.
1222 1715 1326 1800 lily)

356 1817 423 1883 lbd.
447 1819 504 1890 91:
545 1820 624 1884 Hoe
646 1838 714 1904 ego
734 1819 871 1902 populo
892 1818 926 1883 ei
956 1818 1036 1902 tum
1058 1819 1236 1886 eonsules
1259 1822 1327 1885 aut

255 1923 426 1989 fuissent
457 1925 495 1988 in
532 1925 732 2007 republica
765 1925 829 1990 aut
858 1924 1006 1991 omnino
1038 1927 1324 2002 nonsuiesent,

256 2029 1326 2115 nullolaborataepraecipitifurori...reatilieeem.Hoc

256 2151 380 2217 prorsus
408 2135 572 2202 ridiculum
593 2139 625 2202 at
648 2155 740 2204 sensu
762 2155 885 2202 eeaaum
908 2138 971 2212 aat3
1002 2153 1075 2202 nam
1096 2138 1235 2204 musuleo
1255 2140 1324 2205 tum

257 2240 353 2306 trinea
374 2241 407 2307 iu
429 2261 492 2327 rap.
515 2243 620 2310 Oioero
641 2263 702 2308 non
727 2225 837 2327 negat,
871 2242 1016 2325 quoniam
1045 2243 1112 2326 ipsa
1144 2243 1216 2308 huie
1249 2261 1324 2308 aon-

248 2341 386 2412 ‘tr‘arium
416 2348 519 2432 ponit:
556 2349 589 2414 ei
623 2349 773 2415 omnino
804 2367 876 2413 non
908 2347 1086 2413 luissent.
1128 2347 1193 2413 ¹Sed
1218 2347 1323 2430 iprum

256 2455 316 2520 hoo
342 2455 506 2530 omnino,
529 2454 684 2521 'sententia
705 2455 804 2538 qualia
825 2454 927 2530 fuerit,
949 2453 1148 2533 demonstrat,
1170 2452 1252 2538 quod
1265 2471 1325 2536 par

258 2581 295 2628 aa
315 2559 511 2646 perspicuum
532 2562 589 2626 ast.
631 2561 698 2626 Hoa
720 2562 804 2626 enim
826 2559 930 2625 Cicero
952 2558 1037 2638 dicit,
1059 2579 1102 2638 aa,
1130 2560 1157 2624 ei
1178 2560 1234 2624 aut
1251 2558 1323 2625 boui

257 2669 314 2735 aut
335 2669 459 2734 omnino
480 2667 559 2732 nulli
579 2667 719 2733 eonsules
741 2665 890 2739 fuissent
904 2663 1047 2730 resistere
1057 2665 1208 2748 potuieea3
1229 2683 1323 2743 nuno,

256 2794 327 2843 oum
342 2763 479 2858 'pessimi
501 2775 535 2839 et
555 2773 756 2856 perditissimi
777 2771 906 2848 tuerint,
938 2787 998 2835 non
1031 2769 1178 2852 potuiaaa.
1237 2769 1324 2836 Sari-

258 2883 395 2951 nendum
415 2878 527 2964 igitur:
564 2880 596 2944 ei
626 2879 704 2943 tum
734 2878 911 2944 eonsules
939 2879 1005 2940 aut
1027 2875 1196 2942 fuissent
1222 2895 1323 2941 ore-

257 3085 456 3096 --.....---

277 3216 299 3280 ¹)
330 3213 401 3268 Anu.
421 3211 521 3266 Philol.
541 3213 612 3269 Dan.
630 3211 654 3265 V
672 3228 698 3280 p.
716 3213 750 3267 13
769 3212 796 3264 et
814 3211 875 3265 160.

276 3317 299 3385 ²)
329 3321 344 3382 i
362 3319 397 3374 86
415 3315 492 3372 doleo
510 3319 538 3372 et
556 3333 572 3370 a
589 3315 698 3372 Baitero
723 3319 752 3370 et
771 3331 787 3370 a
805 3313 921 3384 Kaysero
944 3321 998 3364 non
1016 3311 1104 3366 solum
1122 3313 1214 3368 eontra
1229 3312 1322 3366 mani-

279 3447 284 3458 .
328 3409 425 3466 lentam
441 3408 555 3464 mamam
575 3409 735 3464 rhetoricam
762 3407 809 3462 aad
836 3407 918 3461 etiam
941 3406 1034 3460 eontra
1052 3405 1212 3460 senientiam
1230 3421 1323 3475 recep*

272 3545 282 3560 ,.
327 3506 385 3560 taur
402 3518 459 3576 epae
478 3500 578 3556 oodiois
597 3501 619 3554 P
637 3516 733 3554 manue
750 3499 843 3570 prima
869 3498 1029 3567 scripturam
1056 3496 1245 3552 restitutio
1272 3509 1323 3566 pro

284 3665 288 3673 .
328 3611 367 3660 ea,
387 3610 445 3664 que
463 3609 524 3670 vare
543 3593 699 3662 corrigendo
718 3591 868 3646 substituta
886 3593 936 3654 aet,
962 3589 1143 3648 restituto.
1194 3589 1319 3644 Restitu-

268 3671 271 3678 ’
328 3669 429 3742 tionem
459 3701 536 3741 nemo
564 3685 703 3742 maledieti
731 3687 759 3739 et
785 3684 903 3738 oriminis
930 3683 987 3736 loeo
1015 3680 1169 3735 obiecturus
1196 3679 1320 3738 Ciceroni

327 3782 393 3840 arat,
412 3779 459 3834 aed
478 3761 596 3834 erilium.
639 3777 735 3846 Itaque
753 3777 879 3848 quoniam
897 3774 993 3830 ceteris
1012 3775 1093 3828 etiam
1111 3773 1253 3838 damuatio,
1273 3773 1321 3830 ned

325 3873 433 3934 iniuria,
454 3889 485 3926 aa
503 3871 642 3927 calamitas
652 3869 766 3938 gloriam
776 3886 830 3924 uon
839 3865 1017 3930 imminuerit,
1035 3865 1203 3936 depreeatur,
1222 3867 1321 3926 nasibi

326 3966 477 4030 obiiciatur,
509 3966 556 4034 qui
574 3979 660 4033 nequa
688 3963 831 4017 damnatus
852 3961 889 4016 ait
906 3963 934 4016 at
951 3959 1218 4014 honorificentissime
1236 3959 1319 4014 raeti«

326 4061 409 4114 tutus.
451 4056 503 4112 Sed
521 4057 571 4112 hoa
590 4057 619 4112 ἐν
637 4056 753 4128 παρόδῳ
773 4057 865 4110 eontra
882 4054 1038 4108 institutum
1057 4053 1187 4108 nostrum.
