2918 4636
316 245 376 307 m
574 247 576 252 ·
673 241 950 314 mmmm

272 443 409 518 OEtoeus,
450 459 517 526 qnae
550 441 654 507 fabula
688 459 749 506 non
782 440 881 506 solum
909 459 1001 524 supro
1029 441 1155 508 modum
1181 443 1335 526 ineptuet

272 548 440 614 earundem
462 563 565 610 rernm
598 545 881 630 sententiarumque
912 547 1094 632 repetitione
1118 548 1335 614 morostis'sime

274 655 342 731 est,
377 653 432 719 sed
469 651 563 717 etiam
598 652 734 718 oratioue
766 653 863 717 multo
897 654 1007 720 ueteris
1040 654 1179 718 deterior.
1222 653 1269 717 De
1291 654 1335 718 his

274 758 432 844 tragoediis
448 775 559 840 ¹nuper
579 758 656 823 bena
677 761 856 824 meruerunt
886 759 928 821 R.
951 759 1063 844 Poipor
1084 761 1114 825 et
1142 757 1181 823 G.
1204 757 1335 835 atoue,

273 864 413 930 uodioum
438 865 611 946 seripturis,
646 866 837 949 maximeque
865 867 1004 930 omnium
1032 865 1177 948 principis
1205 863 1335 928 Lauren·

277 969 364 1046 tiam,
387 989 479 1054 quem
501 970 560 1053 ipsi
582 970 606 1034 Ε
630 971 806 1054 appellant,
840 970 1017 1056 diligentius
1040 971 1072 1034 et
1092 969 1215 1035 fidelius
1239 967 1336 1044 editis,

275 1075 329 1139 sod
359 1075 448 1140 huius
488 1065 590 1140 meriti
622 1075 746 1142 laudem
774 1077 892 1142 duobus
925 1093 1049 1161 prorsus
1080 1053 1222 1141 inanibus
1256 1093 1337 1139 eom-

280 1182 392 1248 mentis
414 1181 501 1247 abusi
525 1182 740 1265 corruperunt,
772 1181 867 1245 altero
891 1181 928 1245 de
951 1182 1103 1265 strophis,
1128 1183 1159 1246 in
1182 1199 1257 1264 ques
1279 1197 1337 1244 non

276 1287 367 1352 modo
389 1287 484 1372 lyrica
507 1289 652 1367 earmina,
676 1287 730 1352 sed
753 1287 862 1362 etiem‚
887 1287 913 1352 si
935 1287 983 1353 dis
1005 1290 1114 1373 placet
1140 1287 1275 1354 sororios
1295 1286 1337 1363 (in
1445 1339 1446 1366 p

275 1392 313 1457 iis
342 1392 517 1477 tragoediis‚
545 1413 620 1477 quas
644 1393 766 1459 Senecae
785 1392 881 1475 ipsius
904 1411 970 1460 esse
995 1395 1184 1471 iudicabant)
1207 1390 1339 1456 mirabili

276 1498 406 1564 artifieio
434 1498 674 1583 descripserunt,
701 1517 797 1582 neque
828 1497 987 1582 antiquum
1010 1501 1108 1564 ullum
1130 1497 1339 1565 testimouium

276 1621 375 1686 neque
396 1603 560 1669 minimum
583 1605 722 1670 oodioum
746 1603 910 1688 vestigium
938 1623 1035 1688 neque
1062 1606 1106 1670 rei
1129 1605 1272 1670 usturam
1292 1602 1339 1666 in-

273 1710 393 1775 dioiaue
408 1711 439 1775 in
454 1712 522 1793 ipsa
537 1711 707 1776 carminum
724 1712 830 1787 forma,
846 1711 872 1776 si
887 1729 945 1776 non
961 1711 1146 1784 eminentia,¹
1165 1713 1198 1775 at
1211 1709 1339 1776 latentia

276 1817 388 1881 saltem
410 1817 509 1882 secuti
533 1833 631 1900 neque
654 1817 717 1882 ulle
738 1816 868 1882 minima
897 1818 1007 1882 efferta
1036 1835 1176 1882 verorum
1199 1815 1340 1898 stropha·

275 1939 345 1986 rum
367 1921 585 1999 similitudine;
616 1942 655 1989 ea
676 1924 757 1988 enim
780 1925 847 1988 tum
871 1923 1017 2000 naseitur,
1042 1941 1112 1987 uum
1135 1939 1242 1988 uersus
1265 1919 1340 1987 uarii

276 2027 396 2111 generis
418 2030 502 2094 certa
524 2031 591 2114 lege
614 2027 746 2112 copulati
777 2030 869 2113 etque
902 2029 1009 2094 eadem
1042 2029 1142 2094 forma
1175 2029 1207 2093 et
1237 2026 1340 2092 ordine

275 2133 380 2199 iterati
400 2135 581 2219 rhythmum
603 2135 721 2200 unitate
737 2136 846 2200 effoeta
867 2135 1039 2212 absolvunt,
1062 2134 1238 2213 (adiurante
1254 2149 1340 2215 spuo

220 2227 235 2234 ’
273 2243 387 2306 totores
409 2239 440 2306 iu
463 2240 562 2306 formo
586 2241 746 2307 sentienda
767 2245 799 2306 et
819 2241 1015 2325 percipienda
1040 2241 1159 2308 musioa
1189 2241 1222 2305 et
1244 2238 1339 2304 salta·

272 2346 357 2412 tione
395 2347 434 2412 ad
468 2331 614 2413 eandem
633 2347 791 2412 varietatis
831 2347 983 2412 unitatem
1018 2345 1209 2430 composita).
1259 2345 1340 2410 Nam

275 2453 353 2517 nihil
387 2454 469 2518 aliud
504 2471 596 2536 qne-m
629 2456 751 2536 arrepta
782 2446 941 2518 levissima
969 2473 1004 2518 ae
1025 2453 1155 2518 minima
1179 2450 1341 2517 sententia

272 2560 329 2624 aut
353 2559 434 2624 voois
462 2580 531 2625 oum
556 2560 655 2625 altera
677 2561 745 2641 post
769 2559 869 2625 maius
892 2560 1030 2624 minusve
1052 2558 1249 2624 intervallum
1272 2557 1342 2622 sub·

275 2666 415 2750 sequenti
440 2665 642 2730 similitudine
667 2684 808 2731 versuum
841 2664 947 2730 eodem
974 2683 1085 2749 genere
1117 2664 1342 2730 decurrentium

274 2771 385 2836 seriem
405 2791 411 2798 “
429 2771 460 2836 in
494 2771 629 2836 minutas
674 2772 822 2853 quosdam
855 2771 1021 2855 particulos
1053 2771 1231 2846 concidunt,
1266 2769 1343 2835 alias

275 2877 426 2959 plurium,
462 2877 537 2942 alias
572 2878 746 2961 pauciorum
770 2896 927 2968 uersuum,
959 2895 1086 2960 quarum
1109 2877 1189 2942 binae
1211 2877 1343 2942 ternaeve

276 3001 337 3047 uon
370 2982 477 3048 eodem
499 2984 621 3058 ordine,
654 2985 707 3048 sed
729 2983 820 3065 plane
841 2983 957 3048 incerto
985 2986 1015 3048 et
1045 2983 1168 3048 eonfirso
1199 2980 1282 3048 inter
1311 2998 1345 3046 se

276 3088 491 3172 respondeant.
549 3089 590 3152 Et
620 3091 726 3154 tamen
760 3089 799 3154 ad
832 3091 912 3156 hane
944 3088 1117 3154 inauditam
1150 3089 1345 3171 stropharum

164 3267 166 3272 ,
277 3194 414 3278 speeiem
437 3192 639 3268 efficiendum,
662 3214 753 3278 quom
776 3195 906 3262 fortasse
928 3195 1091 3269 suecedet,
1127 3196 1231 3279 quiin
1255 3195 1345 3262 Grae.

251 3327 253 3332 ·
277 3319 384 3364 earum
406 3300 623 3384 tregrediarum
656 3299 792 3366 diverbia
812 3301 942 3380 inferet,
974 3301 1148 3368 incredibili
1169 3301 1346 3366 temeritate

168 3502 169 3505 Ἴ
279 3423 386 3470 uersus
408 3408 612 3488 transponunt
639 3409 688 3472 vel
717 3408 818 3491 potius
831 3471 834 3478 ,
849 3407 1019 3483 disiioiunt,
1052 3408 1190 3486 mutant,
1223 3405 1347 3480 tollunt,

278 3511 363 3576 euius
396 3511 439 3577 rei
475 3511 501 3578 si
534 3512 601 3595 quis
625 3513 798 3596 exemplum
829 3513 940 3578 habere
969 3513 1075 3595 eupit,
1108 3513 1202 3578 velim
1234 3513 1346 3596 inspioi

278 3617 433 3683 Troadum
456 3619 627 3696 senticum,
650 3620 748 3701 ·quod
780 3639 798 3683 a
834 3639 863 3684 v.
896 3617 958 3682 824
989 3618 1105 3702 incipit.
1149 3619 1257 3702 ltaque
1280 3617 1347 3682 haee

279 3725 484 3806 perversitas,
527 3723 687 3790 uoniunota
723 3744 792 3790 oum
829 3724 955 3790 somniis
994 3723 1185 3806 quibusdam
1215 3721 1348 3806 Gruppii

279 3829 467 3914 aliorumque
489 3829 551 3894 iam
575 3830 725 3894 oblivione
747 3830 862 3895 obrutis
886 3829 923 3894 do
953 3829 1053 3912 poetis
1075 3829 1229 3912 antiquis,
1259 3831 1346 3894 velut

280 3935 416 4002 Hesiodo
439 3955 497 4000 non
521 3936 622 4000 minus
645 3954 737 4018 quam
760 3935 891 4010 Tibullo,
913 3954 1005 4018 opera
1026 3953 1082 4000 sue
1104 3937 1186 4000 certo
1203 3953 1349 4000 versuum

280 4059 406 4108 numero
434 4041 516 4120 (eine
547 4040 873 4124 compositione-Zabi)
910 4041 1078 4115 dimensis,
1111 4041 1168 4106 etsi
1201 4039 1348 4107 similiter
