3000 4638
309 303 371 368 380
666 301 813 358 LibVIII.
833 301 898 371 esp.
910 300 949 357 Π.

267 503 333 568 est:
361 499 582 578 Honestius,
618 499 847 583 inquis‚hoc
874 501 910 565 te
942 500 1123 585 impense
1145 516 1259 582 quem
1293 496 1330 561 in

268 607 476 674 Corinthia
505 605 713 690 pictasque
739 607 894 672 tubulus
924 603 1155 698 effuderint,
1189 604 1222 668 in
1244 622 1330 669 exer-

268 713 478 793 citationibus,
508 731 584 796 ques
605 712 678 790 dixi,
712 712 857 778 effectum
878 714 960 778 eret:
999 711 1068 774 bec
1095 732 1132 774 ee
1152 710 1330 793 impensu

267 837 377 903 quem
414 819 490 895 cet,
520 818 575 884 sed
604 822 752 903 presure
784 819 906 884 videtur
938 817 1025 895 huc,
1067 817 1147 902 quod
1174 815 1330 899 Hauptius

268 925 313 1002 (Π
335 944 365 1008 p.
387 924 421 1001 5)
442 923 554 1008 posuit
606 925 637 1008 (ᾗ
660 927 679 987 7
701 945 759 990 scr.
782 925 1002 1009 conquisito
1023 947 1066 988 cc
1086 942 1168 991 cum
1189 922 1329 1008 imagi·

266 1031 381 1098 uibus
403 1031 483 1096 suis
507 1031 708 1115 descripte
726 1051 918 1099 sacrorum
946 1049 1062 1115 opere
1080 1030 1329 1115 ingeniorum.

267 1135 363 1202 Codd.
394 1137 611 1220 conquisito
647 1157 728 1205 eum
760 1139 820 1204 im.
854 1157 879 1204 s.
914 1139 1011 1203 desc.
1050 1139 1088 1203 et
1119 1155 1226 1214 secr„
1258 1133 1328 1199 edd.

267 1243 449 1326 superiores:
482 1243 700 1328 conquisitu
728 1247 767 1310 et
798 1263 878 1309 cum
900 1243 959 1310 im.
986 1261 1012 1309 e.
1046 1243 1246 1326 descripte
1267 1258 1331 1306 se-

267 1355 441 1428 crorum.)
1015 1337 1018 1342 ’

366 1455 507 1530 Ibd.10‚
546 1456 579 1519 1:
621 1456 800 1523 Invenies
821 1457 858 1521 in
886 1452 1058 1540 quolibet
1080 1472 1220 1540 genere
1241 1451 1330 1518 vitae

214 1576 216 1580 ’
265 1562 557 1628 oblectamenta
588 1565 625 1628 et
656 1562 906 1629 remissiones
943 1564 982 1628 et
1017 1560 1258 1645 voluptates,
1298 1555 1330 1622 si

266 1668 435 1734 volueris
467 1670 567 1734 mule
587 1671 723 1751 putate
757 1669 817 1734 viu
847 1668 976 1752 potius
1003 1686 1112 1752 quum
1133 1665 1331 1732 invidiose

265 1774 402 1840 fucere.
460 1774 511 1840 Sic
540 1775 580 1840 Δ.
622 1775 766 1840 Edicitur
790 1775 880 1840 focile
909 1777 941 1842 et
972 1774 1039 1840 sine
1066 1773 1272 1840 dubitatione:
1295 1768 1330 1836 si

266 1880 433 1946 volueris
470 1881 568 1946 melu
600 1891 736 1966 putare
780 1882 877 1944 tenio
914 1881 1041 1965 potius
1081 1897 1191 1963 quem
1226 1876 1331 1942 iuvi·

269 1985 376 2050 diosc
397 1985 536 2054 fucere.
578 1987 665 2053 Mela
685 1988 887 2055 estimatione
908 1986 1052 2072 prudenti
1072 1986 1203 2051 levanda
1224 1983 1327 2069 potius

268 2092 341 2156 sunt
366 2109 458 2174 quem
485 2092 640 2176 querendo
672 2113 786 2178 magne
817 2097 850 2160 et
878 2093 1032 2160 invidiose
1062 2089 1212 2158 faciendo
1256 2089 1331 2152 Pu·

267 2197 392 2262 terele
413 2199 538 2277 coaluit,
570 2202 606 2265 ut
627 2199 715 2265 fieret
742 2202 889 2284 putate,
919 2201 1027 2266 relicto
1058 2199 1129 2266 viu.
1174 2197 1204 2281 (ἓ
1229 2197 1249 2259 6
1277 2195 1331 2260 de·

265 2301 391 2368 ficetum
413 2305 452 2370 ab
472 2305 614 2372 instituto
635 2306 795 2391 dicamque
826 2307 1033 2374 neeessariam
1053 2323 1120 2372 esse
1140 2303 1237 2386 Lipsii
1259 2313 1328 2368 eou-
1471 2365 1472 2378 ,

266 2408 432 2475 iecturem:
459 2410 631 2489 iustitie,
658 2414 968 2490 mansuetudine,
992 2411 1246 2487 humanitate,
1268 2427 1329 2475 nou

267 2514 385 2595 solnm,
427 2517 508 2600 quod
551 2519 582 2584 et
623 2520 821 2583 ereunuwtudo
869 2521 1004 2583 bumana
1043 2535 1188 2603 peruerse
1219 2517 1330 2582 dieitur

266 2623 299 2686 et
334 2620 468 2687 bunnam
499 2645 617 2700 menno,
661 2625 828 2692 accedente
868 2626 981 2692 vitiose
1012 2623 1224 2708 copulatione:
1266 2623 1330 2688 hu·
1471 2627 1472 2634 ’

266 2723 391 2809 mune,
445 2731 555 2816 large
602 2733 659 2796 et.
686 2732 866 2816 benigue,
909 2731 965 2798 sed
1005 2732 1044 2797 ob
1089 2729 1329 2814 iuaequulitutem

265 2836 483 2902 membrorum.
528 2837 720 2903 Secundus
753 2857 865 2904 cesus
887 2839 992 2903 tuetur
1013 2835 1151 2902 Suetonii
1181 2836 1267 2902 loeus
1297 2834 1330 2898 iu

267 2940 339 3006 Otb.
355 2942 386 3021 9,
408 2961 470 3008 non
493 2946 528 3010 ut
549 2944 612 3010 siut
632 2943 779 3023 infelices,
804 2943 860 3010 sed
880 2943 1003 3010 omnino
1025 2943 1076 3026 qui
1091 2944 1179 3027 quusi
1195 2941 1329 3008 secundo

266 3047 373 3113 ordine
395 3050 664 3134 appropinquent.)

366 3153 431 3220 Ibd.
456 3155 505 3234 11,
530 3157 563 3220 1:
598 3154 664 3220 sed
685 3173 820 3238 corpus
841 3175 987 3241 quoque
1009 3173 1114 3220 sunm
1137 3155 1175 3220 et
1196 3156 1330 3221 oculos

266 3264 303 3326 et
334 3263 546 3327 manumet
576 3261 758 3345 quicquid
787 3263 972 3328 cerionem
1002 3261 1120 3327 vitum
1150 3262 1330 3327 fecturus

267 3385 367 3450 aeque
388 3369 511 3451 ipsum
532 3369 636 3434 iuter
660 3369 835 3451 precario
855 3370 1038 3435 numeret.
1081 3367 1131 3434 Sic
1152 3368 1196 3444 A;
1230 3366 1331 3433 editur

268 3478 336 3541 aut:
370 3477 429 3540 est
449 3473 633 3539 cariorem
665 3475 783 3541 vitem
815 3475 1008 3541 sucturum
1030 3491 1146 3559 seque
1167 3473 1235 3538 aut:
1258 3490 1329 3538 cur.

266 3582 333 3647 vit.
360 3581 555 3646 facturum
582 3584 641 3647 est
661 3599 787 3665 seque.
830 3581 940 3648 Futuri
974 3581 1123 3664 temporis
1147 3577 1330 3665 significatio

267 3705 377 3770 purum
398 3687 471 3770 epte
492 3687 548 3751 est.
605 3687 746 3754 Seiuncto
767 3710 782 3750 e
803 3692 960 3772 (seque),
982 3690 1018 3753 ut
1038 3688 1137 3754 restet
1160 3686 1331 3762 facturn,

266 3792 462 3860 efficiendum
489 3792 625 3859 videtur:
657 3813 684 3860 e.
706 3814 736 3877 q.
759 3813 784 3858 c.
808 3813 837 3858 v.
864 3793 969 3880 facit
989 3815 1068 3857 eeu.
1122 3791 1331 3859 Instrumenta

268 3901 340 3968 vitae
369 3899 591 3985 significentur.
645 3900 764 3966 Deinde
793 3899 811 3983 ξ
834 3897 853 3962 3
874 3900 907 3964 ἰιι
928 3902 958 3965 Δ
980 3899 1150 3982 ceterisque
1171 3896 1329 3964 scribitur:

271 4010 409 4093 Magne
431 4007 581 4093 quidem
604 4025 664 4073 res
684 4008 769 4071 tues
799 4006 973 4072 mercede
1007 4005 1125 4084 colui,
1156 4003 1221 4072 sed
1242 4003 1332 4088 quie

266 4111 542 4196 illeimperes,
565 4112 619 4192 do,
642 4111 735 4180 cedo
756 4114 889 4197 gratus
910 4112 1124 4196 libensque.
1158 4111 1331 4177 Prouomeu
