3000 4638
341 275 404 340 370
686 275 748 331 nio.
767 275 847 331 VIII.
871 273 937 345 Gsp.
954 274 993 331 II.

300 477 406 544 durius
426 474 545 554 insidit,
567 473 714 540 dolemus.
748 473 868 540 Deinde
889 475 993 540 autern
1015 491 1137 557 eque,
1159 475 1195 540 nt
1216 491 1309 557 saepe,
1331 492 1369 540 ex
1471 447 1473 474 ⁴

301 592 413 668 osque
432 582 534 647 ortum
556 581 613 658 est,
634 580 670 644 nt
689 579 755 645 hese
781 579 934 646 efficietur
957 579 1070 644 forma:
1100 579 1249 656 dolere,
1271 578 1370 663 qnod

300 688 389 754 dest
424 686 572 770 aliquid
605 689 670 752 ent
705 684 851 752 incidit
886 684 1034 764 durius,
1084 685 1201 770 etque
1232 685 1370 751 mirsri

301 797 371 860 unt
391 792 554 878 indiguo
574 792 678 858 ferre
699 793 759 858 oet.

403 933 471 1001 lod.
495 932 545 1012 16,
582 932 618 996 l:
659 931 812 998 Deinde
841 928 998 1012 (suadebit
1016 931 1140 1010 virtus),
1161 932 1203 996 ut
1223 930 1276 998 sis
1297 933 1370 996 im·

302 1039 465 1109 mobilis
491 1041 529 1104 ot
550 1039 686 1104 ooutrs
706 1036 850 1102 melum
873 1055 916 1101 er
936 1037 1041 1102 bono.
1094 1037 1240 1102 Abundat
1261 1035 1371 1103 vitiose

302 1149 361 1228 ot,
394 1146 474 1230 quod
506 1147 629 1230 Lipsius
655 1145 844 1229 proximique
873 1144 1072 1210 sustulemnt.
1128 1143 1260 1208 Reotum
1294 1143 1370 1208 erit:

303 1253 342 1318 ot
363 1255 500 1318 oontrs
521 1251 664 1317 mnium
697 1255 747 1327 (ne
781 1249 942 1325 admittas)
968 1258 1000 1312 et
1023 1267 1066 1314 er
1086 1248 1180 1314 bono
1201 1249 1256 1332 (ne
1279 1266 1316 1314 ex
1337 1267 1371 1314 eo

303 1364 485 1436 emovente).

403 1497 471 1563 Ibd.
525 1499 581 1576 17,
631 1496 670 1562 2:
719 1494 791 1561 Gur
838 1514 947 1562 enum
995 1495 1236 1578 disponitur?
1299 1493 1373 1560 Cur

302 1605 461 1670 arbores
503 1602 603 1669 nihil
644 1604 784 1685 prester
825 1602 998 1666 umbram
1038 1599 1182 1664 daturae
1216 1617 1373 1665 oonser-

302 1712 468 1776 venturi
520 1707 571 1774 Sio
614 1708 644 1772 A
691 1707 724 1785 l;
774 1705 908 1772 seeundo
949 1723 1059 1772 munus
1108 1705 1182 1772 feeit
1224 1725 1372 1784 ervum,

304 1815 384 1900 qnod
420 1817 513 1882 miror
546 1813 699 1880 Hausinm
733 1812 900 1894 recepisse
932 1830 1005 1878 nam
1038 1831 1145 1878 arvum
1176 1829 1276 1895 neque
1309 1810 1372 1876 dis·

303 1922 444 2006 ponitur,
486 1937 586 2006 neque
619 1920 684 1985 eius
717 1917 890 2002 depositio,
933 1919 960 1984 si
992 1919 1057 1984 ulle
1089 1918 1188 1997 esset,
1230 1918 1270 1983 ad
1301 1917 1374 1983 uitae

304 2029 337 2092 et
386 2026 487 2092 onltns
537 2024 724 2110 elegantiam
775 2025 950 2109 pertineret.
1016 2025 1081 2090 Alii
1130 2023 1219 2108 longe
1275 2023 1374 2089 disoe-

306 2133 399 2198 dunt:
444 2131 518 2198 Cur
553 2134 681 2197 entem
716 2130 855 2196 domno
888 2130 1136 2216 disponitur?
1183 2129 1374 2209 (iiokertum

308 2239 440 2316 omitto.)
484 2237 613 2304 Poterat
637 2237 670 2302 in
699 2239 838 2302 mentem
869 2235 975 2301 venire
1010 2254 1157 2314 anrnm3
1191 2235 1246 2302 sed
1273 2237 1373 2319 potius

309 2344 472 2429 argentum
494 2348 579 2421 (vasa
610 2343 698 2408 absoi
732 2345 763 2408 et
784 2342 911 2408 triclinii
932 2345 1088 2428 argenteo)
1109 2343 1259 2408 nominari
1282 2341 1376 2408 dobe-

307 2450 371 2528 bot,
393 2468 460 2534 quoe
483 2447 643 2533 dispositio
654 2447 735 2514 inire
751 2447 957 2534 significetur:
979 2467 1050 2514 neo
1071 2451 1238 2515 temere.
1252 2497 1259 2511 .
1272 2447 1375 2514 .ool·

306 2555 467 2621 looatnr
496 2555 717 2639 argentum,
753 2554 822 2620 sed
854 2554 985 2638 perite
1019 2553 1192 2620 struitur
1214 2555 1271 2634 (sie
1293 2555 1372 2622 enim

309 2664 392 2727 reete
413 2659 537 2744 Lipsius
562 2662 594 2726 et
615 2660 721 2727 Dousu
749 2679 804 2744 pro
827 2661 1013 2739 servitur,
1045 2662 1127 2745 qnod
1158 2661 1211 2746 qni
1240 2661 1374 2738 servant,

307 2766 451 2832 videntur
471 2767 580 2848 putare
599 2766 707 2832 eodem
719 2766 810 2832 modo
825 2785 880 2851 pro
896 2784 941 2848 eo,
964 2766 1044 2851 quod
1065 2769 1114 2834 est
1135 2764 1376 2839 ministrare,

308 2871 383 2950 diei,
404 2890 462 2957 quo
486 2871 640 2938 Gallicum
662 2872 805 2950 seruir;
831 2891 888 2938 neo
909 2873 1021 2938 melius
1051 2874 1257 2956 servaturi
1316 2872 1378 2937 Re·

309 2977 469 3062 linquitur,
494 2976 574 3062 quod
594 2978 728 3061 primum
741 2979 900 3066 ⁴tanuem
922 2979 1117 3063 aptissimum
1145 2996 1300 3045 ooeurrere
1324 2976 1377 3043 de·

314 3081 417 3162 bobat,
439 3084 475 3149 ut
497 3102 533 3148 ex
553 3104 575 3144 o
596 3082 746 3150 faeiemus
769 3085 822 3146 tri
844 3085 1088 3170 scribamnsqne:
1131 3082 1204 3149 Gur
1235 3084 1378 3147 atrium

309 3189 540 3273 disponitur
561 3191 605 3266 (et
623 3188 809 3273 imaginibus
832 3189 1066 3274 stemmatisque
1088 3189 1379 3272 orneturedsplen·-

311 3292 452 3373 dorem)?
494 3293 575 3360 Tum
606 3295 692 3360 reete
728 3297 799 3362 ante
834 3294 1011 3362 Iiokertum
1046 3316 1144 3381 usqne
1175 3298 1214 3363 eb
1250 3297 1379 3362 Erssmo

311 3398 460 3482 seriptum
491 3397 587 3466 drisse
614 3403 891 3480 conseruntur,
924 3403 952 3469 si
983 3422 1044 3469 non
1070 3403 1248 3470 ostenderet
1274 3401 1379 3486 inepte

311 3502 550 3571 conservationis
571 3507 687 3574 mentio
710 3507 928 3594 inelegantis
951 3507 1067 3587 studio,
1101 3509 1178 3576 setis
1210 3507 1380 3574 deolemret

311 3609 478 3687 dotnrae;
516 3629 589 3676 nam
613 3614 832 3684 conservantur
864 3613 987 3680 arbores
1010 3615 1152 3680 umbram
1172 3615 1236 3680 iam
1258 3613 1378 3680 dantes.

312 3713 370 3779 Vei
392 3733 429 3780 ex
449 3713 507 3781 hoo
528 3735 588 3783 nno
608 3717 673 3784 loeo
695 3718 796 3784 ethis
817 3719 916 3785 tribus
938 3719 1098 3804 scripturis
1120 3721 1260 3801 (anum,
1289 3738 1381 3785 oon-

311 3821 535 3900 servuutur‚
569 3825 760 3907 servitur)
793 3824 933 3891 oodioum
968 3843 1004 3890 er
1024 3823 1053 3891 A
1075 3824 1273 3908 pendentium
1307 3843 1381 3890 oon-

312 3925 428 3994 iunotio
449 3928 481 3994 et
509 3929 574 3996 eius
595 3929 728 4007 librarii,
768 3931 821 4015 qui
855 3949 926 3996 enm
948 3934 1001 3996 aut
1022 3930 1130 4011 illum,
1167 3929 1247 3997 unde
1269 3931 1381 3997 duetus
