2918 4636
318 276 413 350 lm
659 277 942 348 mumm

756 477 866 544 ·Victe
886 478 1026 544 materno
1048 499 1139 563 preco

423 582 540 647 haescre
560 582 653 657 bello,
674 583 797 667 iamque
819 585 851 648 in
873 585 1024 650 alternum
1046 604 1154 652 necem

424 687 510 753 illino
533 690 564 753 et
585 688 657 753 hinc
680 690 810 756 miscere
832 689 989 773 cupientes
1011 709 1121 758 monuo

423 793 537 859 librate
558 794 665 860 dontrn
686 796 750 861 telo
771 814 920 878 suspenso
942 797 1060 872 teuent,

186 935 188 941 ·
273 901 332 966 duo
353 900 501 983 postremi
522 919 628 966 nereus
648 901 867 984 transponendi
890 903 980 968 sunto
1288 973 1291 978 ,

724 1007 847 1092 iamque
868 1007 900 1071 in
922 1009 1072 1076 alternum
1095 1028 1202 1076 uocem

472 1111 584 1177 librato
605 1112 712 1178 denuo
732 1113 798 1178 tolo
818 1131 968 1196 eneponnc
982 1095 1105 1191 tonent,

471 1216 557 1282 illinc
579 1219 611 1282 et
631 1217 704 1283 hinc
723 1218 853 1284 miscere
875 1217 1034 1302 cupientes
1060 1237 1181 1298 monus,

270 1322 329 1389 hoc
351 1325 408 1402 oet,
433 1323 556 1390 dextros
577 1323 703 1408 iungere
726 1343 799 1401 poce
820 1325 910 1390 fecte.

371 1429 497 1512 Ptudr.
521 1428 709 1514 (prolpr.)
733 1429 802 1506 274,
827 1429 902 1494 275:

285 1561 287 1566 ·
671 1537 769 1604 Fumo
790 1537 840 1602 vix
861 1555 932 1606 vero
953 1537 1037 1604 iuvet

471 1643 558 1726 peius
580 1643 712 1707 merenti
734 1642 895 1708 melioret
916 1643 1002 1725 peior
1024 1643 1111 1708 bono.

270 1746 379 1831 Neque
401 1747 453 1810 oio
473 1749 505 1812 in
527 1748 584 1814 tuli
599 1749 759 1815 cententio
779 1747 852 1816 ferri
874 1749 979 1831 potest
1005 1767 1104 1833 neque
1132 1769 1200 1814 cero
1215 1749 1334 1835 facere.

269 1850 471 1920 Manifestum
515 1856 563 1920 eet
604 1853 719 1937 requiri
751 1875 787 1918 ec
821 1875 890 1919 voro
926 1859 1031 1933 (vere,
1073 1857 1112 1920 od
1148 1854 1335 1936 veritatem).

272 1957 490 2025 Scribendum:

669 2066 767 2131 Fama
787 2067 843 2129 oti
861 2087 897 2129 cc
917 2083 988 2130 vcro
1008 2065 1113 2132 iuuet?

329 2171 332 2176 “
354 2194 358 2202 ·
469 2173 561 2238 Peius
583 2174 714 2238 moronti
735 2173 845 2238 melior
867 2181 918 2249 eet,
931 2171 1023 2254 peior
1044 2172 1132 2238 bono.

368 2273 558 2346 lod.1031:

468 2384 599 2450 Iutnero
619 2401 711 2466 rupee
733 2403 846 2450 numen
868 2379 1015 2468 Epidauri
1038 2384 1088 2450 dei

418 2568 421 2576 ¹
467 2491 500 2556 ot
520 2491 635 2556 ecelcre
658 2491 754 2572 petru
776 2489 895 2556 nobiles
917 2489 1092 2558 Scironides

466 2599 498 2662 et
519 2615 587 2680 queo
609 2595 728 2662 duobus
749 2596 832 2660 torro
853 2596 1066 2680 comprimitur
1088 2595 1184 2662 fretis.

265 2703 302 2767 In
324 2701 422 2787 primo
443 2721 535 2768 uersu
555 2721 668 2766 numen
698 2703 876 2784 corruptum
899 2721 966 2769 eece
998 2704 1031 2768 et
1062 2701 1262 2768 muniieetum
1284 2700 1335 2766 eet

266 2810 298 2873 et
320 2808 518 2874 consentitur.
573 2807 755 2875 Redduntnr
776 2808 930 2884 vertendo,
963 2828 1031 2892 quoe
1053 2809 1134 2892 opud
1154 2805 1332 2891 Euripidem
1447 2795 1448 2828 ³

263 2916 409 2999 leguntur
430 2914 512 2979 huc:

828 3067 831 3076 Δ
870 3013 947 3087 o'r'oc’
968 3014 1128 3109 ἀφῃρέθη

399 3126 587 3210 Σκείρωνος
608 3117 715 3198 decue
736 3121 833 3211 ὄμμα
857 3120 990 3211 τούμόν
1012 3127 1164 3211 εἰσορᾶν,

398 3241 542 3318 ἔκρυπτε
565 3224 593 3298 δ’
615 3226 765 3315 Ἰσθμόν
791 3235 845 3300 καὶ
870 3237 998 3320 πέτραν
1021 3226 1247 3314 Ἀσκληπιοῦ.

262 3337 380 3432 Itaque
398 3360 489 3423 rupee
515 3335 675 3423 Epidum
700 3339 749 3402 dee·
773 3342 925 3407 tenemus.
984 3340 1051 3406 Une
1078 3340 1185 3406 littero
1207 3335 1332 3404 mucore
1445 3321 1446 3352 ¹

262 3446 333 3513 fiet:
1311 3466 1315 3484 ·

353 3555 355 3560 ’
462 3552 593 3617 Latuero
613 3571 705 3636 rupee
728 3551 827 3616 ὶσοιοε
849 3552 996 3635 Epidauri
1015 3553 1077 3628 dei,
1444 3531 1445 3613 i

260 3657 319 3723 hoc
344 3658 402 3738 est,
422 3658 527 3724 oculos
560 3651 658 3744 (ὄμμ’
690 3652 849 3746 σ’φῃρέθη
878 3661 1035 3746 εἰσορᾶν).
1081 3659 1213 3743 (Rupes,
1237 3656 1328 3719 limen

260 3761 420 3848 Epidauri
450 3765 507 3842 dei,
537 3765 609 3850 quid
644 3765 693 3841 sit,
716 3765 878 3832 Richtorne
901 3769 995 3844 eciot,
1035 3765 1155 3840 neecio;
1186 3780 1243 3848 ego
1265 3777 1325 3826 non

258 3869 422 3956 intelligo.)

360 3975 461 4066 (udip.
487 3978 546 4040 196
569 3997 634 4062 sqq.
658 3979 704 4060 (in
727 3978 927 4063 descriptione
949 3979 1168 4064 pestilentioc):
