3018 4634
311 231 374 298 m
518 264 524 276 ·
657 237 928 311 mffiwffl

366 432 434 500 lbd.
457 433 516 498 54:
537 453 630 518 ques
653 439 691 502 et
712 454 821 520 quam
842 438 1007 508 humiles
1029 447 1250 528 accepisset

266 538 306 602 et
326 557 443 621 quam·
464 541 501 604 in
532 540 726 608 fortunam
754 561 938 627 quamque
953 581 957 588 ,
971 547 1009 612 in
1037 551 1340 633 amplitudinem

267 645 505 719 deduxisset.
550 644 750 724 Deducimus,
773 665 840 730 quae
862 650 981 718 excelso
1003 651 1068 720 looo
1090 659 1172 734 sunt,
1196 658 1232 723 in
1252 660 1337 728 inte·

263 750 391 828 riorem;
424 749 621 816 suintericus
642 752 674 816 in
695 753 883 836 aupenomm
915 749 1088 824 euneimns'
1101 763 1139 826 'et
1161 764 1333 832 evehimuu.

263 855 305 920 at
326 857 522 920 ademisset
541 856 715 940 significant
736 858 854 927 codices
876 859 1052 942 deteriores,
1098 866 1131 932 in
1165 869 1290 950 quuibus,
1313 891 1333 932 e

262 961 359 1026 semel
381 962 504 1044 scripto,
533 962 581 1027 est
602 963 972 1048 amplitudinemque
993 967 1157 1038 duxisse.
1209 974 1333 1040 Eadem.

262 1067 410 1132 conectis
430 1067 602 1134 adhibenda
623 1071 672 1134 est
693 1085 720 1133 c.
742 1068 794 1147 68,
816 1070 852 1136 ut
872 1071 1041 1138 ecmbutur:
1073 1073 1326 1162 impedimen·

259 1172 312 1238 tis
351 1172 388 1240 in
424 1171 634 1255 proximum
678 1173 813 1240 collem
857 1174 1000 1240 adsocia
1041 1197 1096 1262 pro
1137 1181 1324 1248 deductis.

258 1277 347 1343 Idem
369 1297 451 1344 error
471 1278 628 1344 tollendus
650 1278 710 1346 erit
730 1298 747 1344 e
768 1278 892 1346 Senecae
918 1299 999 1350 oona.
1030 1283 1072 1350 ad
1094 1275 1203 1370 Polybs.
1226 1287 1261 1366 6,
1293 1287 1326 1352 2.

357 1383 425 1450 lbd.
446 1379 507 1446 ’ὅθι
550 1382 643 1448 Nem
671 1385 713 1448 ut
742 1387 971 1454 commutato
1001 1390 1163 1458 oonsilio
1189 1392 1264 1458 iter
1284 1392 1329 1458 in

256 1489 492 1573 prouinciam
514 1490 773 1567 conuerteret,
805 1492 846 1554 ut
870 1507 917 1554 ne
949 1494 1051 1559 metu
1083 1495 1235 1579 quidem
1256 1516 1328 1565 ne-

259 1595 430 1661 cessario
469 1594 690 1660 faciundum
732 1593 997 1676 existimabat,
1039 1618 1120 1666 eum
1163 1601 1325 1668 infamia

257 1705 370 1786 atque
391 1701 607 1785 indignitas
642 1699 698 1764 rei
729 1701 767 1765 et
798 1700 1000 1782 oppositus
1021 1707 1328 1774 monsceuenna

255 1808 477 1890 viarumque
509 1805 729 1872 difficultas
762 1805 1016 1889 impediebat,
1050 1813 1129 1880 tum
1159 1813 1319 1880 manime

255 1913 353 1997 quod
379 1961 388 1979 .
416 1961 424 1978 .
449 1957 460 1979 .
486 1911 659 1978 timebat.
703 1908 754 1974 Sic
775 1909 916 1988 codices,
944 1913 1005 1978 nisi
1033 1917 1114 2000 quod
1136 1917 1323 1988 deteriores:

124 2097 125 2100 Ἴ
255 2019 516 2092 converteret,
550 2016 589 2082 id
614 2033 660 2082 ne
690 2015 965 2099 metuquidem
986 2020 1046 2086 oet.
1087 2021 1159 2092 Non
1179 2025 1321 2092 refellam

253 2143 351 2208 neque
376 2141 439 2202 eos,
465 2121 518 2205 qni
538 2123 580 2186 nt
605 2165 685 2196 ...,
706 2121 944 2204 impediebat
963 2125 1042 2190 mire
1063 2125 1239 2205 defendunt
1261 2151 1317 2200 ne-

251 2247 385 2314 queam,
407 2228 459 2311 qni
480 2227 627 2294 audacter
650 2230 692 2292 ut
716 2226 750 2294 in
772 2244 815 2290 ne
836 2230 974 2305 mutant;
1006 2230 1065 2296 hoc
1086 2251 1181 2300 mum
1203 2235 1321 2312 dicem,

251 2354 322 2400 enm
344 2353 400 2419 per
421 2351 454 2398 se
474 2351 567 2416 praue
599 2333 658 2398 hoc
684 2333 751 2398 loeo
772 2333 925 2416 interponi
952 2336 1082 2402 aliorum
1105 2343 1190 2422 (quoe
1213 2339 1317 2408 Caesar

249 2440 404 2508 consultos
426 2457 486 2504 non
510 2439 846 2523 significetisentontiee
868 2440 1067 2522 mentionem,
1088 2443 1155 2510 sive
1176 2446 1313 2516 omnium

248 2547 304 2623 (ut
325 2564 431 2612 nemo
453 2564 527 2610 non
554 2593 562 2612 .
586 2594 592 2610 .
616 2593 624 2612 .
652 2544 913 2628 existimabat)
935 2546 1001 2612 sive
1021 2549 1237 2614 nonnullorum
1259 2553 1319 2630 (nt

246 2671 317 2718 non
349 2652 480 2735 nemo),
501 2653 568 2718 tum
593 2650 751 2735 perspicue
774 2649 925 2716 coherere
946 2651 1027 2716 haeo:
1070 2652 1164 2720 Nam
1187 2656 1228 2720 ut

185 2823 198 2852 ο
245 2759 497 2836 converteret,
518 2776 562 2822 ne
661 2756 909 2840 quidemnec.
931 2757 1152 2824 faciundum
1174 2760 1314 2826 existi-

244 2864 382 2929 mabat.
425 2863 493 2930 Hoc
513 2865 634 2946 reporto
654 2862 902 2945 confirmatoque,
924 2861 1034 2927 deiude
1055 2863 1188 2950 intelligi
1209 2865 1313 2946 cenet,

243 2967 466 3034 necessario
487 2953 572 3032 nullo
593 2965 684 3034 modo
706 2985 777 3035 cum
799 2967 891 3034 uerbo
923 2965 1145 3034 faciundum
1175 2989 1231 3054 pro
1253 2972 1310 3038 ad-

242 3073 346 3138 verbio
369 3073 513 3156 coniungi
533 3090 638 3154 posse;
671 3075 739 3138 tum
772 3073 856 3138 enim
889 3070 997 3138 subiici
1023 3091 1122 3140 causa
1144 3073 1311 3152 debebant,

242 3198 310 3262 qua
329 3179 548 3244 necessitatum
569 3178 688 3244 itineris
721 3179 754 3244 in
785 3177 974 3263 provintiam
995 3178 1194 3245 convertendi
1214 3180 1306 3246 tolle·

242 3287 312 3350 rent
332 3286 387 3350 aut
410 3284 522 3352 saltem
544 3284 736 3362 minuerent;
759 3281 962 3349 subiiciuntur
983 3284 1099 3364 autem,
1123 3303 1190 3367 quae
1212 3303 1308 3370 prope

238 3390 300 3473 ipsi
333 3388 511 3458 necessitati
542 3389 707 3456 obstabant
740 3389 981 3472 suadebantque,
1016 3389 1052 3452 ut
1091 3389 1238 3456 audacter
1272 3391 1306 3456 in

238 3496 385 3578 interiora
406 3494 514 3563 Galliae
536 3495 757 3579 penetraretur.
827 3493 1045 3560 Revooandum
1066 3494 1162 3578 igitur
1183 3496 1307 3588 scodi-

240 3603 341 3668 oibns:
377 3600 417 3666 id
442 3602 508 3679 (hoc
536 3620 553 3666 e
574 3598 773 3666 deterioribus
799 3615 855 3680 pro
876 3600 928 3678 ut)
951 3617 997 3663 ne
1020 3601 1128 3665 metu
1149 3599 1303 3682 quidem

237 3708 460 3774 necessario
491 3704 712 3772 faciundum
749 3702 1013 3771 existimabat.
1058 3703 1206 3770 Concedit
1235 3704 1304 3770 Ose-

237 3834 287 3881 sar
308 3814 494 3882 necessarias
520 3808 680 3877 metuendi
702 3827 810 3874 causes
831 3809 939 3892 luisse;
975 3810 1029 3874 sed
1053 3828 1093 3874 ne
1115 3808 1301 3898 iisquidem

120 3923 124 3932 '
236 3920 404 3988 cedendum
421 3939 454 3984 se
468 3919 604 4002 putasse.
633 3915 752 3992 Restat,
768 3917 805 3980 ut
819 3934 888 3980 cum
901 3913 978 3980 Rob.
1002 3911 1154 3996 Stephano
1170 3913 1301 3999 aliisque

235 4025 518 4096 tollaturmendum
541 4025 643 4090 ortum
666 4041 702 4088 ex
724 4021 832 4088 erroris
849 4037 1104 4102 causanonrare,
1127 4021 1211 4087 utex'
1223 4019 1300 4086 dua-
