3018 4634
296 260 358 328 264
649 259 927 331 stuwi-copus

254 478 349 544 quum
369 476 408 526 ox
427 457 571 529 ulterius
585 458 748 542 Hisponis,
769 477 867 543 onem
886 459 984 524 Verre
1007 458 1175 536 obtinebat,
1198 481 1321 545 prorsus

254 565 340 633 nulle
361 565 473 631 auxilie
493 562 659 632 Afranium
690 567 722 634 ot
742 564 905 632 Petreium
926 565 1070 634 bebuisso
1091 566 1231 647 puberet,
1263 569 1322 634 im·

256 671 423 756 prudenter
444 669 476 736 ot
495 669 644 736 uiolenter
663 669 796 738 nennio
815 671 975 755 grassatus
988 670 1046 748 ost,
1068 670 1193 746 oblitus,
1228 673 1322 740 sisic
1368 729 1371 733 .

254 775 357 844 Oeeser
388 774 574 857 scripsisset,
605 775 735 859 etipse
767 777 835 844 vult
858 777 1061 862 (praeteree
1092 777 1252 845 scutetae
1283 782 1324 845 et

255 884 412 948 cetretee
435 881 613 946 cobortes
636 880 796 950 circiter
818 880 950 946 LXXX
971 881 1221 964 equitumque
1241 883 1324 950 cir-

252 989 351 1054 citer
383 987 548 1071 quinque
584 986 733 1062 millio),
764 986 882 1054 nemini
908 987 940 1052 in
969 988 1238 1056 mentem—ronne
1264 1007 1324 1072 po·

253 1095 350 1160 tuisse
372 1091 538 1177 quicquam
560 1092 598 1158 de
619 1091 783 1175 provinciis
804 1091 936 1160 ,eccere
994 1091 1069 1171 Quis
1090 1093 1135 1158 sit
1162 1111 1254 1168 error,
1289 1095 1324 1161 et

250 1199 318 1282 ipsu
351 1199 514 1266 rerbomm
553 1197 654 1264 forme
684 1197 820 1264 ostendit
851 1196 1069 1276 (ulterioris
1108 1197 1322 1280 Hisponis,

252 1305 306 1370 ubi
335 1303 591 1371 Cusur'teutum
623 1303 828 1368 ulterioris
862 1302 1027 1386 posuisset)
1056 1301 1090 1366 et
1119 1317 1180 1368 res.
1238 1303 1320 1370 Nem
1356 1343 1359 1350 -
1501 1293 1502 1338 l

254 1429 326 1476 cum
349 1408 451 1476 Oaeser
472 1407 636 1474 Aireniurn
660 1409 692 1474 et
712 1408 871 1493 Petreium
892 1409 1048 1478 memrot
1068 1407 1225 1489 pentorn
1246 1427 1321 1474 eur-

256 1517 311 1582 ilia
332 1533 370 1580 ex
389 1531 446 1580 sne
465 1514 588 1580 tentum
612 1513 770 1596 provincie
795 1513 960 1591 (ettenoro)
982 1512 1136 1590 habuisse,
1164 1512 1319 1596 equitetus

226 1622 348 1688 sum
386 1639 423 1686 or
460 1619 623 1695 ulteriore,
666 1617 838 1699 perlitatum
876 1618 982 1683 eutem
1018 1635 1173 1684 armorum
1209 1635 1319 1701 genere

253 1725 446 1796 distinxisset
466 1723 570 1806 ithue
591 1723 780 1806 scripsisset:
811 1725 997 1804 proeteree
1026 1726 1191 1792 scutetae
1218 1724 1319 1790 cito·

253 1832 372 1898 rioris
409 1828 617 1913 provinciee
660 1830 697 1894 et
739 1829 900 1894 cetretre
937 1829 1116 1896 cohortos
1160 1830 1319 1898 circiter

253 1935 384 2004 LXXX
406 1934 657 2020 equitumque
688 1934 893 2016 utriusque
922 1935 1132 2026 provincie
1160 1937 1318 2003 circitor

252 2045 282 2109 V
302 2043 427 2120 milie,
448 2039 591 2106 librarius
611 2039 732 2122 uliquis,
762 2039 921 2122 utriusque
941 2041 1105 2122 provincie
1126 2043 1158 2106 in
1180 2043 1318 2126 equitatu

227 2131 232 2143 ’
253 2147 411 2214 mentione
426 2145 607 2222 commotus,
619 2145 794 2228 periurum
805 2162 924 2228 quoque
935 2146 1085 2222 uterinis,
1098 2147 1144 2214 ile
1154 2147 1317 2230 prouinciis

254 2250 563 2333 discretumputevit,
586 2249 793 2334 deceptusque
804 2250 899 2316 etiem
910 2250 1016 2319 ordino
1028 2251 1188 2322 uerborum
1200 2253 1319 2321 addim

254 2357 332 2424 illud
343 2356 548 2422 ulterioris
559 2355 767 2438 Hisponiae.
783 2356 1004 2438 Puulopostin
1019 2356 1109 2423 binc
1122 2357 1319 2427 letetnume-

253 2481 307 2531 rus
354 2461 493 2547 optimi
536 2462 691 2548 generis
743 2461 947 2528 hominum.
1001 2462 1087 2528 Ante
1140 2464 1321 2530 audieret

254 2568 344 2652 plnre
377 2565 653 2645 exordinantur,
686 2583 753 2650 ques
790 2568 964 2649 supersunt,
993 2567 1034 2634 ut
1054 2569 1224 2639 vernonem
1248 2587 1321 2652 por-

254 2671 352 2738 tinere
378 2672 446 2754 ipso
468 2691 587 2755 quoqne
607 2675 836 2740 annotaverunt.

353 2777 420 2845 lbd.
443 2774 500 2841 le:
544 2777 763 2862 Prorupres
797 2779 908 2846 locus
945 2780 1046 2859 eret,
1083 2782 1243 2864 utroquo
1276 2799 1321 2848 or

254 2883 365 2967 perte
378 2881 571 2957 derectus,
588 2901 633 2948 uc
647 2885 796 2966 tentum
817 2884 855 2948 in
871 2882 1126 2952 latitudinem
1148 2887 1320 2969 petebat,

252 2989 296 3056 ut
316 2988 374 3054 cet.
418 2986 564 3068 Suspicor
585 2987 738 3056 Oeserem
760 2988 934 3072 suipsieso:
968 2988 1092 3058 Locus
1114 2993 1197 3058 eret
1217 2992 1322 3056 utrc-

254 3113 323 3177 que
346 3113 388 3158 ex
407 3094 517 3175 purte
539 3091 717 3160 derectus
740 3093 800 3162 oet.
836 3093 887 3160 Au
909 3093 1318 3180 derectuscrplicondum
1436 3149 1438 3153 ⁴
1504 3111 1505 3160 t

253 3198 441 3280 adscriptum
473 3202 693 3280 praeruptus
734 3199 926 3266 incommote
963 3199 1032 3268 loco
1074 3200 1107 3266 ln
1150 3202 1318 3269 oretiouem

253 3303 384 3386 irrepsit.
394 3303 421 3384 ¹)

255 3572 277 3640 ¹)
308 3569 414 3626 (lentius
433 3573 474 3625 est
494 3590 516 3627 c.
535 3577 567 3630 51
582 3573 753 3630 scribendum
772 3591 836 3640 esse,
855 3578 888 3656 ut
903 3559 1077 3631 Hotomanus
1093 3575 1222 3632 volebat:
1241 3593 1318 3631 curn

323 3663 432 3718 seruis
459 3667 664 3736 libertisque,
698 3684 750 3722 nen
778 3666 985 3739 liberisque.
1031 3664 1101 3722 Nem
1137 3665 1208 3737 quod
1235 3669 1318 3723 τέκνα

322 3757 543 3827 interpretentur,
570 3759 688 3829 primum
707 3758 795 3816 Caesen
821 3777 908 3830 neque
939 3762 997 3814 tem
1024 3759 1149 3830 ambigue
1167 3759 1320 3830 scripsisset

321 3851 350 3902 et
367 3852 437 3904 certe
453 3850 553 3906 liberos
570 3852 653 3906 eorvis
672 3853 870 3922 proposuisset.
918 3851 971 3908 sno
1003 3853 1112 3908 omnino
1128 3853 1158 3907 in
1176 3855 1228 3908 hoe
1246 3869 1318 3908 corn-

286 3983 296 3996 ,
320 3944 410 3996 meetu
428 3943 640 4012 witemorumr
667 3944 797 4012 quitum,
829 3945 1086 4014 impedimentorum
1114 3946 1150 4008 ert
1171 3948 1318 4004 exereitum

321 4035 443 4088 euntium
460 4034 531 4088 nihil
551 4036 594 4089 est
610 4033 663 4089 loci
682 4035 791 4115 feminis
810 4037 945 4105 puerisve.
