2918 4652
271 301 331 364 678

228 497 406 568 Interrogata
433 514 479 566 pro
506 498 659 553 condicione
682 502 728 563 59;

297 591 347 644 inl.
378 590 532 645 bimembri·
569 591 730 646 anacolutha

298 684 407 737 turbata
424 688 475 740 209
494 701 520 738 ιι.

227 779 390 841 Intervallum,
409 798 438 829 ex
456 779 581 828 intervalla
600 778 659 832 477.

228 871 297 922 Intra
316 891 339 922 se
358 874 400 926 33.

228 966 298 1030 Ipsos
316 979 363 1032 pro
381 984 405 1014 se
423 965 476 1019 470
493 979 518 1016 11.

228 1059 323 1109 Irruere
341 1060 453 1110 struere
471 1057 531 1110 421.

228 1151 255 1201 Is
272 1149 352 1204 breve
369 1149 397 1202 in
417 1149 469 1202 arsi
489 1146 647 1216 productum
666 1151 708 1206 50.

227 1239 293 1293 lslri
311 1243 372 1296 260.

228 1335 269 1384 lta
288 1338 397 1400 imperas,
421 1350 474 1388 non
493 1334 536 1384 illa
554 1335 615 1388 381.

229 1425 328 1480 Iustini
347 1426 448 1480 aodiaes
466 1428 493 1479 el
512 1424 578 1480 odil.
597 1424 732 1479 resentiss.

299 1521 359 1573 616.

229 1612 352 1662 Iuratores
374 1613 433 1665 171.

229 1705 301 1755 quta
327 1715 397 1769 alque
422 1705 553 1755 doctissime
584 1705 665 1768 (atque
693 1703 735 1768 qui

301 1798 374 1862 doct.)
393 1799 452 1850 292.

230 2077 356 2126 Laetantes
374 2074 467 2128 hostia
486 2077 545 2128 594.

231 2169 310 2218 Laius
329 2168 388 2218 dare
405 2168 464 2220 458·

232 2261 341 2324 Lenllfer
359 2261 400 2314 76.

230 2349 358 2419 Lepidus,
375 2352 421 2416 M„
441 2355 500 2407 312.

229 2444 284 2498 Lex
303 2443 401 2514 (leges)
420 2445 491 2498 AElia
509 2447 537 2498 et
557 2443 632 2496 Fufia
652 2444 710 2498 227.

231 2540 386 2603 Liberalitas,
406 2539 432 2594 h.
451 2555 482 2598 9.,
502 2537 601 2592 donum
620 2539 680 2593 565.

231 2630 429 2684 Libertinorum
441 2631 589 2696 haredilss;
607 2629 635 2684 in
648 2644 680 2683 aa
691 2645 734 2683 ars

301 2723 414 2777 Neronis
432 2727 490 2780 580.

232 2817 342 2867 Licentia
370 2816 499 2885 scriptum
526 2832 573 2885 pro
610 2816 734 2882 diliyeniia

302 2909 360 2962 611.

233 3003 323 3052 Lacum
335 3006 423 3067 jacere
441 3004 505 3066 3003
541 3005 597 3063 sibi,
627 3015 680 3053 non
698 3005 736 3051 sul

302 3097 354 3150 408
372 3111 400 3150 ιι.

232 3186 332 3241 Lucani
351 3188 472 3257 Orpheus
503 3203 519 3241 a
549 3185 655 3240 Nerone
673 3201 735 3241 aan-

303 3281 376 3334 tatus
396 3283 454 3335 160.
647 3349 649 3354 Ι

232 3371 353 3425 Lucilius
371 3389 387 3426 a
406 3372 508 3428 Velleio
527 3372 653 3427 laudatus
675 3375 735 3429 300.

235 3653 311 3718 Maye
328 3667 382 3705 non
400 3651 469 3720 apud
489 3651 616 3705 Senecam
634 3653 695 3708 439.

235 3745 355 3810 llaynus5
373 3746 504 3797 avunculus
523 3765 551 3794 m.
572 3747 637 3806 4033
656 3747 740 3810 patrui

305 3842 385 3904 mayni
402 3841 462 3893 634.

236 3930 311 3980 Mala
328 3930 462 3994 (maxilla)
500 3931 524 3986 5.

236 4019 368 4075 Manubiae
390 4025 448 4076 550.

787 501 878 552 Manus
897 503 989 551 iniectio
1007 500 1069 555 425.

785 593 965 648 Massilienses
980 595 1012 645 et
1029 591 1058 648 C.
1078 591 1165 646 Casas
1183 591 1244 647 263.

787 685 894 739 Meddix
912 687 972 741 377.

787 779 886 830 Medius
904 793 963 832 cum
982 776 1083 847 duplici
1101 779 1190 846 gensi.
1210 779 1273 832 310.
1316 775 1324 783 ’

788 872 901 936 Meyara,
920 885 972 924 non
993 871 1122 938 Meqaram
1141 871 1193 924 298
1214 885 1243 922 n.

788 963 914 1018 Meliades
933 962 1055 1035 nympha
1075 963 1117 1018 29.

790 1060 913 1122 Modestia:
922 1072 974 1111 non
985 1055 1100 1108 modestia
1109 1067 1168 1105 cum
1180 1054 1295 1120 sumptu

857 1149 998 1201 coniuncta
1016 1149 1076 1203 292.

790 1523 873 1574 Narss
893 1523 952 1577 649.

790 1615 888 1666 Nature
904 1627 991 1681 stayna
1008 1614 1051 1668 82.

789 1707 936 1774 ive-quidem
962 1708 1117 1774 corruptum
1141 1703 1238 1757 omisso
1264 1722 1294 1753 ne

857 1801 909 1854 307
924 1815 961 1862 n.,
978 1800 1040 1854 457.
1114 1825 1116 1830 ·

790 1895 844 1945 Nec
873 1891 987 1960 simplex
1017 1907 1064 1960 pro
1100 1906 1197 1940 nec-m
1228 1886 1296 1949 122;

857 2001 905 2054 pro
923 1998 945 2037 et
961 1983 1032 2054 apud
1058 1980 1217 2036 Susianium
1234 1993 1294 2031 ors-

858 2079 933 2132 tione
966 2076 1106 2145 implicata
1138 2073 1203 2134 5743
1241 2090 1296 2121 nsc-

859 2171 953 2236 am'dem
973 2185 1082 2239 pravum
1103 2168 1155 2222 523
1173 2181 1200 2218 11.

791 2265 896 2316 Nes-uter
913 2277 963 2317 vox
981 2263 1044 2318 fictu
1063 2261 1121 2314 164.

789 2353 904 2424 Negatio
914 2353 1105 2408 disiunctionis
1117 2354 1174 2416 (non
1186 2347 1297 2411 ant-aut)

860 2449 925 2515 2353
961 2446 1115 2501 alibrariis
1134 2441 1228 2504 addila
1249 2443 1299 2494 sut

859 2540 957 2594 omissa
975 2542 1035 2601 180,
1060 2541 1120 2602 308,
1146 2539 1206 2600 309,
1235 2535 1299 2596 326,

859 2635 920 2696 493,
943 2635 1002 2688 628.
1314 2627 1317 2634 '

792 2727 921 2792 Neyotium
938 2745 1020 2792 yarere
1034 2727 1095 2780 435.

793 2820 872 2871 Nemo
893 2839 938 2870 non
957 2821 1018 2873 477.

791 2913 883 2964 Nescia
893 2915 982 2978 facere
999 2910 1052 2965 444
1067 2925 1093 2961 11.

792 3005 831 3056 Νι·
847 3002 963 3057 breviter
971 3003 1089 3072 positum
1107 3003 1150 3063 463
1170 3001 1218 3049 nis'i
1234 3013 1299 3050 eum

860 3093 1070 3165 plusquamperf.
1129 3089 1299 3145 coniunctivi

861 3187 1008 3242 insolenter
1026 3187 1143 3256 positum
1162 3187 1214 3240 579
1232 3201 1262 3238 ιι.

791 3280 894 3334 Nomen
931 3281 1068 3349 proprium
1108 3277 1300 3341 oblitteratum

861 3376 921 3437 260,
958 3375 1018 3438 273,
1050 3373 1110 3435 289,
1140 3372 1200 3436 313,
1235 3372 1299 3435 484,

862 3468 922 3528 513,
941 3467 1000 3529 581,
1020 3467 1083 3528 591;
1106 3461 1173 3516 falso
1190 3478 1222 3515 ex
1242 3462 1301 3515 alia

862 3559 1038 3612 suasorium
1070 3557 1112 3619 42,
1144 3556 1204 3618 107,
1236 3557 1300 3621 217,

862 3653 923 3705 256.

793 3743 982 3802 Nominativus
1003 3757 1020 3796 a
1044 3740 1139 3796 scribis
1163 3741 1193 3793 in
1213 3755 1300 3795 sanus.

798 3839 803 3850 '
863 3837 983 3889 mutatus
1002 3835 1061 3895 114,
1080 3833 1133 3889 885
1153 3847 1181 3886 ιι.

779 3931 946 3995 ,Νοιι-ιιιιιρίε
981 3929 1049 3990 317;
1086 3945 1132 3977 nan
1166 3943 1302 3991 posse-nan

864 4025 1019 4090 corruptum
1036 4021 1097 4074 456.
