3000 4638
319 295 380 360 338
683 257 946 362 commeare

275 511 375 580 pauca
398 493 475 557 scite
497 484 537 554 et'
551 487 714 574 ingeniose
735 491 908 573 corrigeret,
933 489 964 553 in
986 488 1092 553 multis
1115 487 1268 552 aberravit
1287 503 1344 548 au·

277 602 384 668 deuter
406 597 569 661 ettemere
584 594 751 671 mutendor
773 613 845 660 nem
868 595 950 678 quod
972 595 1071 660 multo
1092 583 1366 658 nonsucoedente'

276 704 479 777 correctione,
512 699 656 784 quedam
693 701 769 768 vitio
802 719 859 766 non
893 701 1107 766 animadverso
1139 697 1263 781 reliquit
1293 695 1343 761 iu-

277 812 372 890 taqta,
397 827 433 874 ea
454 825 515 871 non
537 805 732 890 reprehensio
752 808 810 885 est,
832 808 886 872 sed
909 807 1081 872 communis
1103 804 1227 877 edendi,
1261 821 1341 885 pres·

277 916 383 982 sertim
407 914 497 998 plura
517 911 666 986 celeriter,
690 913 822 978 fortuna.
882 913 1030 996 Idemque
1061 911 1148 976 video
1176 910 1237 974 lere
1259 907 1338 974 iudi·

277 1022 358 1086 mum
395 1037 463 1086 osse
500 1017 559 1084 viri
593 1019 854 1100 prestantissimi,
887 1019 929 1082 ld.
957 1017 1096 1100 Hauptit
1135 1017 1187 1100 qui
1216 1015 1341 1082 Senecae

276 1126 392 1192 multos
414 1125 498 1190 locos
517 1123 668 1190 escaus
699 1125 732 1189 et
759 1125 921 1206 plerosque
948 1123 1063 1208 ingenii
1083 1124 1114 1188 ri
1136 1122 1341 1205 doctrinaque
1379 1163 1383 1172 ·

276 1231 371 1314 copiis
413 1249 486 1294 usus
528 1245 598 1294 vers
643 1229 820 1295 emendarit
855 1231 972 1294 duobus
1011 1229 1122 1294 libellis
1159 1229 1340 1304 academicis

277 1335 529 1402 Berclinensibus
563 1338 604 1415 (n.
630 1333 712 1398 1864
743 1337 777 1400 et
800 1335 901 1411 1866),
935 1354 1009 1418 quor
1042 1335 1133 1409 mibi,
1165 1353 1234 1398 cum
1257 1336 1339 1417 prius

115 1430 118 1436 ’
214 1519 217 1524 Δ
276 1443 384 1507 borum
423 1439 668 1506 sdvemcriorum
712 1441 855 1506 volumen
901 1442 1040 1514 ederem,
1083 1441 1201 1524 ignotos
1244 1441 1339 1506 fuisse

276 1547 373 1611 doleo.
386 1547 412 1622 l)
461 1545 532 1611 Non
553 1563 670 1630 pauca,
703 1545 872 1628 dequibus
895 1547 1031 1612 dicturus
1054 1565 1149 1620 erem,
1180 1546 1340 1629 occupavit

276 1652 431 1734 Hauptius
464 1651 630 1735 eodemque
663 1651 753 1716 modo
782 1651 925 1726 correrit;
959 1671 994 1716 ea
1024 1652 1153 1715 subinde
1178 1652 1209 1715 iu
1237 1655 1339 1716 trans·

273 1777 365 1822 cursu
392 1757 544 1822 annotabo
574 1758 606 1821 et
634 1773 786 1822 consensu
818 1758 883 1839 ipso
916 1757 1006 1822 laetus
1037 1761 1084 1830 et,
1122 1758 1146 1822 si
1175 1776 1251 1840 opus
1280 1761 1337 1830 est,

274 1861 514 1928 confirmationis
536 1879 640 1928 causa.
695 1858 817 1940 (Haasii
840 1865 1051 1928 annotationes
1075 1864 1197 1928 critices
1218 1864 1250 1926 in
1271 1863 1337 1926 libr.

273 1969 312 2034 ad
335 1969 483 2034 Marciam
508 1965 845 2038 restaurandarum
878 1989 955 2052 quas
979 1972 1050 2033 aute
1078 1968 1115 2034 de
1144 1987 1195 2032 ser
1223 1965 1336 2032 libellis

274 2071 380 2144 edidit,
402 2091 461 2138 nou
484 2072 572 2148 vidi.)
1421 2157 1424 2162 .

372 2180 528 2244 Minorum
552 2177 676 2243 Senecae
703 2177 853 2244 libromm
876 2178 952 2256 Xll,
984 2199 1060 2263 quos
1090 2198 1171 2244 nuuc
1199 2179 1337 2243 codicum

273 2285 450 2351 auctoritati
471 2285 577 2350 contra
598 2284 749 2350 rationem
780 2289 924 2366 parentes
955 2285 1091 2370 dialogos
1119 2283 1335 2360 inscribunt,²l

271 2391 365 2456 codex
393 2391 483 2475 longe
515 2391 653 2458 omnium
686 2391 827 2474 princeps
855 2391 1077 2457 Ambrosianus
1110 2392 1158 2464 est
1187 2387 1336 2454 Mediola-

272 2497 377 2560 uensis
399 2492 493 2580 (apud
516 2492 754 2570 dicteramo,
788 2515 848 2578 que
870 2501 944 2563 uota
967 2499 1032 2580 ipse
1053 2499 1148 2576 uter),
1174 2495 1277 2566 seculi,
1301 2503 1337 2562 ut

271 2603 392 2685 putant,
415 2601 461 2666 IX
483 2599 621 2666 exeuntis
644 2602 698 2665 aut
719 2600 749 2664 X
771 2599 921 2678 ineuntis,
954 2623 973 2667 a
998 2623 1057 2686 quo
1077 2603 1336 2686 quemadmodem

271 2708 367 2801 ceteri
388 2708 544 2791 pendeant
566 2707 743 2789 sensimque
765 2705 940 2784 deflectent,
963 2709 1022 2773 etsi
1042 2708 1074 2772 iu
1097 2710 1204 2792 quavis
1225 2711 1337 2792 pagina

269 2813 400 2898 perspici
427 2816 541 2896 potest,
574 2815 679 2878 tamen
710 2814 816 2896 paucis
844 2814 1026 2897 quibusdam
1054 2815 1200 2902 exemplis
1222 2834 1239 2884 e
1261 2814 1336 2878 duo·

271 2920 329 2984 bus
350 2917 463 2985 libellis
487 2918 676 2996 monstrabo,
700 2937 735 2984 eo
757 2919 1009 2986 luculentioribus
1024 2921 1056 2986 et
1066 2919 1335 2996 manifestioribus,

292 3266 314 3334 ¹)
344 3265 444 3320 Statim
461 3264 506 3319 bic
523 3279 631 3334 ponam,
650 3279 708 3334 qua
727 3265 798 3336 pbd
813 3267 893 3338 inep.
913 3272 955 3331 21,
974 3272 1005 3332 9,
1025 3285 1049 3338 p.
1069 3271 1104 3326 33
1122 3271 1150 3324 in
1170 3285 1210 3340 ep.
1229 3273 1272 3336 91,
1292 3274 1333 3333 11,
1363 3255 1366 3258 ¹

343 3371 371 3426 p.
391 3357 426 3412 39
443 3355 472 3409 in
492 3357 586 3446 quast
605 3357 696 3412 netur.
714 3355 775 3422 vn,
802 3359 851 3421 80,
871 3363 887 3418 5
906 3361 1055 3424 emendari,
1075 3379 1118 3418 ess
1138 3363 1334 3418 emendationes

342 3449 405 3502 ente
423 3447 457 3502 ab
476 3447 596 3518 Hauptio
616 3446 704 3504 editas
721 3449 812 3506 fuisse.

289 3540 313 3607 ²)
342 3539 417 3606 Quod
427 3543 488 3608 post
497 3539 653 3596 Fickertum
663 3537 779 3597 Hessius
791 3544 877 3614 (prael.
890 3545 943 3600 rol.
963 3547 978 3601 I
996 3563 1021 3616 p.
1038 3547 1087 3614 Vl)
1104 3548 1231 3602 Senecam
1241 3545 1335 3600 scribit

340 3633 429 3702 ipsum
438 3631 471 3689 sle
480 3631 567 3689 benet
576 3633 609 3697 V,
624 3637 665 3692 19.
683 3637 700 3687 8
715 3635 798 3690 libros
816 3635 849 3692 de
863 3637 999 3692 beneflciis
1012 3641 1069 3708 (qni
1088 3641 1118 3693 in
1130 3637 1266 3694 codicibus
1275 3639 1334 3693 dia-

342 3721 571 3796 logorumnomen
588 3742 641 3781 non
666 3727 777 3796 babent)
797 3727 917 3797 dialogos
936 3731 1092 3804 appellasse,
1111 3733 1179 3787 mire
1193 3731 1334 3786 falluntur.

342 3817 517 3888 Dieloporum
535 3819 746 3883 altercationem,
775 3838 855 3891 quam
878 3823 977 3880 Sensus
1000 3841 1029 3880 se
1055 3826 1109 3882 iam
1137 3837 1263 3894 seponere
1286 3824 1334 3888 sit,

345 3911 482 3981 perspicue
510 3927 568 3967 eam
596 3911 670 3974 dicit,
700 3928 758 3980 que
785 3916 904 3983 proxime
931 3917 1006 3981 (inde
1034 3934 1126 3987 acsp.
1145 3919 1190 3984 18)
1207 3914 1336 3984 precedit

346 4001 418 4056 inter
436 4005 524 4073 ipsum
545 4005 573 4058 et
591 4003 811 4060 interlocutorem
839 4007 908 4074 ficta,
927 4009 998 4064 nihil
1016 4009 1050 4064 sd
1068 4009 1197 4064 librorum
1214 4005 1336 4078 appelln-

339 4095 442 4150 tioucm
461 4097 606 4165 pertinens.
