2918 4636
247 247 288 312 76
605 247 666 304 Lib.
685 248 732 304 VI.
762 247 828 319 Gap.
846 249 884 306 H.

205 449 326 527 autem,
348 448 374 513 si
395 447 461 514 ulla
481 448 581 526 esset,
603 449 710 512 tamen
730 446 1015 514 incommodissime
1035 448 1067 512 in
1086 450 1270 517 memoriam

206 556 412 630 revocaretur,
434 573 506 620 eum
528 554 566 620 do
589 554 688 619 altere
708 553 763 618 illa
783 552 893 619 mortis
916 571 1009 619 causa
1029 557 1119 638 poeta
1139 556 1270 641 cogitari

205 661 309 727 vellet
357 661 528 744 Scripserat
551 659 696 726 Ovidius:

554 765 586 830 in
608 764 744 850 ansteo
765 763 879 843 Eueno,

206 873 410 956 appellatione
443 874 569 955 sumpta
600 890 619 937 a
655 871 782 938 lentium
814 871 996 954 palustrium
1038 891 1130 956 supra
1158 891 1273 956 aquam

204 978 377 1043 natantium
399 977 481 1056 (τῶν
503 979 557 1044 ἐπὶ
582 977 651 1042 τῶν
673 969 852 1061 τελμάτων
874 977 1004 1059 φακῶν)
1028 979 1125 1062 copia,
1146 980 1275 1044 nomine

203 1082 275 1148 fioto
315 1102 351 1148 ea
371 1083 489 1158 forma,
531 1102 592 1168 qua
621 1084 653 1148 et
681 1084 735 1148 alii
761 1083 860 1164 pcetae
892 1084 924 1147 et
950 1081 1079 1148 Ovidius
1115 1086 1270 1166 permulta

203 1187 358 1254 finxerunt
380 1192 412 1256 et
425 1191 525 1256 semel
539 1191 594 1256 aut
608 1191 656 1255 bis
670 1191 846 1271 posuerunt
868 1191 904 1253 nt
919 1187 1073 1274 tudomfec,
1097 1189 1270 1274 kotucifcr,

207 1295 322 1373 cetera,
351 1316 418 1379 quae
441 1298 601 1362 enumerat
624 1295 742 1360 Novius
764 1295 795 1358 in
816 1294 894 1359 libro
917 1294 1083 1361 deformis
1105 1297 1270 1361 vocabulo-

204 1420 273 1468 rum
299 1402 479 1468 Latinorum
511 1403 593 1480 (Lat.
631 1399 865 1483 Formenlehre)
897 1400 957 1466 vol.
984 1401 1026 1465 ΙΙ.
1054 1423 1084 1484 p.
1109 1404 1138 1467 1.
1180 1403 1273 1468 Hanc

206 1507 465 1587 emendationem,
497 1525 686 1593 quamquam
717 1506 945 1572 confirmatione
966 1525 1025 1572 non
1049 1509 1132 1592 eget,
1163 1509 1273 1574 tamen

205 1612 301 1678 etiarn
329 1613 467 1678 codicum
497 1612 637 1695 vestigiis
667 1613 840 1678 confirmari
866 1614 954 1695 putn;
996 1617 1077 1679 certe
1100 1633 1116 1678 e
1139 1613 1167 1680 (i
1189 1615 1272 1697 apud

206 1718 347 1784 Iahnium
368 1718 520 1801 profertur
542 1717 665 1799 trofaeo.

303 1823 360 1907 Ep.
383 1824 424 1901 X,
445 1823 501 1887 31:

304 1930 370 1994 Aut
396 1929 459 1995 vidi
480 1931 534 1996 aut
555 1933 714 2012 tamquam
737 1947 803 2011 quae
825 1947 875 1994 me
896 1929 1010 1994 vidisse
1031 1933 1182 2013 putarem,

347 2035 498 2120 Frigidior
522 2035 623 2120 glacie
646 2033 898 2117 semianimisque
919 2034 973 2099 fui.

205 2141 257 2208 Sic
277 2142 304 2207 P
325 2142 381 2206 sub
404 2159 511 2208 rasura
539 2141 653 2206 habere
685 2139 862 2216 „vinctura
892 2139 1055 2224 Sparnoi.
1101 2141 1274 2223 Sententia,

205 2266 272 2330 qua
293 2247 326 2312 in
346 2247 393 2312 his
419 2247 506 2312 nulla
538 2247 601 2320 est,
637 2246 781 2310 nascetur
801 2263 861 2309 non
884 2246 1043 2312 discedens
1066 2247 1104 2311 ab
1127 2265 1180 2324 ea,
1202 2268 1273 2330 quae

206 2353 245 2418 ab
267 2351 337 2418 aliis
359 2352 573 2435 interpolando
598 2351 708 2416 effecta
730 2353 788 2429 est,
815 2351 842 2415 si
867 2351 910 2416 sic
935 2352 1160 2436 scripserimus:

305 2459 370 2524 Aut
396 2459 460 2524 ridi
487 2459 542 2523 aut
564 2466 682 2520 motum
708 2455 782 2540 quia
804 2473 854 2520 me
875 2455 991 2520 vidisse
1011 2457 1127 2538 putaui,

347 2564 497 2648 Frigidior
517 2564 615 2649 glacie
638 2562 886 2644 semianimisque
910 2549 964 2626 fu'i.

304 2671 361 2754 Ep.
383 2669 460 2743 XII,
485 2671 523 2731 17
554 2670 608 2752 (de
631 2668 742 2736 Iasone
764 2669 873 2736 dentes
905 2670 1056 2752 serpentis
1080 2670 1216 2753 serente)
1238 2671 1272 2738 in

206 2776 232 2842 P
253 2760 355 2859 prima
376 2795 470 2841 manu
492 2775 645 2858 scriptum·
664 2777 790 2842 dicitur:

307 2881 447 2948 Semina.
460 2931 467 2945 .
481 2930 509 2946 ..
541 2882 732 2965 totidemque
754 2884 786 2946 et
807 2880 940 2946 seminat
961 2882 993 2946 ct
1013 2882 1129 2957 hostes,

207 2971 239 3052 in
263 2987 362 3070 spatio
386 2989 418 3051 et
438 3006 545 3052 rasura
567 2988 606 3053 ab
628 2987 727 3051 altere
749 3004 842 3050 manu
865 2986 1015 3059 copricae,-
1036 2987 1070 3051 in
1092 2985 1121 3052 (i
1145 2987 1208 3052 est:

307 3091 433 3157 Semina
453 3091 579 3157 iecisset
600 3091 730 3157 totidem
752 3089 832 3172 qnod
854 3092 987 3156 seminat
1007 3090 1124 3158 hostes.

306 3197 460 3264 Efficitur:

305 3303 431 3370 Semina
456 3303 591 3378 iecisset,
617 3302 748 3377 totidem,
771 3304 989 3386 peccamina,
1011 3305 1043 3368 et
1065 3304 1183 3384 hostes,

206 3408 349 3486 honest,
383 3429 450 3494 quac
477 3409 609 3476 totidem
630 3409 735 3474 hostes
764 3411 852 3474 erant
872 3409 916 3487 (ct
939 3410 1136 3494 progenitura
1158 3410 1272 3492 eraut),

208 3516 283 3597 quot
306 3516 442 3589 semina,
480 3515 630 3581 Ovidiana
656 3515 689 3579 in
724 3515 915 3597 appositione
950 3517 1015 3581 arte
1047 3517 1080 3582 et
1111 3515 1272 3580 breuitate.
1313 3533 1316 3545 s
1446 3527 1447 3536 ¹

208 3620 276 3704 (ΕΡ.
297 3621 356 3694 ΠΙ,
378 3620 435 3685 73:
470 3621 566 3704 dique
590 3641 685 3682 nurus
710 3641 822 3698 socero,
844 3619 926 3683 Iocis
947 3619 1138 3706 AEyc'noeque
1158 3629 1274 3704 nepote,

207 3727 266 3794 hoc
287 3729 344 3805 est,
366 3745 401 3792 ec
422 3743 537 3800 socero,
560 3725 612 3807 qni
634 3725 683 3790 est
703 3724 728 3788 Ι.
751 3725 801 3790 AE.
822 3730 939 3809 nepos.)

307 3833 374 3898 Ibd.
397 3833 482 3911 (XII)
504 3831 561 3895 85:

353 3938 485 4024 Spiritus
509 3939 579 4004 ante
607 3956 693 4004 meus
716 3938 824 4004 tenues
846 3940 993 4004 vanescet
1012 3937 1044 4002 in
1066 3955 1166 4004 auras.
