2938 4630
579 276 699 334 ovinius.
1091 279 1131 342 69

238 473 264 539 0
286 493 454 558 numquam
476 495 530 558 pro
550 496 583 537 aa
604 476 679 541 satis
701 475 889 560 indipnaade
911 477 1038 562 Cupido,

110 580 167 645 hcc
190 581 255 645 est:
277 599 331 662 pro
353 580 481 646 veritate
504 583 535 646 ct
556 599 660 646 rerum
681 581 842 666 gravitate.
853 583 877 659 ¹)

212 687 277 751 Ibd.
301 687 348 761 ΙΙ,
383 687 430 761 15,
457 688 515 751 ll:
558 687 654 752 Poeta
678 689 783 751 vellet
803 707 836 753 se
858 689 889 752 in
912 689 1048 767 anulum,
1081 709 1173 774 quem

106 793 220 876 pncllae
242 792 350 873 mittit,
374 792 474 858 subito
495 793 609 857 mutari
630 797 662 858 et
683 793 779 878 digito
801 794 867 860 cius
888 795 997 860 inseri:

209 897 295 962 Tunc
317 899 357 980 (si
379 900 488 964 anulus
510 900 582 980 sim)
605 918 661 984 ego
680 902 712 965 te
734 901 856 984 cupiam
879 901 1010 966 dominc
1031 900 1173 986 tetigisse

958 1005 1088 1091 papillas
1143 1071 1146 1078 .

251 1109 283 1174 ot
302 1110 412 1174 laevam
433 1109 545 1175 tunicis
566 1111 731 1175 inseruisse
754 1131 890 1178 manum.

207 1213 260 1279 Sic
281 1216 402 1281 codices
425 1217 541 1300 antiqui
568 1215 651 1299 (PS).
701 1217 770 1282 Una
798 1217 902 1282 littera
934 1215 1074 1283 addenda
1107 1218 1171 1294 est;

104 1319 263 1385 dominam
285 1321 366 1386 enim
388 1326 480 1404 pocta
502 1323 687 1406 alloquitur:

186 1425 276 1490 Tunc
297 1443 352 1510 ego
373 1429 405 1492 tc
427 1427 559 1509 cupiam,
586 1428 721 1508 dominc,
743 1431 774 1495 et
795 1428 1088 1520 tetigissapapillas
1110 1429 1169 1494 cot

108 1527 140 1592 Si
159 1530 243 1594 anim
266 1532 322 1596 hcc
343 1531 450 1598 feccrit
471 1531 613 1612 domina,
649 1537 739 1616 poeta
761 1536 818 1601 sub
841 1536 925 1602 anuli
945 1535 1044 1601 forma
1067 1535 1169 1600 latens

110 1637 236 1718 corporis
259 1638 370 1719 puellae
391 1641 494 1722 partes
517 1639 702 1705 attrectabit.

203 1741 271 1806 Ibd.
295 1743 352 1818 III,
386 1743 415 1819 8,
451 1744 490 1806 28
520 1745 585 1822 (ubi
607 1745 739 1812 militem
761 1747 841 1813 bello
864 1746 997 1812 ditatum
1021 1746 1080 1812 sibi
1101 1763 1170 1811 car-

102 1846 297 1930 minibusque
318 1849 455 1932 praelerri
476 1850 638 1932 queritur):

202 1953 330 2033 Discite,
354 1956 406 2039 qui
428 1956 545 2039 sapitis,
567 1975 627 2021 non
649 1976 716 2040 qnae
737 1977 791 2024 uos
812 1958 927 2023 scimus
949 1957 1078 2032 inertes,

253 2061 308 2125 sed
329 2061 464 2144 trepidas
487 2063 568 2127 acies
591 2063 623 2128 et
642 2064 710 2129 fera
731 2065 832 2130 castra
853 2061 957 2146 scqui;

201 2185 317 2250 proque
339 2167 417 2232 bono
439 2183 529 2233 versu
549 2168 685 2252 primum
708 2169 847 2234 deducite
869 2170 982 2252 pilum;

245 2273 303 2337 hcc
324 2273 392 2351 tibi,
416 2274 443 2339 si
463 2275 571 2351 velles,
592 2277 700 2357 possit,
721 2276 867 2354 Homero,
892 2275 967 2342 dari.

201 2377 254 2442 Sic
282 2379 417 2456 codicem
455 2381 599 2445 orationis
626 2381 675 2446 lex
702 2391 819 2465 poscet,
853 2382 888 2444 ut
922 2381 995 2446 clm
1022 2379 1166 2457 edebant,

101 2483 257 2564 postulat;
279 2485 333 2549 sed
354 2486 435 2568 perit
457 2485 501 2550 sio
521 2487 623 2572 imago
637 2487 766 2552 Homeri
780 2488 928 2570 tanquam
950 2486 1111 2568 praescntis
1134 2486 1167 2549 ct

102 2587 228 2672 integrae
251 2589 425 2655 etiamnunc
447 2591 640 2658 condicionis.
688 2593 755 2658 Nec
783 2593 859 2656 satis
886 2595 952 2656 arat
973 2591 1067 2663 velle,
1099 2589 1165 2670 scd,

102 2693 214 2758 omissa
240 2695 346 2776 poesi,
380 2715 415 2760 ca
447 2696 567 2780 agenda
588 2702 695 2777 erant,
729 2717 795 2781 quac
819 2696 892 2761 huic
920 2697 965 2761 rei
990 2695 1165 2762 neccssaria

102 2801 212 2865 essent.
260 2800 393 2865 Rectum
416 2805 476 2866 est:
848 2809 851 2824 ’

250 2906 308 2970 hoc
330 2907 397 2985 tibi,
420 2909 447 2972 si
469 2908 566 2988 telles,
586 2910 693 2992 possit,
715 2911 858 2987 Homero,
881 2908 957 2974 dari.

200 3011 268 3075 Ibd.
290 3011 349 3091 III,
377 3013 427 3092 11,
448 3014 490 3076 49
513 3036 596 3101 sqq.:

655 3123 691 3186 tn
715 3124 810 3206 selige
831 3125 962 3200 tantum,

291 3244 341 3290 me
365 3245 482 3310 quoquc
504 3227 583 3292 velle
604 3228 691 3305 velis,
712 3247 790 3293 anna
812 3231 936 3294 coactus
958 3246 1071 3292 amem.

250 3330 359 3396 Lintea
383 3333 454 3397 dem
474 3334 575 3416 potius
597 3334 756 3418 ventisque
777 3333 943 3399 ferentibus
965 3335 1045 3414 utar,

292 3438 337 3515 nt,
360 3439 500 3520 quamvis
523 3441 626 3516 nolim,
648 3459 748 3524 cogar,
771 3459 875 3506 amare
899 3440 1002 3506 velim.

98 3539 207 3607 Ultimi
230 3561 337 3608 versus
359 3545 511 3610 sententia
533 3547 565 3610 et
589 3546 686 3612 oratio
710 3547 756 3612 sic
777 3546 948 3611 constabit:

248 3648 293 3726 ut,
315 3668 419 3732 quam,
442 3651 469 3715 si
491 3650 596 3730 nolim,
618 3670 711 3736 cogar
732 3671 845 3727 amare,
867 3652 970 3726 velim,

100 3851 197 3860 »ῄ-
200 3853 299 3860 ...υ-ι

126 3981 149 4050 ¹)
167 3983 246 4038 Hanc
262 3983 291 4037 ct
308 3982 456 4052 proximam
475 3983 652 4038 coniecturam
667 3984 700 4039 cle
719 3983 770 4049 III,
789 3986 814 4048 8,
834 3986 868 4041 28
891 3983 996 4054 prodidi
1022 3984 1051 4038 in
1069 3981 1160 4038 annal.

167 4075 264 4146 philol.
285 4075 355 4131 Dan.
373 4075 397 4129 V
415 4092 442 4145 p.
460 4079 493 4132 21
514 4077 542 4130 ct
561 4077 621 4131 159.
657 4077 708 4130 Pro
726 4097 751 4129 re
769 4077 823 4132 iam
840 4076 1019 4134 Burmannus.
