2918 4652
546 255 642 325 Script.
663 255 735 310 Hist.
754 255 826 324 Aug.
1114 255 1174 318 645

151 458 225 538 tyr.)
256 474 282 520 c.
308 457 344 516 ll
368 456 450 518 recte
472 453 564 517 Peter
586 471 654 517 cum
682 452 815 536 vulgatis
841 453 1024 518 editionibus
1050 454 1151 519 tenuit
1182 456 1218 519 in

152 564 417 644 contemptum
439 558 620 624 Gallieni
634 576 698 622 uec
713 559 894 623 varietatem
911 561 1068 642 scriptura
1084 561 1217 636 notarim

152 667 410 751 nyseenhcrdrius
431 666 462 728 in
486 663 639 730 codicibus
661 663 757 729 tradit
779 681 847 728 esse
878 665 918 728 iu
939 669 1165 750 contemptu
1187 670 1218 731 ot

153 774 234 838 male
255 773 378 838 secutus
402 777 459 835 est.
524 769 564 831 Ira
592 779 792 854 contemplo-m
825 769 1053 855 Spartanorum
1082 773 1217 838 Iustinus

151 878 229 942 dixit
249 878 305 954 ΙΙΙ,
335 877 364 951 b,
399 877 436 949 53
480 877 512 936 io
545 880 629 937 cratus
659 877 838 959 pertinacior
865 877 1076 962 poeniteutiam
1109 879 1217 944 eodem

151 983 241 1048 modo
275 977 329 1066 pro
363 1001 408 1058 eo,
442 983 522 1064 quod
552 987 600 1046 est
639 983 828 1065 paenitentia,
867 983 1029 1048 Suetonius
1063 987 1143 1068 Aug.
1166 985 1217 1048 27.

151 1088 245 1170 Apud
277 1089 416 1153 Taciturn
453 1106 522 1150 aun.
556 1087 640 1162 XIV,
681 1089 847 1154 utcontra
880 1090 1013 1155 Acidalii
1037 1091 1218 1155 admonitio-

150 1213 222 1258 nem
245 1196 392 1259 retinetur
413 1195 451 1256 iu
474 1212 541 1276 spe
563 1195 755 1276 potentiae
777 1194 816 1258 ab
837 1195 959 1270 iisdem,
988 1197 1039 1278 qui
1060 1195 1144 1268 XIV,
1167 1195 1217 1269 63,

151 1300 234 1364 Hist.
258 1300 314 1375 ΙΙΙ,
337 1301 388 1375 47,
412 1299 464 1376 IV,
488 1299 529 1360 42
545 1302 627 1364 recte
639 1300 744 1376 edunt,
766 1301 859 1365 etium
873 1301 911 1366 ab
923 1301 1061 1377 Halmio,
1085 1301 1218 1384 Nipper-

151 1405 231 1483 deio,
254 1407 384 1472 Rittero.
430 1405 489 1490 [ln
512 1406 698 1471 honorem
724 1406 819 1471 etiarn
842 1406 1064 1490 Baebrensius.]
1229 1384 1235 1399 ³

251 1513 467 1577 Ibd.lb·crtr.:
490 1511 782 1576 Etutinamvel
797 1513 870 1589 illi,
886 1514 1218 1596 quiarripuerant

148 1616 332 1700 imperia,
366 1637 530 1701 regnare
557 1619 803 1700 potuissent,
837 1619 902 1683 vel
931 1619 1011 1682 eius
1040 1617 1152 1683 filius
1180 1619 1217 1682 in
1345 1689 1346 1694 ἵ

148 1723 322 1804 imperio
352 1724 506 1789 diutius
535 1741 608 1787 non
638 1723 806 1800 luisset,
841 1727 881 1788 ut
908 1724 1006 1789 libet
1027 1743 1067 1790 so
1089 1725 1126 1788 in
1148 1737 1217 1790 su'o

149 1831 260 1893 statu
283 1848 380 1912 rerp.
403 1832 537 1894 nostra
558 1830 768 1895 tenuisset.
815 1827 922 1913 Neque
943 1830 999 1894 hoc
1022 1832 1076 1908 (ut
1097 1828 1216 1908 libet)

148 1935 220 1999 ferri
245 1935 357 2016 potest
388 1953 486 2018 neque
508 1937 670 2019 quicquam
693 1952 747 1998 nos
770 1935 857 1999 iuvat
878 1938 932 2000 aut
952 1937 1103 2012 libere,⁴
1134 1935 1216 2018 quod

148 2042 241 2125 vulgo
263 2040 381 2114 editur,
414 2045 469 2106 aut
490 2043 635 2126 utique.
671 2040 750 2124 quod
780 2041 872 2106 Peter
894 2043 1034 2108 coniecit.
1103 2042 1216 2106 Verum

148 2147 307 2229 perspicue
330 2148 362 2212 et
382 2150 450 2212 tota
471 2148 617 2213 orationis
637 2146 737 2213 forma
758 2152 791 2212 ct
812 2149 888 2230 ipsae
907 2148 970 2212 illae
991 2149 1103 2214 litterae
1125 2166 1217 2212 mou·

148 2256 265 2318 strant:
309 2253 358 2316 Mt
379 2254 533 2320 utinam
554 2253 616 2319 vel
638 2252 706 2317 illi
798 2256 867 2325 vel
971 2255 1119 2320 diutius
1142 2271 1216 2318 uon
1343 2303 1346 2310 a

147 2359 311 2433 fuissem
337 2357 536 2420 orco-libet
557 2358 714 2446 (utrolibet
735 2362 836 2438 modo)
859 2381 899 2426 sc
922 2365 979 2426 oet.

227 2465 317 2530 lbd,
334 2463 381 2527 14:
404 2463 508 2528 Idem
531 2482 681 2548 quoquo
703 2463 937 2532 adulescens
960 2465 1216 2548 dignissimus
1293 2525 1296 2531 .

148 2571 323 2635 Romano
344 2570 637 2652 irnperio'fuit‚
669 2575 710 2634 ut
741 2589 830 2635 vere
862 2571 1054 2639 Macriani
1089 2571 1216 2648 lilius,

149 2675 341 2740 Macriani
369 2677 487 2768 etium
523 2677 662 2754 irater,
697 2677 758 2758 qui
791 2676 862 2742 duo
894 2677 1068 2742 afflictis
1100 2679 1216 2743 rebus
1252 2753 1253 2756 Ἴ

149 2781 367 2865 potueruut
395 2800 522 2864 remp,
542 2800 698 2866 gerere,
731 2783 944 2851 videratur.
1010 2783 1091 2848 Non
1120 2784 1216 2848 mibi

148 2887 458 2970 praetereundum
493 2888 647 2953 uidetur
679 2889 723 2952 dc
746 2889 1033 2954 Macrianorum
1065 2889 1217 2954 familia

149 2999 209 3060 cet.
255 2995 307 3060 Sic
336 2994 533 3076 interpuncta
566 2995 703 3060 oratioue
739 2998 866 3078 apparet
887 2993 1003 3060 nullum
1026 2994 1161 3060 litteram
1183 2996 1215 3059 in

149 3100 262 3164 codicis
290 3099 317 3162 Β
340 3099 491 3181 scriptura
519 3100 701 3164 mutandam
732 3119 815 3175 esse,
851 3118 951 3183 aqua
979 3101 1005 3164 P
1035 3102 1156 3166 tantum
1180 3120 1215 3167 eo

148 3207 282 3281 aberrat,
308 3205 386 3289 quod
418 3206 458 3283 (si
479 3205 718 3289 Eyssenhardtio
742 3206 909 3285 credimus)
938 3206 1215 3288 provideretur

147 3313 244 3377 habet
276 3310 442 3376 uidetur.
498 3312 574 3394 (lum
608 3312 707 3395 vulgo.
736 3313 812 3376 mire
845 3314 1112 3396 interpungeretur
1147 3319 1216 3395 post
1299 3369 1305 3382 ,

147 3435 309 3501 gerarae
336 3415 505 3482 Salmasius
528 3420 560 3481 et
581 3417 784 3482 recentissimi
807 3417 938 3483 editores
959 3419 1039 3500 lapsi
1059 3419 1171 3495 sunt.²)
1225 3413 1226 3416 ’

250 3523 355 3588 Claud.
377 3522 414 3586 3:
457 3524 567 3590 cuius
589 3521 687 3596 rita,
710 3523 889 3604 probitas
912 3527 950 3588 et
971 3523 1112 3596 omnia,
1135 3541 1214 3606 quae

146 3631 186 3693 in
211 3649 284 3713 rep.
307 3629 447 3713 gessit,
468 3629 614 3692 tantam
636 3628 812 3709 postoris
833 3628 974 3693 famam
998 3627 1152 3706 dedere,
1174 3631 1214 3692 ut

147 3741 205 3800 cet.
240 3733 353 3800 scrib:
377 3734 487 3798 ouius
508 3733 599 3794 citou
623 3732 805 3814 probitas
831 3737 889 3798 cet.
918 3733 1042 3810 (Contra
1064 3753 1090 3798 o.
1114 3735 1132 3796 5
1155 3705 1233 3800 sors

146 3939 347 3948 ..ο-ωηο...-

176 4065 197 4130 ¹)
216 4064 274 4119 Ibd.
286 4081 307 4120 c.
318 4067 353 4120 22
371 4065 430 4120 init.
451 4066 607 4135 scripseram
625 4067 725 4122 velut
743 4067 878 4120 furiosi.
898 4066 1211 4136 Praecepithhreurius.
