2918 4652
537 285 636 354 srript
653 285 725 339 Hist.
746 285 814 354 Aug.
1105 282 1163 375 651
1207 239 1209 242 Ι

143 486 222 570 quod
244 486 337 560 frona,
360 503 427 568 quae
450 485 574 550 consilia
589 484 677 567 tegit,
702 486 733 548 et
753 482 916 566 pruoleutia
936 483 1091 550 interdum
1114 483 1208 548 nimis

143 593 343 674 pervicaciter
365 593 493 676 pectoris
515 593 618 656 motus
641 591 794 656 celaverit.

244 697 344 764 Curio.
370 698 424 763 19:
468 696 561 762 Nem
585 699 623 762 et
654 696 901 774 neurobateu.
934 695 999 777 qui
1033 697 1138 762 velut
1171 697 1206 760 iu

144 803 274 870 ventis
298 803 556 870 cothurnatus
578 795 769 880 ferretur,
788 800 993 879 exhibuit,
1024 805 1061 866 et
1082 802 1207 866 ticho-

144 909 278 986 oeten,
323 909 382 992 qui
423 927 488 990 per
526 909 713 991 parietem
752 921 837 972 urso
874 908 985 973 eluso
1022 908 1207 973 cucurrit.

144 1016 256 1099 Agitur
291 1019 340 1092 (ut
369 1033 386 1080 e
413 1015 567 1080 ticbobate
599 1013 794 1096 intelligitur)
827 1031 885 1078 nou
920 1013 957 1076 de
989 1013 1074 1078 inani
1107 1014 1208 1096 specie

93 1201 95 1204 Ι
143 1121 245 1186 oculos
262 1121 438 1204 ¹decipiente
472 1119 687 1204 (ecquomodo
718 1118 891 1184 efficeretur
916 1121 1032 1202 species
1054 1121 1085 1184 in
1108 1120 1208 1186 ventis

143 1227 327 1308 concutiet)
364 1226 419 1294 ced
441 1226 484 1292 de
499 1245 570 1292 vera
592 1228 658 1290 arte
680 1224 965 1306 periculosissima
992 1226 1207 1302 Scribeudum:

143 1332 208 1414 qui
229 1331 358 1394 aerulo
379 1333 539 1394 larentia
561 1331 815 1396 cothurnatus
837 1332 1013 1398 ferretur.
1046 1333 1207 1398 lltnervos

142 1438 267 1502 subesse
296 1438 455 1502 Turnebus
477 1439 631 1510 senserat,
665 1437 719 1502 sec
742 1438 807 1504 loeo
830 1457 888 1503 non
911 1441 992 1504 reete
1016 1439 1207 1521 quaesiverat.
1317 1461 1320 1466 ·

586 1949 671 2031 Cap.
696 1949 766 2014 lll.
817 2045 819 2049 ,

267 2149 430 2218 Fragmenta
449 2151 569 2221 veterum
588 2121 750 2220 scriptorum
769 2149 840 2218 apud
859 2149 976 2233 Nonium
994 2143 1090 2220 posita.

246 2386 313 2452 Etsi
335 2404 432 2468 neque
455 2385 725 2470 grammaticorum
741 2386 920 2451 Latinorum
941 2385 1091 2450 inferioris
1110 2387 1211 2450 aetatis

145 2493 242 2557 libros
265 2509 318 2573 per
340 2509 383 2568 se,
408 2491 467 2556 nisi
489 2493 636 2574 quantum
659 2491 788 2554 aliorum
809 2489 982 2556 studiorum
1005 2491 1082 2556 ratio
1105 2494 1174 2572 post
1196 2527 1211 2540 -

145 2598 240 2674 labat,
263 2597 394 2661 tractavi
416 2615 513 2678 neque
535 2595 565 2660 in
583 2597 764 2680 fragmentis
779 2596 869 2662 unius
885 2597 1058 2678 pluriumve
1074 2598 1210 2662 veterum

143 2703 339 2783 scriptorum,
370 2702 422 2784 qui
443 2702 673 2778 interciderunt,
696 2701 885 2784 colligendis,
915 2705 946 2766 iu
969 2703 1106 2768 ordinem
1129 2704 1211 2768 redi·

108 2811 110 2815 “
145 2805 255 2890 gerulis
271 2807 507 2872 emendandisve
518 2827 651 2890 unquam
664 2808 815 2890 propriam
833 2810 1072 2892 perpetuamque
1087 2828 1210 2891 operam

145 2912 243 2994 posui,
269 2913 373 2976 temen
396 2931 486 2995 prope
509 2932 581 2978 casu
603 2908 724 2988 accidit,
752 2914 839 2978 utin
864 2907 1089 2995 amplissimam
1112 2914 1212 2980 direr-

147 3018 362 3100 sissimamque
383 3018 558 3084 huiusmodi
589 3019 785 3101 reliquiarum
807 3021 944 3100 copiam,
981 3039 1072 3102 quam
1095 3020 1211 3084 Nonius

146 3123 313 3204 Marcellus
335 3141 431 3205 neque
453 3124 529 3188 satis
552 3125 648 3206 perite
679 3144 775 3207 neque
805 3126 879 3190 satis
903 3125 1065 3208 diligenter
1087 3124 1212 3208 collegit

147 3229 256 3294 veleb
280 3229 347 3294 aliis
359 3229 517 3294 collectam
532 3232 714 3311 composuit,
736 3231 826 3312 paulo
849 3231 917 3313 plus
939 3249 1035 3313 operae
1058 3229 1211 3312 studiique

74 3335 77 3341 ’
147 3335 326 3400 conferrem.
385 3335 465 3398 Nam
490 3353 560 3398 cum
582 3337 620 3400 ad
643 3337 777 3402 Nonium
799 3339 932 3420 primum
957 3336 1110 3402 Ciceronis
1131 3337 1211 3400 loeo-

143 3461 215 3520 rum
239 3461 345 3514 causa,
374 3441 433 3523 qui
447 3440 529 3522 apud
552 3459 621 3506 eum
644 3443 768 3524 plurimi
790 3443 976 3518 excitantur,
1004 3445 1077 3507 aute
1098 3442 1211 3506 multos

145 3559 243 3612 anuos
274 3547 392 3612 delatus
421 3547 593 3612 necessario
620 3547 793 3613 universam
815 3549 892 3613 libri
918 3550 1049 3614 formam
1077 3549 1212 3613 condici-

147 3673 296 3735 onemque
319 3653 568 3724 considerassem,
611 3653 734 3719 illectus
757 3659 788 3719 et
810 3655 990 3721 mendorum
1013 3655 1211 3720 multitudiue

148 3763 180 3824 et
201 3760 350 3823 varietate
380 3761 412 3822 et
442 3758 624 3833 multorum,
660 3760 685 3824 si
708 3761 776 3842 quis
799 3761 917 3824 errandi
940 3777 1052 3844 genera
1074 3763 1212 3825 notasset

145 3865 308 3947 tenuisque
331 3865 552 3930 sententiarum
580 3863 692 3929 indicia
714 3865 844 3947 arripere
868 3867 969 3942 sciret,
1007 3865 1211 3930 emendando-

145 3991 215 4036 rum
238 3971 385 4040 facilitate
407 3972 533 4036 subinde
562 3973 665 4056 paucis
695 3972 778 4036 horis
800 3971 1210 4054 subsecivisexercitationis

148 4082 180 4142 et
215 4097 299 4161 paene
336 4078 422 4143 lusus
459 4095 551 4142 causa
589 4078 716 4160 paginas
734 4147 737 4152 ,
752 4077 870 4159 aliquot
904 4078 1115 4160 percurrebam
1152 4095 1211 4140 uno
