2956 4648
530 357 532 363 Ι
545 287 632 341 Taciti
652 286 777 341 Annales.
1094 283 1155 347 553

135 491 344 572 contemptam
366 488 426 569 ipsi
448 485 666 552 contumeliose
689 484 823 566 patronis
846 485 881 548 ut
912 482 1106 565 imponerent
1128 503 1198 548 sua·
1307 477 1313 488 ”

135 595 271 664 debant„
316 595 395 657 Tum
428 593 457 657 in
479 593 625 674 proximis
659 609 720 658 non
742 590 802 654 dici
823 589 932 654 Latine
952 612 1045 673 prave
1067 600 1107 651 aar
1127 590 1199 651 reti-

139 701 232 761 ιιιιιάι·
253 718 306 782 pro
329 718 375 776 eo,
397 699 476 783 quod
500 700 548 764 est
578 698 703 761 resinae
732 696 828 780 (XIV,
848 697 903 759 21:
926 713 995 760 nec
1018 697 1198 778 cuiqnam

134 807 258 871 indici
280 824 396 890 grave
420 801 532 870 aures
639 803 866 886 impertire,
900 802 958 866 etsi
979 821 1064 884 paene
1085 801 1198 865 ridicu·

134 911 200 975 lum
224 915 271 976 est
293 911 430 993 exemplo
452 911 524 990 ut‘),
547 909 735 993 argumentis
759 908 910 984 docerem,
951 908 977 973 si
1000 926 1045 984 es,
1068 927 1134 990 quae
1159 907 1198 973 ad

134 1015 359 1082 defendendum
381 1016 562 1094 afferuntur,
595 1013 800 1098 intelligerem
833 1015 929 1091 (velut
950 1013 1030 1097 quod
1047 1011 1197 1096 faciendi,
1270 1011 1272 1015 ’

134 1125 215 1207 quod
238 1127 286 1189 est
308 1125 376 1190 cod,
393 1135 520 1196 ποιεῖν,
545 1123 739 1204 comparatur
754 1141 824 1186 cum
849 1120 887 1185 τό
914 1121 976 1186 τοῦ
998 1133 1120 1192 ποιεῖν,
1144 1123 1198 1183 aut
1327 1153 1329 1158 ·

136 1230 214 1313 qnod
249 1229 423 1294 huiusmodi
460 1227 567 1293 Graeca
596 1229 766 1311 finguntur:
811 1221 910 1309 oquae
956 1234 1023 1291 ἐστι
1064 1219 1101 1289 cd
1135 1225 1198 1288 cod

133 1329 283 1411 α’κούειν,
307 1335 365 1399 etsi
387 1333 518 1398 debebat
539 1333 629 1416 fingi:
652 1326 752 1417 αἠδές
775 1339 843 1397 ἐστι
874 1335 934 1398 τοῦ
958 1326 1121 1410 ἀκούειν),
1143 1333 1198 1395 aut

134 1443 161 1506 si
184 1442 254 1520 dno,
279 1459 346 1524 quae
370 1443 517 1522 praeterea
538 1442 707 1521 ponuntur,
740 1441 878 1521 exempla
910 1440 1023 1504 similia
1055 1441 1196 1521 putarem

134 1549 190 1611 aut
211 1565 265 1628 per
286 1565 318 1611 se
339 1549 455 1610 rectum
480 1545 653 1609 crederem:
678 1555 776 1606 maner
786 1545 1025 1629 provincialibus
1043 1552 1197 1607 οιιιιιῑιιιι.
1263 1585 1265 1590 -

134 1652 225 1715 Nunc
248 1650 428 1733 simpliciter
450 1651 517 1714 dico
542 1654 614 1715 ante
637 1651 895 1716 manumissis
917 1650 1066 1716 excidisse
1086 1671 1197 1722 ‚caca

134 1758 287 1836 (Rittarns
323 1775 459 1822 munus
492 1757 602 1838 posuit,
637 1775 696 1821 non
736 1759 842 1838 aptum
879 1756 1082 1832 vocabulum).
1138 1756 1196 1819 Po·

133 1861 250 1927 stremo
273 1863 431 1928 verissime
453 1861 539 1926 codd.
563 1862 657 1928 dett:
680 1882 775 1945 qnos
798 1861 1000 1927 beneficia
1021 1881 1198 1928 commu-

132 1969 337 2034 tavissent
359 1969 427 2052 (hoc
451 1971 513 2046 est,
536 1971 587 2053 qui
610 1989 645 2034 ex
667 1969 754 2033 bonis
785 1970 815 2032 et
837 1968 1076 2052 obsequentibus
1098 1967 1193 2032 servis

134 2074 385 2140 manumissionis
416 2075 563 2140 beneficio
590 2075 692 2140 liberti
713 2075 828 2159 ingrati
849 2078 880 2139 et
903 2076 1098 2139 contumaces
1120 2073 1196 2138 lacti

131 2181 250 2256 essent)
281 2199 335 2262 pro
370 2199 440 2244 non
478 2182 758 2258 mutavissent3
791 2183 934 2264 idemque
961 2182 1072 2262 sponte
1100 2180 1195 2262 scrip-

130 2301 245 2349 seram.

195 2383 199 2474 J
237 2389 302 2454 lbd.
325 2389 363 2451 31
390 2391 509 2455 exhis:
542 2411 588 2456 ne
610 2393 698 2474 quis
720 2395 981 2478 magistratus
1015 2393 1082 2456 aut
1107 2409 1197 2472 pro·

129 2496 297 2560 curator
338 2497 375 2558 in
413 2497 623 2578 provincia
662 2499 881 2573 obtineret,
915 2499 1197 2582 spectaculum

127 2600 409 2686 gladiatorum
515 2601 667 2679 ederet,
689 2603 742 2667 fit:
765 2604 803 2666 in
825 2602 1055 2686 provincia,
1090 2624 1198 2687 quam

127 2705 351 2781 obtineret,
375 2711 498 2790 spect.
531 2709 818 2790 Imprudentissime
835 2709 953 2774 deletur
975 2708 1197 2783 obtineret;

127 2813 222 2877 facile
245 2811 358 2876 excidit
380 2833 490 2895 qnam
513 2818 584 2896 post
606 2815 674 2879 cia.

233 2915 300 2982 Lib.
333 2919 408 2982 XlV
439 2939 464 2984 c.
499 2920 537 2982 26
574 2927 659 2996 (nam
692 2919 729 2984 de
762 2939 785 2984 c.
809 2919 1102 3001 rocixivol.1p.
1129 2919 1197 3006 116,

128 3025 166 3089 de
211 3023 350 3088 confiniis
384 3041 408 3087 o.
453 3021 493 3086 25
535 3029 566 3090 et
605 3025 645 3088 26
685 3045 715 3108 p.
749 3025 803 3104 30)
835 3027 867 3090 in
901 3027 1004 3092 codice
1037 3027 1196 3092 scribitur:

127 3149 222 3214 pars
246 3132 345 3206 (recte
374 3128 517 3194 Halmius
546 3135 694 3213 partes)
728 3133 939 3210 Armenia,
977 3138 1019 3199 ut
1054 3135 1197 3218 cuique
1282 3155 1285 3162 ¹

125 3235 331 3307 finitima,
375 3236 678 3320 parsnipnlique
717 3241 755 3303 et
798 3239 1038 3304 Aristobulo
1081 3244 1197 3322 atque

127 3341 332 3406 Antiocho
353 3359 496 3421 parere
518 3341 633 3408 iussae
663 3345 932 3422 conuentura
960 3346 1104 3411 Gronovii
1127 3353 1197 3410 eon-

126 3449 267 3512 iectura:
311 3446 575 3512 Pharasmani
598 3447 882 3533 Polemonique
906 3453 1196 3519 etAristobulo.

127 3553 190 3619 Sed
222 3550 367 3627 Polemo,
402 3551 492 3617 Ponti
515 3573 578 3627 rex,
602 3556 633 3618 et
654 3554 746 3638 longe
768 3557 884 3633 aberat,
907 3576 964 3621 nec
987 3558 1051 3623 eius
1073 3559 1143 3623 ullae
1164 3561 1197 3624 in
1280 3547 1282 3552 ’

125 3660 184 3736 iis,
220 3675 291 3742 quae
324 3657 374 3721 hic
406 3658 614 3742 attinguntur,
650 3662 739 3726 rebus
781 3665 812 3725 et
844 3665 1062 3728 certaminibus
1095 3668 1197 3748 partes

126 3769 228 3832 erant.
275 3761 475 3828 Scribendum
504 3765 643 3830 tantum:
688 3763 1225 3853 Pharasmaniqueetdri-'

126 3867 291 3937 stobulo
327 3870 443 3952 atque
478 3872 563 3934 Ant.
611 3871 687 3936 Cum
720 3893 756 3938 ex
789 3874 932 3955 pharas
971 3875 1085 3941 sactum
1115 3882 1197 3944 esset

125 3997 243 4062 pars,
268 3991 304 4036 ox
326 3993 373 4052 co,
406 3976 487 4058 qnod
509 3981 676 4059 supererat,
710 3979 889 4062 maniqne
918 3984 1018 4045 ortum
1048 3982 1196 4065 nipuli·

125 4102 198 4168 que
224 4080 369 4156 (fortasse
397 4081 480 4164 prius
502 4082 797 4166 manipulique).
