2938 4630
594 256 717 315 Plautus.
1126 255 1144 314 7

226 451 269 516 ut
288 451 347 514 hoc
368 447 604 528 beroeonvenit,
626 471 687 517 nou
709 451 879 518 deseruisse
904 469 1036 529 servum,
1058 449 1185 514 minime

127 557 272 630 alterum,
301 575 361 622 non
383 556 578 622 adversatum
612 575 690 631 esse,
723 576 790 639 quse
822 557 895 639 opto
916 555 995 622 servi
1015 553 1185 621 obedientis

126 661 194 726 laus
229 665 286 726 est.
338 661 476 744 Apparet
510 662 613 726 miuus
646 663 800 728 attentum
832 661 994 737 lectorem,
1026 677 1096 724 oum
1118 659 1187 740 post

125 765 210 848 prius
232 785 328 850 neque
360 775 386 828 te
412 767 519 832 statim
553 767 683 833 ultorum
713 767 938 858 distributionis
959 767 1079 849 purtem
1100 763 1188 845 sequi

126 872 268 952 putaret
281 892 330 934 me
424 871 479 934 titi
499 873 704 940 substituisse.
751 873 792 936 Et
812 869 889 934 mibi
909 871 1061 936 offertore
1080 867 1187 943 „MSS.

127 976 267 1060 Leugii“.
314 975 438 1042 Omissa
460 979 508 1042 est
529 978 627 1045 altera
647 997 719 1062 pers
741 976 934 1054 coniceturae,
961 985 995 1038 te.

137 1085 141 1098 '
226 1080 407 1148 Meuaechm.
433 1082 491 1145 105
515 1085 550 1160 (1,
576 1085 601 1157 1,
626 1084 688 1162 29).
735 1083 878 1150 Codices:

259 1187 353 1252 Domi
377 1189 509 1254 domitus
531 1208 600 1254 sum
622 1207 719 1272 usque
742 1208 813 1253 oum
835 1187 912 1251 seris
934 1184 1022 1259 meis,

126 1293 157 1356 et
175 1293 329 1358 sententia
351 1294 383 1357 et
402 1311 492 1358 versu
508 1294 654 1360 mondum
666 1293 872 1378 arguentibus,
883 1292 914 1354 iu
927 1309 986 1372 quo
1008 1285 1188 1370 corrigendo

125 1416 186 1462 nou
224 1398 330 1462 felices
357 1399 487 1463 ¹fuerunt
519 1399 661 1464 editores.
705 1397 874 1476 (Dominus
906 1395 1029 1478 quidem
1062 1409 1186 1474 prorsus

128 1502 221 1566 inane
242 1506 274 1567 et
295 1522 313 1567 a
336 1505 490 1569 sententie
511 1504 646 1569 alienum
668 1505 738 1581 est.)
785 1503 913 1567 Videtur
935 1497 1143 1567 scribendum:

249 1607 340 1672 Domi
362 1609 434 1670 dom
457 1609 570 1670 inuitus
591 1628 659 1673 sum
681 1625 777 1690 usque
800 1625 871 1672 cum
894 1607 972 1671 cums
994 1604 1081 1669 meis.

229 1712 297 1775 Ibd.
322 1713 381 1774 152
403 1733 447 1795 sq.
470 1713 510 1795 (Ι,
536 1715 566 1788 2,
590 1713 654 1790 43).
708 1711 959 1778 PENIOULUS:

630 1818 758 1883 Oculum
782 1818 911 1883 ecfodito
932 1814 1087 1898 persolum

228 1921 314 1994 Mihi,
336 1921 537 2002 Meueeohme,
560 1924 587 1989 si
608 1923 706 1988 ullum
727 1924 857 1989 uerbum
878 1922 958 1999 faxo,
980 1919 1040 1984 nisi
1061 1918 1142 2000 quod

991 2025 1127 2091 iusseris.
1207 2037 1215 2046 ’

226 2132 262 2195 In
299 2131 462 2215 porcetum,
505 2135 584 2216 quod
613 2153 681 2216 ·pro
725 2133 886 2214 desperato
929 2131 1061 2206 notatur,
1101 2130 1189 2208 lutet,

127 2237 244 2318 opinor,
271 2235 403 2319 pessulo.
460 2237 727 2317 Quemadmodum
766 2237 890 2320 Cyclopi
928 2235 1040 2320 μοχλῷ
1083 2235 1189 2298 oculus

128 2343 256 2408 effossum
279 2343 329 2419 sit,
366 2342 409 2406 sio
431 2342 490 2407 sibi
511 2345 664 2425 parasitus
686 2343 808 2408 oculum
840 2343 963 2424 pessulo
984 2341 1074 2406 effodi
1094 2340 1188 2413 iubet,

128 2447 304 2512 si-vsrbum
327 2446 443 2512 fecerit.

229 2551 294 2616 Mil.
318 2550 404 2618 titur.
428 2553 488 2614 217
501 2554 552 2631 (II,
575 2554 603 2629 2,
627 2553 679 2630 62)
703 2553 840 2617 codicum
861 2552 1003 2635 vestigio,
1024 2551 1056 2616 in
1079 2550 1189 2633 quibus

129 2658 193 2720 est:
217 2657 274 2718 tibi
294 2677 348 2739 090
363 2656 431 2718 dico
442 2657 616 2719 cohortatus
636 2657 727 2718 creetis
748 2656 819 2718 heus
843 2667 869 2718 te
890 2656 1017 2740 adloqui
1028 2656 1187 2733 Perductum,

129 2779 218 2842 paeue
235 2779 330 2825 manu
351 2760 467 2826 ducunt
490 2763 529 2827 ad
550 2763 630 2827 hano
652 2763 849 2842 scripturum:

229 2865 299 2929 Tibi
319 2884 376 2949 ego
400 2866 484 2931 dico:
508 2867 548 2928 ab
573 2867 708 2951 feriatus
742 2889 778 2928 oo
813 2867 863 2940 sis,
896 2867 982 2942 heus,
1017 2866 1187 2939 Palaestrio,

129 2971 258 3036 sublatis
290 2971 408 3035 duabus
441 2972 584 3046 voeibm,
619 2991 685 3055 quse
721 2972 821 3038 nescio
854 2991 912 3054 que
935 2990 1035 3036 errore
1057 2971 1097 3035 ud
1118 2970 1189 3041 teus

131 3075 244 3139 additae
266 3078 354 3151 sunt;
377 3094 413 3140 oo
427 3077 560 3160 feriatos
580 3099 618 3140 oe
631 3079 672 3140 oie
686 3078 811 3144 subesse
832 3078 894 3142 iem
907 3077 1038 3160 Pylades
1061 3077 1189 3156 videret,

127 3199 181 3263 pro
214 3181 324 3263 quibus
356 3182 566 3248 infelicissime
599 3182 729 3259 decreta,
765 3183 846 3265 quod
877 3182 952 3246 nibil
974 3183 1024 3246 hie
1060 3181 1189 3265 agitet

129 3284 248 3369 hauseis
272 3287 440 3352 substituto
461 3291 542 3354 suut.

228 3388 434 3470 11122161,
458 3392 487 3469 2,
510 3393 573 3473 66).
598 3392 742 3458 Codices:
766 3391 904 3454 anteeant
925 3392 1009 3468 (auce
1030 3391 1127 3452 ueniet
1142 3391 1184 3473 B)

128 3493 234 3580 aliqua
255 3495 375 3580 aliquos
397 3506 483 3558 cuttu
517 3499 606 3579 (outo
630 3497 653 3562 Ο
675 3497 719 3579 D)
743 3498 933 3560 circumduce
954 3497 1123 3569 coercitum,
1152 3515 1188 3562 cx

129 3601 237 3683 quibus
260 3601 400 3678 efficitur,
424 3621 484 3666 nou
505 3603 597 3685 longe
619 3621 638 3665 e
659 3601 826 3667 demererii
848 3601 1016 3665 sententis:

186 3699 364 3769 Armenio
386 3708 489 3790 aliqua
510 3705 578 3768 illos
602 3710 655 3771 aut
675 3709 710 3772 tu
731 3707 922 3770 circumduce
945 3707 1122 3772 exercitum.

228 3811 293 3876 Aut
313 3813 545 3878 outevmirieut
556 3811 710 3878 circumiri
721 3813 909 3877 adversarios
920 3811 1187 3893 Periplscomenus

130 3914 220 3980 iubet.
273 3916 319 3978 Tu
338 3918 408 3998 post
438 3926 490 3980 aot
519 3917 640 3998 ponitur
660 3918 731 3981 noto
754 3935 821 3994 usu,
843 3934 902 3998 quo
923 3915 1070 3981 Horatius
1091 3915 1187 3980 dixit:

133 4017 196 4080 Nec
218 4019 318 4082 dulces
341 4043 458 4084 abrores
478 4019 595 4104 Sperne
613 4043 690 4105 puer
710 4043 804 4105 oeque
824 4031 856 4082 tu
878 4021 999 4084 choreas
1022 4021 1083 4102 (od.
1107 4020 1134 4092 I,
1158 4020 1189 4098 9,
