3000 4638
306 291 368 356 328
665 292 810 348 moun,
822 291 890 364 cap.
903 293 928 350 1.

363 491 429 556 Ibd.
452 491 485 568 3,
504 488 541 554 4:
577 491 740 570 monuit,
763 495 823 568 ut,
850 491 994 556 omissa
1013 490 1245 576 eupiditate,
1269 515 1343 562 re·-

263 597 377 682 gredi
398 595 507 662 modo
530 597 920 679 controversiaquam
941 598 1131 682 progredi
1151 598 1329 669 mellent

264 703 416 782 Quoniam
441 701 707 766 controversia
739 702 772 766 in
796 701 825 768 B
851 702 890 766 iis
911 703 1034 784 punctis
1054 705 1189 782 notatur,
1220 706 1331 788 quibus

262 809 406 876 librarbu
427 823 517 870 rooes
540 823 639 870 errore
662 825 679 870 o
701 806 853 890 margine-
867 809 1007 892 receptas
1037 812 1144 876 notare
1165 811 1255 886 solet,
1275 812 1332 881 ille

264 914 384 984 sublato
405 913 507 996 ipsum
538 911 648 976 modo
682 911 720 976 de
752 913 819 998 agri
849 913 941 982 ruodo
969 915 1002 978 et
1021 932 1166 982 mensura
1197 917 1338 1002 iutelligu'.

264 1019 385 1092 dobere,
421 1020 455 1081 ut
487 1015 519 1082 in
540 1017 579 1082 iis
600 1017 685 1092 locis,
719 1037 793 1100 quos
815 1019 959 1084 Halmius
991 1019 1032 1084 ed
1061 1020 1177 1090 rhetor.
1208 1022 1278 1089 Lat
1298 1041 1331 1106 p.

263 1125 336 1203 379,
361 1123 399 1188 13
420 1123 581 1197 indicavit,
601 1123 763 1190 Gsertzius
784 1125 868 1188 reete
890 1125 1009 1190 statuit.

363 1229 432 1294 Ibd.
468 1229 501 1293 7:
536 1228 680 1294 Fabius
712 1227 845 1292 autem
877 1229 1084 1308 Maximus,
1117 1233 1227 1300 ouius
1257 1253 1330 1301 nou

263 1336 449 1402 dimicare
471 1333 628 1399 vinoere
648 1333 734 1398 fnit
776 1333 887 1400 batim
909 1353 970 1400 non
992 1335 1103 1404 dititur
1124 1337 1236 1404 Fabii
1258 1358 1329 1406 non

262 1441 465 1517 dimisere,
479 1497 482 1504 ,
498 1441 534 1506 ut
560 1440 603 1506 sit
625 1439 732 1515 „Fabii
751 1439 921 1507 dimicandi
941 1440 1087 1517 naseu
1119 1444 1338 1513 rectissimum·

263 1551 294 1610 et
315 1545 554 1610 usitatissimum
577 1547 644 1612 est:
681 1545 742 1608 oni
761 1563 831 1610 non
854 1545 1041 1612 dimisere
1072 1547 1232 1615 vincere
1252 1550 1332 1616 init

263 1652 329 1732 (oui
350 1651 516 1716 dimicandi
537 1652 645 1716 vitatio
666 1651 801 1716 viotoriae
822 1651 888 1714 loeo
907 1650 989 1732 brit).
1045 1650 1114 1718 Soio
1138 1654 1245 1732 eodem
1266 1655 1338 1720 iere«

263 1757 352 1822 modo
374 1775 455 1820 nuno
480 1756 574 1840 (apud
595 1756 757 1834 Haasium)
778 1756 842 1839 legi
864 1756 1014 1840 seriptum
1040 1776 1058 1822 s
1084 1759 1238 1824 codicibus
1260 1760 1331 1843 (sed

262 1861 395 1944 optimus
417 1861 517 1944 deest)
550 1861 581 1926 in
604 1861 728 1928 Seneoae
749 1861 804 1937 lib.
826 1861 866 1926 ad
889 1862 996 1946 Polyb.
1019 1863 1070 1939 16,
1092 1863 1126 1928 2;
1161 1865 1229 1930 boo
1250 1865 1340 1931 fuit.

262 1967 347 2031 eius
388 1966 522 2052 lugere
559 1967 709 2052 viginti
751 1967 945 2052 legionum
984 1970 1170 2052 sanguino
1212 1971 1332 2036 fratri

261 2073 479 2154 parentare.
524 2073 584 2138 Sed
617 2073 661 2138 ibi
694 2091 814 2155 quoque
836 2075 917 2138 reete
942 2065 1127 2157 superiores:
1161 2076 1231 2140 hoo
1252 2075 1330 2141 fuit

262 2178 298 2242 ei
319 2177 466 2262 lugere.

363 2281 433 2347 Ibd.
486 2283 520 2355 4,
575 2284 608 2346 l:
663 2282 850 2350 Omnibus
903 2284 1148 2352 militaribus
1201 2287 1337 2370 oopiis.

262 2389 402 2453 Tullus
437 2388 638 2454 Hostilius
674 2389 841 2456 Fidenas
868 2391 1095 2474 adgressus,
1128 2411 1207 2476 quse
1235 2411 1327 2458 sur·

263 2495 396 2580 gentis
428 2495 582 2576 imperii
617 2497 745 2560 nostri
779 2496 1023 2564 incunabula
1173 2500 1339 2582 torpore·

261 2617 383 2682 passae
406 2619 478 2666 non
501 2602 591 2666 sunt
622 2601 891 2684 finitimisque
924 2604 1082 2686 tropaeis
1111 2649 1161 2672 ...
1188 2605 1327 2668 alitem

263 2707 448 2772 virtutem
471 2707 552 2772 eius
585 2727 673 2790 spes
704 2724 791 2772 sues
810 2709 996 2774 'ulterius
1019 2726 1240 2791 promovere
1261 2710 1338 2776 de-v

261 2817 432 2892 suerunt,
452 2813 613 2878 Mettius
626 2813 811 2888 Fufetius,
827 2813 898 2878 dun
911 2814 1157 2894 Albanorum,
1173 2815 1337 2880 dubiam.

344 2917 463 2982 fidem
485 2919 645 3001 repente
667 2919 704 2982 in
725 2919 811 3002 ipsa
835 2921 917 2984 note
942 2919 1103 2986 detexit.
1157 2921 1227 2986 Iure
1249 2921 1337 2985 Hul-v

261 3023 342 3088 mins
373 3022 508 3098 dubitat,
541 3023 702 3088 mutumne
733 3025 952 3109 negligentiam
985 3025 1125 3092 Valerius
1155 3026 1336 3092 admiserit..

260 3127 377 3195 Facilis
399 3129 448 3194 est
469 3129 614 3196 eorrectio
638 3131 670 3195 et
689 3131 768 3198 lenis
790 3149 847 3196 neo
870 3131 979 3198 dubia:
1015 3131 1115 3201 Omn.
1132 3151 1158 3196 o.
1173 3131 1339 3199 Tullius.

261 3233 464 3304 Hostilius
485 3235 649 3301 Fidenas
671 3235 882 3320 adgressus
906 3246 973 3316 eet,
1000 3253 1077 3320 ques
1178 3237 1327 3304 doens-

260 3339 366 3415 runt3
389 3340 834 3410 errrnMettiusFufetius
850 3343 909 3408 oet.
961 3343 1124 3412 Fauillime
1145 3346 1226 3412 tum
1246 3343 1339 3409 inter·

261 3447 326 3509 tet
351 3467 383 3506 m
414 3446 560 3511 ext'tum
592 3449 655 3526 est;
688 3448 726 3512 de
761 3449 820 3512 est
846 3449 950 3514 addito
980 3448 1040 3516 vid.
1073 3449 1112 3514 ed
1134 3448 1211 3514 Caer.
1232 3449 1268 3513 Β.
1292 3447 1325 3513 O.

260 3551 319 3624 ΙΙΙ,
344 3550 393 3611 71.
430 3550 512 3632 (Ibd.
536 3551 554 3614 3
578 3571 658 3618 oum
681 3554 718 3615 io
739 3573 885 3620 summa
906 3553 1175 3620 alimentorum
1197 3553 1338 3635 inopia

260 3655 324 3720 iam
346 3655 399 3720 alii
419 3657 628 3738 seripserunt.)
653 3662 666 3741 )

287 4008 309 4074 ¹)
329 4007 392 4078 Cap.
413 4013 442 4074 6,
476 4007 639 4064 ibatinom
667 4025 719 4064 non
736 4015 785 4076 est,
813 4007 884 4079 quod
911 4009 1070 4066 eVablsnii
1089 4009 1242 4068 oenieotura
1259 4010 1329 4066 Hal-2

329 4100 399 4155 mius
418 4102 507 4156 edidit
525 4102 605 4156 data
625 4107 813 4172 armatum
832 4121 894 4158 nam
913 4108 1049 4160 armatura
1069 4106 1177 4160 tautum
1196 4104 1229 4159 de
1252 4106 1334 4159 serto
