2924 4660
602 278 752 334 Suetonius.
1110 275 1169 339 571

150 482 335 563 donum1),
355 482 434 564 Aug.
459 479 499 542 25
522 497 541 544 a
564 478 696 545 Grutero
719 481 750 546 et
763 469 943 550 'Burmanno
965 477 1125 550 inventum
1147 484 1214 549 sub

144 589 259 672 privo
293 585 437 652 vexillo
470 605 525 668 pro
548 586 696 670 priore,
728 589 796 663 aut,
833 590 868 653 ut
897 607 933 654 ex
955 591 1118 674 postremis
1141 589 1213 655 vitis

152 694 292 776 exempla
314 711 451 770 sumam,
484 692 575 775 Vasp.
598 693 619 754 4
641 691 783 755 amicos
807 693 838 758 in
862 697 1081 762 recentioribus
1103 695 1213 786 oodioi·

153 800 210 864 bus
232 801 313 864 recte
335 799 513 864 restitutum
535 818 589 882 pro
612 798 736 875 amici,
771 800 850 882 quod
871 800 912 864 ad
933 801 1110 867 Narcissi
1133 802 1214 866 male

151 904 417 970 accommodatum
442 906 504 981 est,
538 905 601 986 ibd.
625 904 665 968 23
696 906 933 988 tempestiue
964 908 1078 982 satis,
1113 917 1152 968 oc
1173 906 1215 972 de

152 1009 312 1094 quodam
336 1012 394 1074 cet.
417 1027 436 1074 a
457 995 640 1094 nescioquo
662 1011 833 1093 antiquiore
855 1012 970 1081 editore
993 1013 1140 1094 scriptum
1162 1030 1216 1096 pro

153 1115 255 1180 etde
278 1114 435 1199 quodam
458 1117 489 1180 in
513 1117 651 1200 exemplo
673 1117 868 1200 proferendo,
892 1118 1008 1183 Domit.
1026 1117 1216 1183 munnam

152 1215 257 1305 α’ρκεῑ,
289 1220 326 1283 15
353 1221 511 1285 disiecto
545 1222 676 1288 funere
709 1241 762 1305 pro
795 1222 960 1300 deiecto,
991 1224 1049 1290 etsi
1078 1224 1121 1288 ibi
1151 1225 1216 1306 ipse

152 1326 395 1409 Oudendorpius,
428 1327 506 1410 quod
539 1330 621 1394 recte
653 1328 827 1405 invenerat,
859 1329 1016 1408 deseruit),
1055 1332 1090 1394 ut
1126 1328 1213 1400 mihi,

152 1451 222 1498 cum
257 1436 329 1510 ante
365 1433 482 1516 aliquot
513 1451 607 1499 annos
639 1433 818 1498 Suetonium
851 1435 914 1500 solo
947 1435 1054 1502 Rothii
1076 1436 1215 1518 exemplo

151 1541 240 1604 utens
265 1540 465 1623 perlegerem,
487 1541 630 1622 pleraque
652 1538 751 1603 denuo
772 1539 956 1606 invenienda
977 1542 1100 1606 fuerint.
1135 1540 1216 1606 Nam

152 1647 323 1712 Burmanni
345 1644 612 1728 Oudendorpiique
634 1664 742 1729 parum
764 1645 894 1723 subtile,
927 1666 966 1712 ue
988 1648 1090 1713 dicam
1112 1647 1214 1719 hebes,

150 1752 296 1817 iudicium
319 1751 395 1826 fuit,
429 1751 598 1825 Ernestius,
620 1752 719 1816 multo
746 1751 807 1816 illis
831 1752 1007 1835 prudentior
1029 1753 1216 1836 elegantior·
1267 1771 1269 1777 ’

151 1876 210 1940 qua
232 1863 263 1922 et
284 1857 314 1920 in
342 1857 432 1922 rebus
456 1856 647 1921 declarandis
677 1861 856 1934 accuratus,
889 1859 980 1941 paulo
1003 1860 1105 1924 tamen
1132 1858 1215 1922 timi·

153 1963 220 2029 dior
254 1963 312 2027 luit
340 1982 394 2028 neo
425 1963 464 2026 ad
498 1980 604 2027 verum
638 1983 673 2028 ex
706 1964 844 2030 codicum
877 1965 1015 2048 vestigiis
1051 1963 1217 2028 eruendum

152 2070 317 2135 admodum
353 2071 478 2144 acutus;
522 2067 655 2134 Wolfius
688 2070 764 2136 nihil
797 2089 919 2152 prorsus
949 2070 1065 2145 effecit;
1109 2068 1219 2133 Rothio

154 2176 273 2244 stabilis
297 2177 328 2240 et
350 2176 439 2240 firma
460 2175 587 2239 libertas
621 2175 775 2240 interdum
798 2177 904 2242 defuit.
960 2176 1033 2255 Quae
1064 2193 1144 2240 nova
1165 2193 1220 2238 nec

154 2284 302 2364 occupata
324 2281 503 2346 emendasse
525 2279 640 2360 uideor,
662 2281 832 2348 subiiciam.

215 2437 218 2449 .
254 2388 313 2450 Iul.
339 2387 417 2453 Caes.
440 2406 466 2452 c.
495 2387 530 2464 93
563 2387 615 2450 ubi
649 2386 842 2470 attinguntur
874 2388 994 2452 obscuri
1021 2405 1159 2451 rumores
1180 2385 1218 2449 de

155 2491 284 2558 Caesaris
307 2511 376 2556 cum
399 2492 453 2558 Cn.
476 2491 587 2557 Pisone
621 2493 842 2574 conspiratione
875 2495 906 2556 et
927 2492 1051 2556 consilio
1073 2510 1217 2556 novarum

154 2617 257 2662 rerum
279 2598 384 2662 Romae
417 2600 449 2661 et
480 2598 511 2680 in
541 2598 632 2662 Italia
654 2598 891 2675 moliendarum,
924 2616 984 2662 non
1016 2598 1118 2678 potest
1149 2615 1219 2660 cum

155 2703 382 2786 Transpadanis
412 2706 560 2786 tanquam
586 2704 723 2770 adeam
746 2723 812 2770 rem
834 2705 1020 2788 opportunus
1043 2703 1075 2766 et
1093 2701 1219 2766 idoneus

159 2809 309 2874 nominari
345 2808 474 2891 populus
517 2828 639 2892 prorsus
678 2811 823 2876 obscurus
857 2814 901 2902 et¹
919 2809 1052 2894 ignotus.
1113 2808 1219 2889 ltaque

156 2932 253 2998 neque
278 2933 348 2996 per
369 2914 583 2980 Ambranos
612 2917 683 2981 ferri
707 2919 813 2999 potest·
837 2916 988 2982 similiave
1010 2913 1143 2987 uomina,
1166 2931 1220 2976 ne·

157 3040 215 3104 que
238 3021 408 3086 Ambrones
436 3040 472 3086 ex
498 3020 600 3088 Gallia
627 3021 830 3103 Transalpina
860 3022 1010 3103 Mariique
1031 3018 1220 3102 temporibus

157 3129 278 3193 arcessi.
331 3127 488 3204 Fortasse,
523 3128 664 3210 quoniam
688 3146 798 3192 novum
822 3127 1004 3193 vocabulum
1026 3125 1153 3208 fingere,
1187 3125 1222 3188 ut

157 3252 223 3316 per
256 3234 517 3296 conturbabor
552 3234 716 3310 scribatur,
760 3252 821 3298 uon
865 3232 976 3308 audeo,
1022 3232 1219 3297 scribendum

158 3341 206 3404 est
229 3359 294 3423 per
321 3337 546 3423 Campanos.
584 3340 680 3435 ‘Agri
703 3339 851 3422 Campani
872 3340 1041 3406 incolarum
1065 3338 1219 3405 condicio·

161 3567 360 3576 *ϋηο-...-

188 3720 210 3785 ¹)
229 3719 260 3774 F.
279 3719 312 3776 A.
332 3717 444 3773 Wolfius
473 3716 617 3782 ,didicisse
640 3717 733 3782 velit“,
760 3733 807 3771 our
825 3716 913 3770 minus
932 3715 1058 3770 Latinum
1077 3714 1114 3768 sit
1146 3728 1221 3767 esse

231 3813 271 3867 ad
307 3812 441 3874 donum,
479 3826 539 3864 cum
575 3813 672 3878 agaim
706 3810 738 3865 de
773 3811 887 3879 arreptis
925 3807 1044 3875 undique
1069 3804 1149 3860 rebus
1188 3803 1221 3858 ad

232 3904 367 3960 flamarum
402 3903 533 3963 alaudam.
587 3901 694 3957 Similia
729 3917 783 3956 non
813 3900 904 3970 paucis
939 3897 1004 3952 locis
1021 3897 1130 3966 supina
1156 3912 1222 3965 neg-

232 3998 349 4068 ligantia
372 3996 529 4067 adscripsit,
557 3995 693 4050 interdum
720 4010 781 4050 com
799 3992 940 4046 inhonesta
958 3988 1075 4044 Emestii
1092 3988 1224 4076 obtrecta-

232 4085 337 4146 tione.'
