2938 4630
271 233 312 296 m
630 231 891 302 mmwu

333 435 413 498 Eece
435 433 538 494 autem
560 431 672 494 Boreas
694 432 825 512 angusta
842 431 881 495 ab
902 431 975 496 sede
996 433 1097 498 Pelori

331 541 444 604 missus
468 537 564 600 adest.
597 535 675 608 Viuo
694 537 899 617 praetervehor
920 537 1000 603 ostiu
1019 557 1091 604 saxo

332 645 490 727 Pantagiae
512 643 715 724 Megarosque
736 643 822 732 sinus
846 642 1063 728 Thapsumque
1084 646 1247 711 iacentem

330 752 378 814 De
394 751 458 814 loeo
479 748 577 830 longis
600 749 632 811 et
652 748 803 832 perplexis
825 747 1082 830 disputationibus
1104 754 1211 818 vexato
1233 769 1290 818 neo

229 860 334 921 tamen
370 855 510 936 expedito
550 855 697 936 quantum
730 853 797 916 lieri
827 856 931 935 potest
964 855 1143 922 brevissime
1178 857 1288 936 dicam,

230 962 367 1044 exposita
399 959 532 1042 primum
564 959 618 1027 rei,
658 959 696 1024 de
729 978 788 1042 qua
821 961 931 1042 agitur,
962 961 1092 1038 ratione,
1127 981 1218 1044 quum
1259 965 1291 1028 et

229 1069 285 1132 alii
307 1069 339 1132 et
362 1066 528 1130 hadericus
550 1067 729 1141 tenuerunt,
752 1067 800 1130 est
819 1066 900 1130 enim
922 1067 1006 1130 certa
1026 1067 1212 1150 minimeque
1234 1067 1289 1132 ob·

232 1193 331 1238 seura.
363 1172 477 1236 AEneas
499 1173 538 1236 ab
557 1171 675 1234 Heleno
697 1172 830 1236 monitus
844 1172 920 1246 (410
940 1179 1028 1256 sqq),
1040 1191 1078 1236 ne
1102 1192 1157 1256 per
1176 1173 1289 1238 fretum

229 1279 366 1343 Siculum
410 1277 532 1340 Latium
576 1279 704 1358 peteret,
746 1276 801 1341 sed
833 1276 970 1342 Siciliam
1006 1279 1289 1360 circumnavigaret,

229 1384 327 1448 ltaliae
353 1382 521 1448 meridiana
543 1401 595 1445 ora
616 1382 706 1454 lecta,
730 1400 800 1444 cum
813 1380 925 1446 Sieihae
947 1383 992 1446 siu
1007 1382 1290 1466 appropinquasset,

229 1492 349 1556 utiam
381 1490 486 1554 dextra
518 1506 573 1570 per
592 1486 705 1550 fretum
728 1485 916 1568 Charybdim
952 1489 1082 1560 audiret,
1113 1487 1152 1553 ad
1180 1487 1290 1552 laeram

229 1596 451 1676 meridiemque
477 1593 555 1656 flexo
578 1611 667 1656 cursu
696 1593 738 1673 (y.
761 1592 819 1653 561
843 1599 922 1676 sqq)
944 1594 1082 1678 fretoque
1112 1597 1182 1676 post
1202 1598 1292 1678 terga

229 1702 344 1771 relicto,
379 1701 438 1764 oris
470 1699 633 1781 Cyelopum
666 1697 803 1778 allapsus
823 1701 1006 1782 portumque
1041 1702 1099 1767 sub
1120 1699 1213 1764 AEtua
1241 1699 1290 1764 iu-

227 1827 351 1891 gressus
365 1809 441 1872 erat.
475 1806 552 1879 lam,
569 1803 750 1886 Cyelopibus
761 1806 943 1884 conspectis.
959 1804 1063 1870 AEueae
1081 1805 1157 1873 socii
1174 1807 1290 1872 temore

228 1913 419 1976 oaeei‘nuum
440 1914 562 1975 tantum
584 1909 721 1984 student,
740 1899 868 1992 fugere,
882 1928 1059 1994 quoeunque
1081 1913 1190 1974 ventus
1211 1910 1292 1974 lerat

229 2024 270 2094 (r.
293 2018 365 2089 682,
388 2017 471 2090 683).
527 2016 645 2080 Ventus
674 2017 778 2078 autem
800 2032 819 2078 a
839 2015 969 2082 meridie
990 2016 1030 2082 ad
1051 2017 1291 2098 septentrionem

228 2142 334 2186 versus
355 2123 461 2198 flabat,
492 2121 548 2184 boc
572 2124 628 2192 est,
661 2119 693 2183 in
714 2119 814 2202 ipsum
837 2120 952 2186 fretum
973 2143 1099 2194 versus;
1122 2121 1151 2186 ei
1184 2124 1290 2184 temen

227 2249 259 2293 se
283 2228 441 2292 tradentes
460 2229 559 2300 retro,
581 2227 663 2290 uude
683 2229 837 2298 uenerant,
861 2229 1035 2312 navigaturi
1056 2230 1143 2294 erant
1164 2232 1291 2302 (ceram

229 2344 271 2394 est
293 2335 367 2394 dare
400 2331 490 2392 liorloa
517 2337 610 2412 retro)
647 2335 679 2396 ei
703 2333 736 2396 ill
764 2331 931 2415 perniciem
951 2335 1072 2410 ruituri,
1094 2352 1165 2398 cum
1186 2332 1288 2396 subito

228 2440 342 2504 Boreas
359 2438 497 2502 nPeloro
509 2439 586 2504 flans
601 2439 641 2502 ad
656 2437 816 2502 meridiem
833 2457 938 2504 versus
953 2458 1006 2504 eos
1020 2441 1084 2524 egit
1099 2441 1131 2504 et
1151 2437 1290 2504 interitui

228 2545 340 2627 eripuit
354 2543 450 2624 (Ecce
462 2543 730 2608 aretem....y.68i
743 2545 833 2628 sqq).
869 2545 916 2610 Aa
936 2545 1100 2628 trepidatio
1121 2549 1154 2609 et
1174 2563 1288 2610 meum

229 2651 365 2734 fugiendi
395 2650 542 2728 studium,
574 2669 704 2733 prauum
743 2669 850 2714 cursus
877 2651 1051 2726 eonsilium,
1086 2651 1289 2733 tempestivus

228 2756 335 2821 Boreae
360 2756 549 2820 interventus
581 2757 724 2838 salusque
757 2755 829 2820 iude
851 2755 919 2820 orta
939 2754 1098 2838 perspione
1120 2756 1220 2820 verbis
1241 2755 1289 2818 in·

231 2862 382 2926 deantur.
438 2861 520 2926 Illud
551 2860 657 2934 etiam,
687 2861 715 2926 si
747 2861 814 2942 quis
847 2861 932 2924 oerln
960 2860 1074 2926 indicia
1102 2864 1134 2926 et
1159 2859 1290 2944 vestigia

228 2966 471 3031 animadvertere
504 2968 536 3029 et
568 2969 672 3030 tenere
693 2967 788 3042 uouit,
818 2965 1037 3042 certissimum,
1071 2986 1100 3030 v.
1123 2964 1289 3028 684-686
1357 3039 1363 3047 ,

229 3076 508 3150 (contra-nereus)
542 3089 602 3134 non
628 3071 729 3138 solum
756 3070 992 3138 admonitionem
1018 3071 1130 3137 Heleni
1150 3070 1288 3142 indicari,

228 3199 267 3243 ne
288 3179 370 3242 iuter
394 3175 529 3259 Scyllam
552 3175 798 3259 Charybdinque
831 3194 938 3242 cursus
962 3180 1096 3251 teneant,
1119 3177 1175 3244 sed
1196 3176 1289 3242 simul

227 3284 330 3349 verbis
352 3283 541 3365 appositione
555 3281 709 3347 adiunctis
729 3300 824 3364 prope
846 3285 947 3359 uemae,
969 3283 997 3349 si
1017 3283 1050 3348 id
1071 3283 1196 3359 faciant,
1217 3301 1289 3365 per·

230 3389 322 3454 uiciei
346 3389 609 3471 significationem.
662 3389 771 3472 Itaque
799 3389 865 3452 haeo
885 3390 1020 3470 primum
1041 3389 1178 3454 nascitur
1199 3388 1289 3452 huius

229 3495 325 3578 partis
357 3495 472 3568 forma,
504 3495 638 3575 seposito
669 3495 823 3577 paulisper
852 3504 957 3557 contra
991 3495 1041 3572 (ob
1063 3513 1131 3560 eam
1153 3513 1289 3570 eausam,

232 3621 299 3683 quse
320 3619 392 3663 mou
413 3600 600 3680 apparebitl:
1214 3581 1218 3588 ⁴

432 3706 517 3769 iussa
537 3708 663 3770 mouent
684 3705 805 3782 Heleni,
829 3705 965 3789 Scyllam
986 3707 1079 3788 atque
1103 3702 1289 3786 Charybdim

363 3812 452 3884 inter,
474 3815 635 3893 utramque
657 3812 738 3876 viam
760 3812 817 3875 leti
838 3811 1014 3875 disen'miue
1035 3829 1139 3894 perro,

361 3918 393 3981 ni
414 3917 454 3997 (uz
470 3918 523 3999 ne)
546 3919 672 3981 teneant
693 3935 808 3980 cursus.

228 4022 308 4086 Nam
353 4023 455 4105 Scylla
488 4021 718 4104 Charybdisque
755 4023 882 4104 utraque
917 4022 967 4086 uia
998 4019 1054 4085 leti
1086 4024 1152 4100 est,
1196 4037 1289 4104 parvo
