2918 4652
252 242 313 307 m
629 241 857 314 fflmffli

309 443 376 510 Irib.
399 441 516 520 XVIII,
549 441 584 515 1,
621 441 658 508 i:
691 443 936 526 quoniamst
968 447 1145 530 corporis
1177 447 1275 527 iute-

206 551 338 636 gritcs
451 550 491 614 et
513 541 706 614 honestus
736 548 867 616 medus
900 549 1031 616 termae
1053 555 1093 620 et
1114 554 1278 636 pecunia

208 655 432 722 familiaris
466 657 503 720 ct
542 655 642 720 bena
673 655 921 721 existimatio
1052 659 1278 726 necessaria

207 763 446 828 riderentur
478 759 733 842 perficiendus
764 761 854 826 vitm
887 759 1021 827 teate.
1075 763 1134 830 Itst
1163 764 1284 848 aliquidw

164 863 168 872 ’
209 868 325 934 mandi.
384 865 465 932 Nam
499 867 609 930 moces
645 869 799 951 (μέτρον,
830 860 1026 952 μιιριόιηι)
1052 867 1131 938 nihil
1156 870 1196 936 ad
1218 871 1278 936 sor·

207 993 294 1041 mem
328 973 471 1057 pertinet,
509 976 617 1038 centn
651 973 822 1056 pecunia
852 973 1072 1040 familiaris
1097 983 1176 1060 (qus
1209 975 1279 1058 ipsa

209 1079 301 1146 valde
334 1079 483 1146 inusitate
516 1079 642 1157 dicitur)
673 1097 735 1146 ncu
757 1079 895 1146 absolute
917 1078 1103 1163 appellanda
1122 1083 1200 1156 erat,
1222 1081 1278 1148 sei

208 1186 355 1252 honestus
388 1186 455 1252 eius
490 1184 608 1252 medus.
663 1184 783 1260 Forma,
805 1203 872 1268 que
896 1185 1116 1270 requirebatur,
1148 1187 1279 1274 integri·

209 1295 275 1359 tute
311 1291 443 1374 corporis
479 1289 699 1356 continebatur.
752 1291 878 1370 Fuitne:
919 1292 1112 1360 honestus
1143 1295 1279 1362 modus

202 1399 377 1485 sertunoe
404 1401 441 1462 ct
467 1398 645 1481 pecuniae
665 1397 903 1463 familiaris?
950 1397 1075 1462 Femur
1095 1399 1128 1464 at
1141 1399 1281 1484 sortunoe

212 1505 337 1570 nomine
368 1505 543 1588 permutata
575 1502 680 1568 videor
714 1501 894 1568 meminisse
916 1502 947 1568 iu
975 1503 1100 1572 Senecae
1128 1503 1278 1587 epistolia.

91 1606 93 1610 ’
211 1608 877 1696 (Pacuuiusr-eiqnefemilinrisi)¹)

313 1716 381 1782 lid.
405 1716 424 1778 t
434 1763 442 1792 ,
475 1715 493 1776 7
516 1718 549 1781 st
569 1713 590 1778 8
611 1713 713 1780 verbis
734 1715 852 1798 aliquot
884 1733 940 1783 sna
968 1715 1042 1782 sede
1064 1715 1156 1792 mutis
1178 1715 1280 1798 primu

212 1843 249 1888 er
279 1823 388 1896 tribus,
422 1839 490 1904 que
522 1820 721 1902 explicentur,
763 1821 1038 1905 significationibus
1072 1821 1279 1912 cuntionis

213 1930 273 1996 duc
305 1930 400 1994 habet
432 1925 745 2009 neumnensium
773 1916 1108 2010 prorsne'ansurcum,
1144 1926 1281 1994 secunda

208 2039 315 2102 autem
353 2033 537 2118 significatio
570 2034 707 2116 exemplo
742 2035 826 2098 caret
858 2041 941 2113 (nam
975 2034 1075 2100 tertius
1105 2034 1280 2117 exemplum

210 2144 280 2226 pest
310 2141 434 2206 demum
464 2137 528 2225 §9
558 2139 704 2222 ponitur).
766 2139 864 2205 Locus
897 2139 941 2203 sic
972 2139 1182 2210 restituendus
1215 2141 1279 2206 est:

209 2247 438 2312 contionem
473 2249 601 2310 autem
629 2245 710 2310 tria
740 2243 992 2329 significare:
1028 2247 1153 2312 lecum
1187 2265 1279 2332 sug-

94 2355 98 2362 ’
208 2355 460 2440 gestumque,
492 2350 594 2416 uude
625 2351 743 2416 verba
774 2349 936 2427 tierent,
971 2351 1076 2416 sicut
1108 2351 1152 2416 un
1184 2353 1279 2418 Tui-

209 2461 287 2525 lius
393 2458 578 2532 Escsndi,
603 2457 744 2541 inquit,
778 2457 815 2522 iu
836 2457 1075 2536 continuem,
1110 2475 1278 2522 concur-

209 2585 273 2631 sus
309 2567 370 2630 est
403 2564 539 2647 pepuli
566 2565 713 2652 factum
749 2562 846 2627 item
878 2562 1112 2647 significare
1143 2566 1279 2630 coetum

210 2672 346 2756 populi
384 2669 635 2741 adsistentis,
679 2667 797 2734 sicuti
833 2667 1011 2736 idemM.
1049 2669 1207 2736 Tullius
1241 2668 1279 2734 in

207 2779 368 2844 oratore
389 2775 466 2840 eitz
510 2774 722 2840 Gentianae
745 2793 842 2856 saepc
864 2775 1085 2840 exclamare
1106 2773 1189 2842 ridi

209 2882 433 2956 sententian
478 2881 577 2946 item
607 2880 822 2946 oraticnem
854 2879 982 2963 ipsam
1012 2880 1072 2946 cet.
1129 2880 1279 2963 Apparet,

209 3008 303 3072 quem
325 2991 396 3071 apte
417 2987 591 3070 exemplum
625 3003 661 3050 ex
683 2984 834 3053 Ciceronis
865 2989 986 3053 cratere
1007 2986 1100 3054 alteri
1121 2987 1277 3072 significa·

210 3097 288 3162 ticni
310 3093 474 3160 conveniat
495 3111 553 3160 uec
571 3091 626 3157 alii
648 3093 870 3180 accommodari
892 3093 994 3175 queat.
1220 3155 1223 3162 ,

164 3279 166 3284 ,
311 3201 380 3267 lbd.
404 3201 442 3278 8,
476 3199 495 3260 2
520 3199 556 3288 in
577 3189 686 3278 Lucilii
706 3197 775 3268 loco
797 3217 829 3262 ι.
848 3195 867 3262 3
889 3215 1048 3281 perversus
1082 3199 1145 3276 est;
1181 3215 1279 3282 neque

211 3308 296 3372 enim
330 3307 448 3372 amicus
482 3303 636 3370 Lucilium
668 3305 767 3387 putre
799 3304 932 3382 volebat,
977 3304 1033 3372 sed
1068 3321 1150 3370 nuuc
1180 3304 1279 3374 uisere

191 3413 344 3492 -vciebat,
377 3431 447 3478 cum
469 3412 616 3494 aegrntum
650 3428 708 3474 nen
736 3409 869 3478 rueret.
925 3411 1006 3476 Tum
1027 3411 1160 3498 permira
1180 3407 1279 3497 ἅιιχ-

172 3557 173 3562 1
210 3543 273 3586 ιον
308 3520 340 3585 et
360 3517 594 3584 Isocratium
628 3516 785 3600 coniungi,
822 3535 892 3582 cum
921 3517 1067 3584 Isocratis
1093 3535 1206 3584 nomen
1229 3517 1278 3584 vel

238 3782 260 3851 ²)
279 3783 317 3838 lit
331 3800 353 3838 c.
372 3786 397 3850 3,
416 3787 433 3841 5
451 3785 589 3865 magisque
608 3787 625 3840 6
644 3782 745 3854 (quod
773 3783 882 3852 ipsum
910 3784 1033 3854 proqui
1052 3783 1226 3854 idipsum)
1250 3787 1278 3838 ct

280 3877 305 3939 4,
325 3879 358 3933 11
378 3881 407 3930 et
425 3880 449 3944 6,
480 3881 497 3934 8
516 3879 633 3946 (omine
651 3893 723 3931 mor
746 3875 971 3945 adipiscendi)
990 3875 1161 3932 incredibilia
1181 3875 1276 3946 legun·

280 3970 334 4023 tur.
383 3969 504 4023 Tertium
530 3969 618 4024 lucum
642 3968 797 4024 emendarat
821 3969 983 4038 Rutgersiue
1010 3978 1101 4039 (quas
1128 3968 1277 4038 requiei·

218 4069 222 4076 ’
277 4052 415 4129 'tasegc
439 4063 663 4142 etrepertas).
