2956 4648
569 295 574 310 ,
597 237 629 306 Q.
648 237 764 295 coruus.
1105 235 1166 310 535

145 443 246 527 posuit
278 419 401 538 copia,
450 439 482 504 et
516 435 653 502 abundat
683 453 740 502 nec
771 435 861 500 facile
893 434 925 498 in
961 437 1046 502 sola
1077 402 1235 504 transtro
1329 517 1331 522 ¹

145 548 254 631 potuit.
298 544 395 611 Sorib.
429 562 523 608 omn.
556 561 682 607 rerum
715 540 801 606 solo
823 540 975 606 fertilis
997 545 1104 626 regio
1133 547 1209 620 est,

146 655 204 720 boo
226 654 286 730 est,
300 671 326 718 -e
347 651 428 727 solo;
464 649 602 714 omnium
624 665 726 711 rerum
749 647 847 712 solum
869 646 969 712 fertile
994 649 1096 740 habet.
1126 728 1129 734 ¹
1150 647 1210 716 Sed

146 759 292 843 praecepit
313 756 556 826 emendationem
578 752 710 820 Modius.
845 790 849 810 ,
1023 798 1028 812 .

247 864 314 928 Lib.
336 863 383 942 X,
417 861 458 924 22
487 862 520 938 (7
530 907 538 936 ,
573 860 607 937 5)
628 857 762 924 notanda
784 859 850 924 erat
871 859 920 936 (ut
940 859 999 937 III,
1028 859 1081 938 26)
1102 862 1212 926 lacuna

11 995 14 1000 Δ
148 969 329 1036 boomodo:
375 967 485 1032 Haud
516 965 695 1048 ambigue
728 961 933 1041 iuvenem,
969 967 1212 1051 ouiregnum

148 1059 446 1148 destinabatur,
469 1072 487 1110 *
511 1072 529 1110 *
553 1071 571 1110 ‘⁸
595 1071 767 1153 impense
790 1071 951 1162 probra,
985 1091 1064 1154 quae
1099 1073 1212 1138 obie·
1336 1099 1339 1104 ·

148 1183 275 1256 cerat,
308 1178 431 1263 magis
464 1180 524 1244 oet.
576 1175 659 1240 Nam
693 1174 774 1257 quod
801 1175 921 1259 leopius
948 1195 1004 1258 pro
1034 1178 1212 1260 impense

149 1286 241 1352 scribi
262 1284 354 1349 iussit
376 1281 559 1366 scripsitque
580 1280 749 1346 Hedickius
781 1281 973 1364 impetiit,
1002 1281 1082 1358 sed,
1115 1301 1214 1365 neque
1343 1327 1346 1336 .

103 1394 105 1400 '
134 1392 181 1456 id
202 1392 328 1457 verbum
363 1407 379 1454 e
410 1387 516 1470 paucis
547 1390 708 1470 poetarum
734 1385 810 1451 loeis
832 1385 877 1450 ad
894 1385 1035 1451 Curtium
1055 1389 1215 1453 transterri

150 1496 257 1562 debuit
286 1513 386 1578 neque
418 1493 587 1577 perlectum
616 1493 698 1576 poni,
727 1495 767 1566 et,
795 1491 875 1574 quod
897 1495 989 1574 eaput
1011 1494 1079 1571 est,
1116 1493 1214 1558 multo

149 1602 238 1685 plura
267 1600 488 1666 desiderantur.
551 1597 634 1662 Nam
666 1597 845 1678 probrorum
873 1595 997 1662 illorum
1028 1617 1109 1663 nuno
1130 1598 1243 1682 nulle¹

150 1707 331 1792 significatio
353 1704 522 1789 praecessit,
557 1703 741 1786 omninoque
764 1701 901 1774 Pithonis
924 1702 1068 1770 orationis
1089 1693 1214 1768 initium
1246 1713 1248 1720 ’

150 1813 272 1876 tantum
293 1813 324 1875 et
345 1810 503 1894 ingressus
525 1808 665 1891 ponitur3
690 1806 839 1890 quomodo
860 1807 931 1873 hino
952 1808 1071 1878 flexerit
1093 1811 1124 1874 et
1142 1827 1214 1874 sen-

151 1915 283 1982 tentiam
305 1915 487 1998 erposuen't,
512 1933 570 1979 non
591 1913 713 1980 dicitur.

252 2125 483 2202 Quintilianum
509 2124 626 2208 perlegi
658 2122 791 2192 studiose
814 2126 846 2191 et
866 2127 985 2192 attente
1009 2126 1108 2209 primo
1129 2127 1216 2192 Lati·

132 2251 206 2298 nas
239 2232 359 2297 litteras
391 2229 521 2297 docendi
552 2231 710 2313 tempore,
743 2232 852 2313 postea
890 2231 1014 2296 tantum
1049 2232 1215 2314 particulas

151 2337 258 2422 relegi.
295 2338 456 2406 Habebam
478 2339 584 2402 tamen
623 2337 786 2401 annotatas
817 2335 1046 2424 emendationes
1079 2356 1139 2403 non
1173 2339 1217 2402 ita

151 2462 282 2527 paucas,
296 2461 350 2530 „en
371 2443 480 2526 quibus
516 2461 609 2507 unam
639 2443 670 2506 et
702 2442 830 2506 alteram
852 2440 944 2506 edidi.
988 2440 1142 2524 Sedoum
1164 2463 1216 2510 eas

151 2567 221 2612 oum
254 2546 373 2610 Halmii
406 2548 544 2630 exemplo
574 2565 794 2629 compararem,
827 2564 888 2611 non
921 2546 986 2611 sine
1014 2547 1124 2614 laetitia
1154 2550 1217 2615 vidi

151 2651 299 2736 pleraque
321 2651 393 2731 iarn,
416 2671 483 2736 quae
506 2653 598 2718 scribi
620 2652 787 2728 volueram,
824 2651 879 2714 aut
901 2669 936 2716 ex
958 2653 1082 2733 optimis
1105 2653 1216 2719 codici·

152 2760 209 2823 bus
243 2758 389 2824 restituta
411 2777 478 2824 esse
500 2759 554 2825 aut
574 2757 702 2833 Halmii,
740 2755 865 2824 Christii
887 2755 1076 2841 aliorumque
1097 2759 1216 2825 coniec-

152 2862 230 2927 turis
265 2867 432 2946 occupate,
470 2864 730 2954 quemadmodum
773 2863 885 2928 accidit
916 2863 949 2928 in
981 2863 1098 2930 duobus
1130 2865 1216 2943 locis,

152 2985 226 3050 quos
259 2968 317 3032 vol.
350 2969 365 3032 l
398 2989 427 3052 p.
455 2969 496 3032 45
532 2971 664 3036 tractavi
696 2977 775 3053 (quae
803 2987 875 3051 pars
908 2988 1013 3034 mense
1041 2969 1167 3036 Octobri
1188 2989 1216 3036 a.

155 3072 235 3136 1868
257 3074 340 3157 typis
362 3074 516 3159 descripta
538 3077 614 3154 est);
647 3093 752 3140 eorum
780 3075 863 3140 enim
888 3076 1052 3158 utrumque
1072 3077 1216 3141 Halmius
1278 3163 1279 3168 ἵ

153 3178 260 3244 eodem
298 3182 351 3244 aut
383 3180 541 3246 simillimo
573 3181 664 3246 modo
702 3180 888 3259 emendavit,
923 3181 1055 3246 alterum
1090 3201 1106 3246 e
1138 3181 1216 3247 lulio

153 3284 286 3358 Victore,
309 3285 441 3351 alterum
474 3287 692 3362 coniectura¹l
745 3287 854 3370 ltaque
886 3283 1067 3370 relinquitur
1099 3279 1217 3370 perexi-

153 3409 248 3474 guum
270 3390 410 3456 intanto
435 3410 523 3475 opere
547 3392 749 3476 spicilegium.

253 3496 366 3571 Libl,
399 3495 434 3570 4,
466 3495 501 3560 3:
535 3493 634 3562 'Nam
668 3497 708 3561 et
740 3495 946 3561 scribendi
978 3499 1087 3564 ratio
1121 3516 1217 3563 eon·

153 3717 353 3728 -ιι-ι--ψ-ι--ι-

183 3848 204 3915 1)
224 3847 256 3901 In
283 3844 354 3901 nnn
379 3845 440 3912 vn,
470 3847 494 3912 a,
525 3849 541 3902 s
571 3843 729 3902 eonsensum
758 3861 847 3900 maun
877 3844 1002 3937 Halmius
1031 3844 1060 3898 sn
1088 3815 1215 3900 noussen
1305 3923 1306 3928 Ν
1339 3884 1342 3890 .

225 3937 373 3994 annotavit.
1081 3944 1083 3949 ·
