3038 4720
349 267 411 333 372
708 268 770 326 Lib.
778 269 927 342 VllLCap.
938 271 978 327 11.

306 471 445 538 videnda
474 467 674 551 comparatio;
706 468 845 536 iubenda
877 469 988 535 mortis
1021 459 1136 536 mentio
1167 489 1186 535 a
1213 471 1278 538 toto
1309 471 1382 542 loco

307 577 495 644 alienissima
517 577 573 641 ost.
631 573 874 654 duodenarius
904 575 1048 658 scripsit,
1079 594 1149 659 quo
1171 579 1380 660 transposito:

306 685 430 760 vultu,
458 701 540 750 cnm
563 699 632 765 qno
664 681 830 757 audiam,
863 681 1013 760 videbo,
1046 683 1106 748 etsi
1126 687 1266 768 apertam
1287 685 1381 750 illam

307 791 492 876 pravitatem
536 788 771 870 comparationis
815 789 908 867 vitat,
962 789 1068 854 tamen
1113 791 1380 874 comparationem

306 897 409 980 ipsum
451 895 544 960 habet
590 894 734 977 ineptam.
777 894 860 960 Nam
904 894 1046 978 quoniam
1087 895 1225 981 plerique
1268 897 1381 965 andita

305 1003 413 1069 mortis
456 1000 684 1067 denuntiatione
725 1001 923 1068 vehementer
964 1003 1135 1082 terrentur,
1182 1022 1243 1068 non
1285 1021 1380 1088 mag-

305 1127 379 1174 num
419 1110 467 1174 est
511 1108 617 1173 eodem
638 1106 743 1172 uultu
778 1108 911 1172 mortem
944 1106 1067 1185 videre;
1109 1110 1259 1191 praeterea
1294 1133 1379 1174 cum

305 1214 361 1279 lcoc
398 1213 445 1277 ccl
481 1212 533 1276 allo
572 1212 660 1276 ouon
693 1221 819 1276 mortem
850 1211 951 1275 oium
986 1213 1132 1279 Latinum
1165 1215 1215 1281 vix
1247 1217 1296 1282 est
1327 1217 1378 1300 (et

306 1321 437 1388 debebat
487 1319 547 1384 dici
596 1341 665 1381 cum
690 1319 810 1382 'eodem
851 1317 945 1392 ocho,
992 1322 1074 1403 quo).
1134 1320 1248 1386 Videat
1295 1323 1376 1388 mihi

306 1447 387 1494 nunc
408 1426 529 1509 aliquis,
567 1444 659 1509 qnam
692 1427 766 1507 apta
796 1425 892 1507 (apud
927 1423 1078 1490 Senecam
1109 1427 1253 1511 pleraque
1280 1447 1377 1513 exag-

304 1536 488 1618 gerantem),
510 1550 602 1615 quam
624 1531 711 1597 fortis
733 1532 766 1598 et
788 1530 953 1598 vehemens
984 1534 1128 1598 nascatur
1159 1533 1314 1600 sententia
1336 1554 1376 1601 ex

303 1639 444 1724 vestigiis
466 1637 580 1703 codicis
603 1637 631 1702 h
654 1656 715 1703 non
736 1637 883 1703 turbatis:
927 1635 1006 1722 Ego
1041 1640 1203 1705 mortem
1237 1640 1375 1707 codem

303 1745 411 1812 voltu
433 1743 724 1828 comoediamque
744 1742 897 1820 videbo,
918 1744 1046 1819 honest,
1069 1746 1214 1823 immoto;
1236 1763 1311 1810 nam
1333 1767 1374 1813 ne

304 1852 460 1918 adnisum
486 1849 608 1933 quidem
641 1851 761 1914 vultum
794 1849 976 1916 comoediam
1004 1852 1147 1933 spectans
1175 1851 1374 1935 detorquebit

303 1959 358 2024 ille
378 1957 497 2022 tumide
520 1958 682 2026 crematus
705 1955 906 2039 philosophos
929 1955 1061 2022 Stoicus.
1109 1957 1183 2023 Mox
1203 1958 1221 2041 ξ
1245 1958 1373 2025 duecte

302 2063 491 2148 Bongarsius
524 2080 561 2127 ex
592 2081 647 2142 eo,
669 2063 748 2146 quod
772 2063 872 2147 prima
897 2081 991 2128 manu
1017 2063 1049 2127 in
1076 2063 1105 2128 Δ
1129 2063 1280 2148 scriptum
1310 2068 1370 2146 est,

302 2171 445 2248 hiante,
466 2169 599 2235 faciebat
620 2169 734 2234 hiate.
790 2170 840 2235 Ad
867 2169 1072 2236 mordendum
1098 2173 1219 2252 spectat
1246 2172 1374 2253 hiare,

301 2278 341 2343 ad
363 2275 550 2360 loquendum
571 2276 729 2344 hiscere.
764 2277 920 2358 (llrrorem
943 2275 1126 2349 dealinbi
1146 2277 1178 2342 in
1200 2278 1217 2362 ἕ
1240 2279 1259 2341 3
1282 2280 1369 2346 Haa-

301 2384 365 2450 sius
386 2383 451 2467 ipse
473 2383 505 2448 iu
529 2383 613 2467 praef.
636 2384 695 2449 vol.
715 2383 764 2448 Ill
786 2384 938 2463 correxit.)
1039 2378 1041 2382 ’

364 2529 368 2538 ·
399 2489 466 2556 Ibd.
491 2489 552 2570 21,
586 2491 601 2552 1
626 2492 660 2555 ut
679 2490 778 2556 tubus
799 2489 906 2575 primis
938 2491 1013 2556 locis
1040 2492 1244 2574 (ettamen
1266 2492 1368 2558 vivit

303 2646 374 2664 ...
402 2601 439 2664 et
466 2593 602 2664 ‘tamen
633 2596 744 2663 illam
772 2646 843 2663 ...
870 2596 1072 2672 ettamen,
1105 2595 1286 2681 silicet),
1319 2601 1366 2666 sic

298 2704 393 2770 etiam
415 2705 523 2788 quarto
552 2703 747 2770 scribendum
780 2705 844 2770 est:
878 2706 918 2768 ct
949 2704 1052 2770 inter
1084 2703 1236 2788 longius
1264 2706 1366 2770 tom-

295 2829 363 2894 pus
384 2813 424 2876 et
444 2809 602 2875 brevius
623 2809 722 2874 nihil
742 2810 937 2876 interesse
958 2810 1116 2884 iudicat,
1139 2812 1366 2891 rotemero.

295 2933 358 2982 om.
383 2917 445 2993 et),
467 2915 500 2980 si
521 2916 621 2981 nihil
641 2917 835 2998 prohibat,
858 2916 1032 2983 extendit
1053 2919 1214 2983 atatem.

394 3021 462 3086 Ibd.
486 3021 536 3100 22,
559 3023 594 3087 2:
637 3024 718 3090 Non
751 3025 969 3089 contemnet
1004 3043 1044 3090 se
1078 3021 1252 3104 sapiens,
1285 3026 1365 3090 eti·

172 3208 177 3218 ι
293 3127 1365 3212 amsifueritminimaestaturae,essetamensepro-
1478 3171 1479 3232 q

293 3252 420 3322 oerum
451 3234 582 3314 voletq
602 3237 638 3300 ot
670 3235 783 3302 exilis
817 3253 972 3318 corpore
1003 3255 1044 3301 ac
1077 3237 1222 3302 amisso
1253 3237 1365 3303 oculo

291 3339 455 3414 valebit,
490 3342 608 3406 malet
639 3342 765 3431 tamen
798 3342 874 3408 sibi
907 3359 991 3407 osse
1018 3343 1198 3426 corporis
1229 3343 1361 3408 robur.

291 3444 422 3513 Oculum
444 3447 591 3512 amissum
624 3446 702 3513 nihil
729 3448 769 3513 ad
794 3448 927 3532 corporis
961 3449 1052 3514 robur
1077 3450 1242 3532 pertinere,
1272 3449 1362 3515 Haa-

289 3553 354 3619 sius
375 3552 547 3629 intellexit;
579 3559 662 3632 (nam
684 3555 745 3620 alia
767 3554 897 3638 corporis
918 3556 994 3621 vitia
1015 3555 1204 3642 virtutesque
1226 3575 1355 3641 separa·

287 3659 346 3724 tim
359 3661 659 3734 commemorantur).
696 3662 808 3744 Arguit
822 3661 930 3728 vitium
954 3681 997 3728 ac
1018 3663 1117 3728 vocali
1149 3663 1360 3747 praepositum.

287 3765 349 3858 Sed
371 3766 517 3832 amisso
552 3766 662 3832 oculo
695 3783 784 3833 nemo
817 3767 1004 3834 extrinsecus
1031 3768 1160 3835 addidit.
1203 3771 1241 3836 ln
1271 3771 1358 3835 culo

286 3871 409 3938 tenetur
439 3872 616 3940 terminatio
648 3871 792 3938 adiectivi
829 3874 1029 3952 deminutivi,
1065 3878 1276 3960 scriptumque
1315 3877 1357 3942 ad

285 3975 364 4044 hanc
396 3977 527 4044 formam
572 3996 591 4044 a
621 3977 737 4045 Seneca
769 3978 960 4048 tueratz'ot
996 3981 1086 4049 exili
1116 4001 1274 4068 corpore
1311 4002 1357 4049 ac
