<?xml version="1.0" encoding="UTF-8"?>
<!DOCTYPE html PUBLIC "-//W3C//DTD XHTML 1.0 Transitional//EN"
    "http://www.w3.org/TR/xhtml1/DTD/xhtml1-transitional.dtd">
<html xmlns="http://www.w3.org/1999/xhtml" xml:lang="en" lang="en">
 <head>
  <title>
</title>
<meta http-equiv="Content-Type" content="text/html;charset=utf-8" />
  <meta name='ocr-system' content='tesseract 3.04.00' />
  <meta name='ocr-capabilities' content='ocr_page ocr_carea ocr_par ocr_line ocrx_word'/>
</head>
<body>
  <div class='ocr_page' id='page_1' title='image "./adversariacriti03madvgoog/adversariacriti03madvgoog_0614.png"; bbox 0 0 2924 4660; ppageno 0'>
   <div class='ocr_carea' id='block_1_1' title="bbox 647 343 1204 408">
    <p class='ocr_par' dir='ltr' id='par_1_1' title="bbox 647 343 1204 408">
     <span class='ocr_line' id='line_1_1' title="bbox 647 343 1204 408; baseline 0.013 -6"><span class='ocrx_word' id='word_1_1' title='bbox 647 343 759 402; x_wconf 76' lang='lat' dir='ltr'><strong>Gallius.</strong></span> <span class='ocrx_word' id='word_1_2' title='bbox 1132 343 1204 408; x_wconf 83' lang='lat'><strong>603·</strong></span> 
     </span>
    </p>
   </div>
   <div class='ocr_carea' id='block_1_2' title="bbox 166 542 1246 1689">
    <p class='ocr_par' dir='ltr' id='par_1_2' title="bbox 166 542 1246 1689">
     <span class='ocr_line' id='line_1_2' title="bbox 272 542 1238 628; baseline 0.004 -19"><span class='ocrx_word' id='word_1_3' title='bbox 272 545 345 628; x_wconf 76' lang='lat' dir='ltr'><strong>(lap.</strong></span> <span class='ocrx_word' id='word_1_4' title='bbox 371 543 419 623; x_wconf 84' lang='grc'><strong>13,</strong></span> <span class='ocrx_word' id='word_1_5' title='bbox 455 546 469 606; x_wconf 95' lang='lat' dir='ltr'><strong>l</strong></span> <span class='ocrx_word' id='word_1_6' title='bbox 495 545 528 609; x_wconf 90' lang='lat' dir='ltr'><strong>et</strong></span> <span class='ocrx_word' id='word_1_7' title='bbox 547 542 741 608; x_wconf 81' lang='lat' dir='ltr'><strong>videlicet</strong></span> <span class='ocrx_word' id='word_1_8' title='bbox 766 544 906 627; x_wconf 86' lang='lat' dir='ltr'><strong>ineptum</strong></span> <span class='ocrx_word' id='word_1_9' title='bbox 928 563 995 610; x_wconf 89' lang='lat' dir='ltr'><strong>cese</strong></span> <span class='ocrx_word' id='word_1_10' title='bbox 1016 548 1049 610; x_wconf 88' lang='lat' dir='ltr'><strong>et</strong></span> <span class='ocrx_word' id='word_1_11' title='bbox 1069 545 1238 614; x_wconf 83' lang='lat' dir='ltr'><strong>desiderari</strong></span> 
     </span>
     <span class='ocr_line' id='line_1_3' title="bbox 167 649 1237 735; baseline 0.005 -22"><span class='ocrx_word' id='word_1_12' title='bbox 167 649 318 714; x_wconf 89' lang='lat' dir='ltr'><strong>iudicis</strong></span> <span class='ocrx_word' id='word_1_13' title='bbox 340 667 452 716; x_wconf 88' lang='lat' dir='ltr'><strong>nomen</strong></span> <span class='ocrx_word' id='word_1_14' title='bbox 483 655 643 716; x_wconf 79' lang='lat' dir='ltr'><strong>senserant</strong></span> <span class='ocrx_word' id='word_1_15' title='bbox 665 653 785 716; x_wconf 85' lang='lat' dir='ltr'><strong>veteres</strong></span> <span class='ocrx_word' id='word_1_16' title='bbox 807 651 949 727; x_wconf 76' lang='lat' dir='ltr'><strong>editores,</strong></span> <span class='ocrx_word' id='word_1_17' title='bbox 981 652 1032 735; x_wconf 86' lang='lat' dir='ltr'><strong>qui</strong></span> <span class='ocrx_word' id='word_1_18' title='bbox 1054 649 1237 720; x_wconf 81' lang='lat' dir='ltr'><strong>addiderant</strong></span> 
     </span>
     <span class='ocr_line' id='line_1_4' title="bbox 168 754 1237 843; baseline 0.006 -25"><span class='ocrx_word' id='word_1_19' title='bbox 168 754 349 821; x_wconf 89' lang='lat' dir='ltr'><strong>iudicem.</strong></span> <span class='ocrx_word' id='word_1_20' title='bbox 372 757 408 821; x_wconf 90' lang='lat' dir='ltr'><strong>Id</strong></span> <span class='ocrx_word' id='word_1_21' title='bbox 420 757 520 842; x_wconf 89' lang='lat' dir='ltr'><strong>ipsum</strong></span> <span class='ocrx_word' id='word_1_22' title='bbox 531 757 564 823; x_wconf 91' lang='lat' dir='ltr'><strong>in</strong></span> <span class='ocrx_word' id='word_1_23' title='bbox 581 757 1128 843; x_wconf 84' lang='lat' dir='ltr'><strong>videlicetlatereWeseubergius</strong></span> <span class='ocrx_word' id='word_1_24' title='bbox 1144 759 1237 825; x_wconf 86' lang='lat' dir='ltr'><strong>vidit:</strong></span> 
     </span>
     <span class='ocr_line' id='line_1_5' title="bbox 168 859 1246 947; baseline 0.004 -21"><span class='ocrx_word' id='word_1_25' title='bbox 168 859 331 945; x_wconf 86' lang='lat' dir='ltr'><strong>dirique</strong></span> <span class='ocrx_word' id='word_1_26' title='bbox 359 862 409 942; x_wconf 91' lang='lat' dir='ltr'><strong>ei,</strong></span> <span class='ocrx_word' id='word_1_27' title='bbox 433 861 605 926; x_wconf 81' lang='lat' dir='ltr'><strong>iadicem</strong></span> <span class='ocrx_word' id='word_1_28' title='bbox 626 862 715 941; x_wconf 89' lang='lat' dir='ltr'><strong>(uid.</strong></span> <span class='ocrx_word' id='word_1_29' title='bbox 737 882 792 947; x_wconf 91' lang='lat' dir='ltr'><strong>pro</strong></span> <span class='ocrx_word' id='word_1_30' title='bbox 814 863 904 940; x_wconf 82' lang='lat' dir='ltr'><strong>iud.)</strong></span> <span class='ocrx_word' id='word_1_31' title='bbox 926 884 979 926; x_wconf 85' lang='lat' dir='ltr'><strong>me</strong></span> <span class='ocrx_word' id='word_1_32' title='bbox 1004 865 1153 942; x_wconf 79' lang='lat' dir='ltr'><strong>datuur3</strong></span> <span class='ocrx_word' id='word_1_33' title='bbox 1185 866 1246 932; x_wconf 85' lang='lat' dir='ltr'><strong>ubi&#39;</strong></span> 
     </span>
     <span class='ocr_line' id='line_1_6' title="bbox 168 969 1238 1054; baseline 0.005 -22"><span class='ocrx_word' id='word_1_34' title='bbox 168 984 237 1032; x_wconf 78' lang='lat' dir='ltr'><strong>eum</strong></span> <span class='ocrx_word' id='word_1_35' title='bbox 263 969 470 1034; x_wconf 69' lang='lat' dir='ltr'><strong>comesturam</strong></span> <span class='ocrx_word' id='word_1_36' title='bbox 501 971 647 1052; x_wconf 85' lang='lat' dir='ltr'><strong>posuerit,</strong></span> <span class='ocrx_word' id='word_1_37' title='bbox 681 988 738 1035; x_wconf 91' lang='lat' dir='ltr'><strong>uec</strong></span> <span class='ocrx_word' id='word_1_38' title='bbox 769 985 825 1054; x_wconf 78' lang='lat' dir='ltr'><strong>ego</strong></span> <span class='ocrx_word' id='word_1_39' title='bbox 848 987 904 1034; x_wconf 91' lang='lat' dir='ltr'><strong>neo</strong></span> <span class='ocrx_word' id='word_1_40' title='bbox 934 970 1001 1053; x_wconf 90' lang='lat' dir='ltr'><strong>ipse</strong></span> <span class='ocrx_word' id='word_1_41' title='bbox 1030 973 1238 1037; x_wconf 89' lang='lat' dir='ltr'><strong>meminimus.</strong></span> 
     </span>
     <span class='ocr_line' id='line_1_7' title="bbox 169 1072 1238 1162; baseline 0.004 -24"><span class='ocrx_word' id='word_1_42' title='bbox 169 1072 232 1139; x_wconf 78' lang='lat' dir='ltr'><strong>Sed</strong></span> <span class='ocrx_word' id='word_1_43' title='bbox 263 1074 400 1140; x_wconf 87' lang='lat' dir='ltr'><strong>eiusdem</strong></span> <span class='ocrx_word' id='word_1_44' title='bbox 435 1074 545 1159; x_wconf 86' lang='lat' dir='ltr'><strong>capitis</strong></span> <span class='ocrx_word' id='word_1_45' title='bbox 574 1074 595 1162; x_wconf 63' lang='grc' dir='ltr'>ξ</span> <span class='ocrx_word' id='word_1_46' title='bbox 619 1076 657 1140; x_wconf 84' lang='grc'><strong>15</strong></span> <span class='ocrx_word' id='word_1_47' title='bbox 679 1093 772 1160; x_wconf 86' lang='lat' dir='ltr'><strong>grave</strong></span> <span class='ocrx_word' id='word_1_48' title='bbox 803 1076 948 1140; x_wconf 86' lang='lat' dir='ltr'><strong>mendum</strong></span> <span class='ocrx_word' id='word_1_49' title='bbox 972 1078 1098 1142; x_wconf 80' lang='lat' dir='ltr'><strong>subesse</strong></span> <span class='ocrx_word' id='word_1_50' title='bbox 1120 1077 1238 1142; x_wconf 90' lang='lat' dir='ltr'><strong>certum</strong></span> 
     </span>
     <span class='ocr_line' id='line_1_8' title="bbox 170 1175 1239 1264; baseline 0.003 -19"><span class='ocrx_word' id='word_1_51' title='bbox 170 1183 235 1257; x_wconf 87' lang='lat' dir='ltr'><strong>est;</strong></span> <span class='ocrx_word' id='word_1_52' title='bbox 268 1199 339 1246; x_wconf 90' lang='lat' dir='ltr'><strong>uam</strong></span> <span class='ocrx_word' id='word_1_53' title='bbox 374 1183 405 1245; x_wconf 91' lang='lat' dir='ltr'><strong>et</strong></span> <span class='ocrx_word' id='word_1_54' title='bbox 438 1199 474 1246; x_wconf 86' lang='lat' dir='ltr'><strong>er</strong></span> <span class='ocrx_word' id='word_1_55' title='bbox 497 1185 516 1262; x_wconf 66' lang='grc' dir='ltr'><strong>ξ</strong></span> <span class='ocrx_word' id='word_1_56' title='bbox 539 1181 558 1243; x_wconf 90' lang='grc'>6</span> <span class='ocrx_word' id='word_1_57' title='bbox 582 1183 614 1246; x_wconf 91' lang='lat' dir='ltr'><strong>et</strong></span> <span class='ocrx_word' id='word_1_58' title='bbox 640 1200 676 1246; x_wconf 84' lang='lat' dir='ltr'><strong>ex</strong></span> <span class='ocrx_word' id='word_1_59' title='bbox 708 1181 777 1264; x_wconf 87' lang='lat' dir='ltr'><strong>ipsa</strong></span> <span class='ocrx_word' id='word_1_60' title='bbox 803 1199 836 1245; x_wconf 91' lang='lat' dir='ltr'><strong>re</strong></span> <span class='ocrx_word' id='word_1_61' title='bbox 863 1175 1063 1248; x_wconf 79' lang='lat' dir='ltr'><strong>manifestum</strong></span> <span class='ocrx_word' id='word_1_62' title='bbox 1097 1184 1162 1257; x_wconf 87' lang='lat' dir='ltr'><strong>est,</strong></span> <span class='ocrx_word' id='word_1_63' title='bbox 1195 1183 1239 1262; x_wconf 89' lang='lat' dir='ltr'><strong>id,</strong></span> 
     </span>
     <span class='ocr_line' id='line_1_9' title="bbox 169 1285 1240 1372; baseline 0.004 -22"><span class='ocrx_word' id='word_1_64' title='bbox 169 1287 251 1370; x_wconf 84' lang='lat' dir='ltr'><strong>quod</strong></span> <span class='ocrx_word' id='word_1_65' title='bbox 272 1287 432 1369; x_wconf 85' lang='lat' dir='ltr'><strong>insuper</strong></span> <span class='ocrx_word' id='word_1_66' title='bbox 453 1285 673 1362; x_wconf 87' lang='lat' dir='ltr'><strong>dubitetur,</strong></span> <span class='ocrx_word' id='word_1_67' title='bbox 697 1305 774 1361; x_wconf 89' lang='lat' dir='ltr'><strong>esse,</strong></span> <span class='ocrx_word' id='word_1_68' title='bbox 796 1305 836 1352; x_wconf 91' lang='lat' dir='ltr'><strong>au</strong></span> <span class='ocrx_word' id='word_1_69' title='bbox 852 1287 1002 1352; x_wconf 85' lang='lat' dir='ltr'><strong>Kalendis</strong></span> <span class='ocrx_word' id='word_1_70' title='bbox 1017 1305 1144 1372; x_wconf 86' lang='lat' dir='ltr'><strong>quoque,</strong></span> <span class='ocrx_word' id='word_1_71' title='bbox 1168 1307 1240 1365; x_wconf 91' lang='lat' dir='ltr'><strong>nou,</strong></span> 
     </span>
     <span class='ocr_line' id='line_1_10' title="bbox 167 1392 1241 1479; baseline 0.006 -23"><span class='ocrx_word' id='word_1_72' title='bbox 167 1410 207 1457; x_wconf 91' lang='lat' dir='ltr'><strong>au</strong></span> <span class='ocrx_word' id='word_1_73' title='bbox 230 1395 301 1458; x_wconf 90' lang='lat' dir='ltr'><strong>ante</strong></span> <span class='ocrx_word' id='word_1_74' title='bbox 314 1392 384 1458; x_wconf 85' lang='lat' dir='ltr'><strong>Kal.</strong></span> <span class='ocrx_word' id='word_1_75' title='bbox 398 1392 588 1474; x_wconf 88' lang='lat' dir='ltr'><strong>pronuntiari</strong></span> <span class='ocrx_word' id='word_1_76' title='bbox 607 1393 721 1476; x_wconf 89' lang='lat' dir='ltr'><strong>possit;</strong></span> <span class='ocrx_word' id='word_1_77' title='bbox 740 1395 844 1477; x_wconf 81' lang='lat' dir='ltr'><strong>iteque</strong></span> <span class='ocrx_word' id='word_1_78' title='bbox 858 1393 949 1476; x_wconf 89' lang='lat' dir='ltr'><strong>plane</strong></span> <span class='ocrx_word' id='word_1_79' title='bbox 960 1395 1154 1462; x_wconf 90' lang='lat' dir='ltr'><strong>scribendum</strong></span> <span class='ocrx_word' id='word_1_80' title='bbox 1167 1398 1241 1479; x_wconf 89' lang='lat' dir='ltr'><strong>puto</strong></span> 
     </span>
     <span class='ocr_line' id='line_1_11' title="bbox 167 1497 1246 1584; baseline 0.006 -24"><span class='ocrx_word' id='word_1_81' title='bbox 167 1497 476 1562; x_wconf 82' lang='lat' dir='ltr'><strong>aaneKalendr&#39;r</strong></span> <span class='ocrx_word' id='word_1_82' title='bbox 497 1499 558 1583; x_wconf 83' lang='lat' dir='ltr'><strong>[cu</strong></span> <span class='ocrx_word' id='word_1_83' title='bbox 581 1498 662 1565; x_wconf 89' lang='lat' dir='ltr'><strong>Kal.</strong></span> <span class='ocrx_word' id='word_1_84' title='bbox 685 1498 753 1564; x_wconf 91' lang='lat' dir='ltr'><strong>edd.</strong></span> <span class='ocrx_word' id='word_1_85' title='bbox 769 1499 871 1584; x_wconf 72' lang='lat' dir='ltr'><strong>uett.],</strong></span> <span class='ocrx_word' id='word_1_86' title='bbox 894 1500 1026 1566; x_wconf 89' lang='lat' dir='ltr'><strong>alterum</strong></span> <span class='ocrx_word' id='word_1_87' title='bbox 1050 1501 1105 1564; x_wconf 89' lang='lat' dir='ltr'><strong>aut</strong></span> <span class='ocrx_word' id='word_1_88' title='bbox 1125 1517 1161 1564; x_wconf 85' lang='lat' dir='ltr'><strong>ex</strong></span> <span class='ocrx_word' id='word_1_89' title='bbox 1182 1499 1246 1566; x_wconf 86' lang='lat' dir='ltr'><strong>boc</strong></span> 
     </span>
     <span class='ocr_line' id='line_1_12' title="bbox 166 1605 1240 1689; baseline 0.003 -21"><span class='ocrx_word' id='word_1_90' title='bbox 166 1609 252 1681; x_wconf 89' lang='lat' dir='ltr'><strong>(anu</strong></span> <span class='ocrx_word' id='word_1_91' title='bbox 262 1609 290 1682; x_wconf 91' lang='lat' dir='ltr'><strong>e)</strong></span> <span class='ocrx_word' id='word_1_92' title='bbox 298 1606 398 1668; x_wconf 88' lang='lat' dir='ltr'><strong>ortum</strong></span> <span class='ocrx_word' id='word_1_93' title='bbox 408 1621 476 1670; x_wconf 88' lang='lat' dir='ltr'><strong>esse</strong></span> <span class='ocrx_word' id='word_1_94' title='bbox 488 1605 543 1668; x_wconf 91' lang='lat' dir='ltr'><strong>aut</strong></span> <span class='ocrx_word' id='word_1_95' title='bbox 549 1623 584 1669; x_wconf 91' lang='lat' dir='ltr'><strong>er</strong></span> <span class='ocrx_word' id='word_1_96' title='bbox 594 1606 748 1689; x_wconf 86' lang='lat' dir='ltr'><strong>superiore</strong></span> <span class='ocrx_word' id='word_1_97' title='bbox 761 1624 866 1682; x_wconf 66' lang='lat' dir='ltr'><strong>versus</strong></span> <span class='ocrx_word' id='word_1_98' title='bbox 879 1605 933 1671; x_wconf 86' lang='lat' dir='ltr'><strong>sed</strong></span> <span class='ocrx_word' id='word_1_99' title='bbox 942 1606 1035 1671; x_wconf 88' lang='lat' dir='ltr'><strong>simul</strong></span> <span class='ocrx_word' id='word_1_100' title='bbox 1045 1606 1240 1672; x_wconf 82' lang='lat' dir='ltr'><strong>scribendum</strong></span> 
     </span>
    </p>
   </div>
   <div class='ocr_carea' id='block_1_3' title="bbox 169 1709 1336 1796">
    <p class='ocr_par' dir='ltr' id='par_1_3' title="bbox 169 1709 1336 1796">
     <span class='ocr_line' id='line_1_13' title="bbox 169 1709 1336 1796; baseline 0.002 -20"><span class='ocrx_word' id='word_1_101' title='bbox 169 1711 235 1776; x_wconf 82' lang='lat' dir='ltr'><strong>est:</strong></span> <span class='ocrx_word' id='word_1_102' title='bbox 279 1709 561 1794; x_wconf 85' lang='lat' dir='ltr'><strong>quum(bocest,</strong></span> <span class='ocrx_word' id='word_1_103' title='bbox 594 1729 665 1776; x_wconf 89' lang='lat' dir='ltr'><strong>cum</strong></span> <span class='ocrx_word' id='word_1_104' title='bbox 687 1713 802 1789; x_wconf 73' lang='lat' dir='ltr'><strong>tamen</strong></span> <span class='ocrx_word' id='word_1_105' title='bbox 836 1711 1072 1795; x_wconf 86' lang='lat' dir='ltr'><strong>proquaudo)</strong></span> <span class='ocrx_word' id='word_1_106' title='bbox 1114 1729 1243 1796; x_wconf 86' lang='lat' dir='ltr'><strong>neque</strong></span> <span class='ocrx_word' id='word_1_107' title='bbox 1332 1774 1336 1792; x_wconf 69' lang='grc'>,</span> 
     </span>
    </p>
   </div>
   <div class='ocr_carea' id='block_1_4' title="bbox 168 1816 1244 2217">
    <p class='ocr_par' dir='ltr' id='par_1_4' title="bbox 168 1816 1244 2217">
     <span class='ocr_line' id='line_1_14' title="bbox 168 1816 1241 1900; baseline 0.003 -20"><span class='ocrx_word' id='word_1_108' title='bbox 168 1816 277 1881; x_wconf 90' lang='lat' dir='ltr'><strong>ultra</strong></span> <span class='ocrx_word' id='word_1_109' title='bbox 298 1833 424 1897; x_wconf 86' lang='lat' dir='ltr'><strong>neque</strong></span> <span class='ocrx_word' id='word_1_110' title='bbox 460 1816 559 1882; x_wconf 90' lang='lat' dir='ltr'><strong>citra</strong></span> <span class='ocrx_word' id='word_1_111' title='bbox 669 1818 999 1900; x_wconf 71' lang='lat' dir='ltr'><strong>pronuntiandum</strong></span> <span class='ocrx_word' id='word_1_112' title='bbox 1022 1819 1085 1882; x_wconf 90' lang='lat' dir='ltr'><strong>sit.</strong></span> <span class='ocrx_word' id='word_1_113' title='bbox 1149 1817 1241 1884; x_wconf 88' lang='lat' dir='ltr'><strong>Post·</strong></span> 
     </span>
     <span class='ocr_line' id='line_1_15' title="bbox 170 1919 1240 2008; baseline 0.006 -25"><span class='ocrx_word' id='word_1_114' title='bbox 170 1937 255 1984; x_wconf 89' lang='lat' dir='ltr'><strong>remo</strong></span> <span class='ocrx_word' id='word_1_115' title='bbox 274 1919 350 2002; x_wconf 70' lang='lat'><strong>§20</strong></span> <span class='ocrx_word' id='word_1_116' title='bbox 372 1939 407 1986; x_wconf 91' lang='lat' dir='ltr'><strong>eo</strong></span> <span class='ocrx_word' id='word_1_117' title='bbox 426 1924 536 1999; x_wconf 84' lang='lat' dir='ltr'><strong>errore,</strong></span> <span class='ocrx_word' id='word_1_118' title='bbox 561 1923 598 1987; x_wconf 91' lang='lat' dir='ltr'><strong>de</strong></span> <span class='ocrx_word' id='word_1_119' title='bbox 621 1941 680 2005; x_wconf 89' lang='lat' dir='ltr'><strong>quo</strong></span> <span class='ocrx_word' id='word_1_120' title='bbox 704 1923 765 1988; x_wconf 89' lang='lat' dir='ltr'><strong>diri</strong></span> <span class='ocrx_word' id='word_1_121' title='bbox 788 1923 828 1989; x_wconf 86' lang='lat' dir='ltr'><strong>ud</strong></span> <span class='ocrx_word' id='word_1_122' title='bbox 840 1924 882 2002; x_wconf 92' lang='grc' dir='ltr'><strong>Π,</strong></span> <span class='ocrx_word' id='word_1_123' title='bbox 896 1923 931 1998; x_wconf 70' lang='lat' dir='ltr'><strong>t,</strong></span> <span class='ocrx_word' id='word_1_124' title='bbox 954 1923 983 2003; x_wconf 82' lang='lat'><strong>7,</strong></span> <span class='ocrx_word' id='word_1_125' title='bbox 1006 1925 1156 2008; x_wconf 90' lang='lat' dir='ltr'><strong>scripturn</strong></span> <span class='ocrx_word' id='word_1_126' title='bbox 1177 1928 1240 1990; x_wconf 86' lang='lat' dir='ltr'><strong>est:</strong></span> 
     </span>
     <span class='ocr_line' id='line_1_16' title="bbox 169 2024 1244 2104; baseline 0.007 -16"><span class='ocrx_word' id='word_1_127' title='bbox 169 2024 357 2090; x_wconf 88' lang='lat' dir='ltr'><strong>undarum</strong></span> <span class='ocrx_word' id='word_1_128' title='bbox 391 2025 508 2092; x_wconf 93' lang='lat' dir='ltr'><strong>illius</strong></span> <span class='ocrx_word' id='word_1_129' title='bbox 546 2027 681 2104; x_wconf 76' lang='lat' dir='ltr'><strong>‹Oceanil</strong></span> <span class='ocrx_word' id='word_1_130' title='bbox 720 2029 867 2095; x_wconf 88' lang='lat' dir='ltr'><strong>ambitu</strong></span> <span class='ocrx_word' id='word_1_131' title='bbox 900 2031 1020 2094; x_wconf 89' lang='lat' dir='ltr'><strong>terris</strong></span> <span class='ocrx_word' id='word_1_132' title='bbox 1053 2031 1244 2096; x_wconf 87' lang='lat' dir='ltr'><strong>omuibus</strong></span> 
     </span>
     <span class='ocr_line' id='line_1_17' title="bbox 170 2131 838 2217; baseline 0.004 -22"><span class='ocrx_word' id='word_1_133' title='bbox 170 2131 421 2198; x_wconf 72' lang='lat' dir='ltr'><strong>convallatio</strong></span> <span class='ocrx_word' id='word_1_134' title='bbox 439 2153 493 2217; x_wconf 84' lang='lat' dir='ltr'><strong>prb</strong></span> <span class='ocrx_word' id='word_1_135' title='bbox 515 2133 838 2199; x_wconf 76' lang='lat' dir='ltr'><strong>cirocrmvullatio.</strong></span> 
     </span>
    </p>
   </div>
   <div class='ocr_carea' id='block_1_5' title="bbox 174 2238 1243 2430">
    <p class='ocr_par' dir='ltr' id='par_1_5' title="bbox 174 2238 1243 2430">
     <span class='ocr_line' id='line_1_18' title="bbox 275 2238 1243 2324; baseline 0.002 -22"><span class='ocrx_word' id='word_1_136' title='bbox 275 2239 342 2303; x_wconf 84' lang='lat' dir='ltr'><strong>Lib.</strong></span> <span class='ocrx_word' id='word_1_137' title='bbox 374 2238 469 2315; x_wconf 89' lang='lat' dir='ltr'><strong>XllI,</strong></span> <span class='ocrx_word' id='word_1_138' title='bbox 505 2239 560 2317; x_wconf 78' lang='lat'><strong>12,</strong></span> <span class='ocrx_word' id='word_1_139' title='bbox 589 2239 609 2303; x_wconf 83' lang='lat'><strong>9</strong></span> <span class='ocrx_word' id='word_1_140' title='bbox 641 2247 726 2318; x_wconf 88' lang='lat' dir='ltr'><strong>(nam</strong></span> <span class='ocrx_word' id='word_1_141' title='bbox 749 2241 787 2305; x_wconf 93' lang='lat' dir='ltr'><strong>de</strong></span> <span class='ocrx_word' id='word_1_142' title='bbox 808 2240 844 2319; x_wconf 89' lang='lat'><strong>8,</strong></span> <span class='ocrx_word' id='word_1_143' title='bbox 878 2241 897 2302; x_wconf 78' lang='lat'><strong>2</strong></span> <span class='ocrx_word' id='word_1_144' title='bbox 926 2239 1070 2308; x_wconf 86' lang='lat' dir='ltr'><strong>dixirol.</strong></span> <span class='ocrx_word' id='word_1_145' title='bbox 1092 2241 1108 2306; x_wconf 95' lang='grc' dir='ltr'><strong>Ι</strong></span> <span class='ocrx_word' id='word_1_146' title='bbox 1128 2261 1157 2324; x_wconf 91' lang='lat' dir='ltr'><strong>p.</strong></span> <span class='ocrx_word' id='word_1_147' title='bbox 1180 2239 1243 2320; x_wconf 88' lang='lat'><strong>60),</strong></span> 
     </span>
     <span class='ocr_line' id='line_1_19' title="bbox 174 2345 1243 2430; baseline 0.001 -21"><span class='ocrx_word' id='word_1_148' title='bbox 174 2345 229 2410; x_wconf 94' lang='lat' dir='ltr'><strong>ubi</strong></span> <span class='ocrx_word' id='word_1_149' title='bbox 265 2345 443 2427; x_wconf 83' lang='lat' dir='ltr'><strong>explicatur,</strong></span> <span class='ocrx_word' id='word_1_150' title='bbox 475 2363 528 2410; x_wconf 90' lang='lat' dir='ltr'><strong>cur</strong></span> <span class='ocrx_word' id='word_1_151' title='bbox 559 2345 675 2410; x_wconf 91' lang='lat' dir='ltr'><strong>tribuni</strong></span> <span class='ocrx_word' id='word_1_152' title='bbox 706 2346 785 2428; x_wconf 86' lang='lat' dir='ltr'><strong>pleb.</strong></span> <span class='ocrx_word' id='word_1_153' title='bbox 821 2347 1011 2412; x_wconf 74' lang='lat' dir='ltr'><strong>vocadonem</strong></span> <span class='ocrx_word' id='word_1_154' title='bbox 1045 2347 1243 2430; x_wconf 84' lang='lat' dir='ltr'><strong>(potestatem</strong></span> 
     </span>
    </p>
   </div>
   <div class='ocr_carea' id='block_1_6' title="bbox 1 2449 1244 2538">
    <p class='ocr_par' dir='ltr' id='par_1_6' title="bbox 1 2449 1244 2538">
     <span class='ocr_line' id='line_1_20' title="bbox 1 2449 1244 2538; baseline 0.001 -24"><span class='ocrx_word' id='word_1_155' title='bbox 1 2497 4 2506; x_wconf 78' lang='lat'><strong>,</strong></span> <span class='ocrx_word' id='word_1_156' title='bbox 92 2519 95 2526; x_wconf 70' lang='grc'>,</span> <span class='ocrx_word' id='word_1_157' title='bbox 170 2451 310 2538; x_wconf 79' lang='lat' dir='ltr'><strong>homiues</strong></span> <span class='ocrx_word' id='word_1_158' title='bbox 344 2451 381 2515; x_wconf 88' lang='lat' dir='ltr'><strong>ad</strong></span> <span class='ocrx_word' id='word_1_159' title='bbox 415 2469 449 2515; x_wconf 92' lang='lat' dir='ltr'><strong>se</strong></span> <span class='ocrx_word' id='word_1_160' title='bbox 479 2449 621 2533; x_wconf 84' lang='lat' dir='ltr'><strong>vocandi)</strong></span> <span class='ocrx_word' id='word_1_161' title='bbox 644 2470 701 2516; x_wconf 91' lang='lat' dir='ltr'><strong>nou</strong></span> <span class='ocrx_word' id='word_1_162' title='bbox 730 2452 912 2529; x_wconf 89' lang='lat' dir='ltr'><strong>habuerint,</strong></span> <span class='ocrx_word' id='word_1_163' title='bbox 948 2452 992 2517; x_wconf 91' lang='lat' dir='ltr'><strong>sic</strong></span> <span class='ocrx_word' id='word_1_164' title='bbox 1024 2453 1055 2516; x_wconf 92' lang='lat' dir='ltr'><strong>iu</strong></span> <span class='ocrx_word' id='word_1_165' title='bbox 1083 2450 1244 2516; x_wconf 87' lang='lat' dir='ltr'><strong>codicibus</strong></span> 
     </span>
    </p>
   </div>
   <div class='ocr_carea' id='block_1_7' title="bbox 170 2555 1244 2851">
    <p class='ocr_par' dir='ltr' id='par_1_7' title="bbox 170 2555 1244 2851">
     <span class='ocr_line' id='line_1_21' title="bbox 170 2555 1244 2640; baseline 0 -20"><span class='ocrx_word' id='word_1_166' title='bbox 170 2556 467 2640; x_wconf 77' lang='lat' dir='ltr'><strong>scribiturepuod</strong></span> <span class='ocrx_word' id='word_1_167' title='bbox 498 2555 653 2621; x_wconf 91' lang='lat' dir='ltr'><strong>tribuni</strong></span> <span class='ocrx_word' id='word_1_168' title='bbox 689 2557 818 2639; x_wconf 91' lang='lat' dir='ltr'><strong>plebis</strong></span> <span class='ocrx_word' id='word_1_169' title='bbox 851 2557 1078 2640; x_wconf 83' lang='lat' dir='ltr'><strong>antiquitus</strong></span> <span class='ocrx_word' id='word_1_170' title='bbox 1117 2555 1244 2622; x_wconf 90' lang='lat' dir='ltr'><strong>creati</strong></span> 
     </span>
     <span class='ocr_line' id='line_1_22' title="bbox 174 2661 1243 2746; baseline 0 -20"><span class='ocrx_word' id='word_1_171' title='bbox 174 2661 361 2726; x_wconf 82' lang='lat' dir='ltr'><strong>videntur</strong></span> <span class='ocrx_word' id='word_1_172' title='bbox 466 2661 831 2728; x_wconf 80' lang='lat' dir='ltr'><strong>intercessionibus</strong></span> <span class='ocrx_word' id='word_1_173' title='bbox 861 2661 1065 2738; x_wconf 72' lang='lat' dir='ltr'><strong>iaciendis,</strong></span> <span class='ocrx_word' id='word_1_174' title='bbox 1103 2663 1243 2746; x_wconf 89' lang='lat' dir='ltr'><strong>quibus</strong></span> 
     </span>
     <span class='ocr_line' id='line_1_23' title="bbox 175 2767 1242 2851; baseline 0 -19"><span class='ocrx_word' id='word_1_175' title='bbox 175 2787 348 2851; x_wconf 74' lang='lat' dir='ltr'><strong>presens</strong></span> <span class='ocrx_word' id='word_1_176' title='bbox 371 2768 532 2841; x_wconf 86' lang='lat' dir='ltr'><strong>luisset,</strong></span> <span class='ocrx_word' id='word_1_177' title='bbox 568 2771 610 2832; x_wconf 90' lang='lat' dir='ltr'><strong>ut</strong></span> <span class='ocrx_word' id='word_1_178' title='bbox 643 2769 799 2844; x_wconf 89' lang='lat' dir='ltr'><strong>iniuria,</strong></span> <span class='ocrx_word' id='word_1_179' title='bbox 832 2787 914 2851; x_wconf 86' lang='lat' dir='ltr'><strong>quae</strong></span> <span class='ocrx_word' id='word_1_180' title='bbox 947 2785 1072 2833; x_wconf 92' lang='lat' dir='ltr'><strong>coram</strong></span> <span class='ocrx_word' id='word_1_181' title='bbox 1104 2767 1242 2843; x_wconf 83' lang='lat' dir='ltr'><strong>fieret,</strong></span> 
     </span>
    </p>
   </div>
   <div class='ocr_carea' id='block_1_8' title="bbox 174 2870 1311 2957">
    <p class='ocr_par' dir='ltr' id='par_1_8' title="bbox 174 2870 1311 2957">
     <span class='ocr_line' id='line_1_24' title="bbox 174 2870 1311 2957; baseline -0.002 -19"><span class='ocrx_word' id='word_1_182' title='bbox 174 2874 390 2938; x_wconf 88' lang='lat' dir='ltr'><strong>arceretur.</strong></span> <span class='ocrx_word' id='word_1_183' title='bbox 450 2873 551 2938; x_wconf 87' lang='lat' dir='ltr'><strong>Verba</strong></span> <span class='ocrx_word' id='word_1_184' title='bbox 582 2875 725 2956; x_wconf 92' lang='lat' dir='ltr'><strong>quibus</strong></span> <span class='ocrx_word' id='word_1_185' title='bbox 769 2893 943 2957; x_wconf 80' lang='lat' dir='ltr'><strong>praseue</strong></span> <span class='ocrx_word' id='word_1_186' title='bbox 985 2872 1134 2937; x_wconf 87' lang='lat' dir='ltr'><strong>fuisset</strong></span> <span class='ocrx_word' id='word_1_187' title='bbox 1165 2870 1242 2936; x_wconf 90' lang='lat' dir='ltr'><strong>adeo</strong></span> <span class='ocrx_word' id='word_1_188' title='bbox 1309 2917 1311 2922; x_wconf 88' lang='lat'>-</span> 
     </span>
    </p>
   </div>
   <div class='ocr_carea' id='block_1_9' title="bbox 174 2971 1244 4123">
    <p class='ocr_par' dir='ltr' id='par_1_9' title="bbox 174 2971 1244 3908">
     <span class='ocr_line' id='line_1_25' title="bbox 175 2971 1244 3056; baseline -0.003 -13"><span class='ocrx_word' id='word_1_189' title='bbox 175 2981 249 3043; x_wconf 87' lang='lat' dir='ltr'><strong>suut</strong></span> <span class='ocrx_word' id='word_1_190' title='bbox 270 2971 362 3044; x_wconf 89' lang='lat' dir='ltr'><strong>sensu</strong></span> <span class='ocrx_word' id='word_1_191' title='bbox 384 2997 481 3056; x_wconf 82' lang='lat' dir='ltr'><strong>cassa,</strong></span> <span class='ocrx_word' id='word_1_192' title='bbox 512 2982 547 3044; x_wconf 93' lang='lat' dir='ltr'><strong>ut</strong></span> <span class='ocrx_word' id='word_1_193' title='bbox 568 2979 712 3046; x_wconf 84' lang='lat' dir='ltr'><strong>Hertuius</strong></span> <span class='ocrx_word' id='word_1_194' title='bbox 744 2982 829 3046; x_wconf 77' lang='lat' dir='ltr'><strong>uude</strong></span> <span class='ocrx_word' id='word_1_195' title='bbox 850 2979 1020 3046; x_wconf 86' lang='lat' dir='ltr'><strong>incluserit.</strong></span> <span class='ocrx_word' id='word_1_196' title='bbox 1063 2975 1125 3041; x_wconf 80' lang='lat' dir='ltr'><strong>Sed</strong></span> <span class='ocrx_word' id='word_1_197' title='bbox 1147 2974 1244 3040; x_wconf 85' lang='lat' dir='ltr'><strong>deleri</strong></span> 
     </span>
     <span class='ocr_line' id='line_1_26' title="bbox 175 3082 1243 3169; baseline -0.006 -19"><span class='ocrx_word' id='word_1_198' title='bbox 175 3085 242 3150; x_wconf 89' lang='lat' dir='ltr'><strong>siue</strong></span> <span class='ocrx_word' id='word_1_199' title='bbox 253 3103 376 3151; x_wconf 87' lang='lat' dir='ltr'><strong>summa</strong></span> <span class='ocrx_word' id='word_1_200' title='bbox 386 3085 561 3150; x_wconf 87' lang='lat' dir='ltr'><strong>temeritate</strong></span> <span class='ocrx_word' id='word_1_201' title='bbox 572 3087 737 3169; x_wconf 90' lang='lat' dir='ltr'><strong>nequeunt.</strong></span> <span class='ocrx_word' id='word_1_202' title='bbox 775 3087 862 3166; x_wconf 81' lang='lat' dir='ltr'><strong>Quod</strong></span> <span class='ocrx_word' id='word_1_203' title='bbox 874 3085 965 3169; x_wconf 84' lang='lat' dir='ltr'><strong>vulgo</strong></span> <span class='ocrx_word' id='word_1_204' title='bbox 985 3082 1132 3147; x_wconf 88' lang='lat' dir='ltr'><strong>edebatur</strong></span> <span class='ocrx_word' id='word_1_205' title='bbox 1147 3100 1243 3166; x_wconf 87' lang='lat' dir='ltr'><strong>pree·</strong></span> 
     </span>
     <span class='ocr_line' id='line_1_27' title="bbox 174 3183 1243 3275; baseline -0.007 -19"><span class='ocrx_word' id='word_1_206' title='bbox 174 3195 312 3256; x_wconf 86' lang='lat' dir='ltr'><strong>sentes</strong></span> <span class='ocrx_word' id='word_1_207' title='bbox 335 3185 519 3264; x_wconf 82' lang='lat' dir='ltr'><strong>luissent,</strong></span> <span class='ocrx_word' id='word_1_208' title='bbox 543 3207 577 3256; x_wconf 91' lang='lat' dir='ltr'><strong>eo</strong></span> <span class='ocrx_word' id='word_1_209' title='bbox 600 3191 676 3255; x_wconf 91' lang='lat' dir='ltr'><strong>nihil</strong></span> <span class='ocrx_word' id='word_1_210' title='bbox 697 3192 847 3268; x_wconf 85' lang='lat' dir='ltr'><strong>iuvamur,</strong></span> <span class='ocrx_word' id='word_1_211' title='bbox 875 3190 1019 3275; x_wconf 88' lang='lat' dir='ltr'><strong>quoniam</strong></span> <span class='ocrx_word' id='word_1_212' title='bbox 1045 3187 1161 3253; x_wconf 90' lang='lat' dir='ltr'><strong>tribuni</strong></span> <span class='ocrx_word' id='word_1_213' title='bbox 1183 3183 1243 3270; x_wconf 82' lang='lat' dir='ltr'><strong>ipsi</strong></span> 
     </span>
     <span class='ocr_line' id='line_1_28' title="bbox 175 3291 1243 3386; baseline -0.007 -23"><span class='ocrx_word' id='word_1_214' title='bbox 175 3299 342 3382; x_wconf 89' lang='lat' dir='ltr'><strong>praeseutes</strong></span> <span class='ocrx_word' id='word_1_215' title='bbox 365 3315 433 3362; x_wconf 89' lang='lat' dir='ltr'><strong>esse</strong></span> <span class='ocrx_word' id='word_1_216' title='bbox 457 3298 524 3373; x_wconf 88' lang='lat' dir='ltr'><strong>(aut</strong></span> <span class='ocrx_word' id='word_1_217' title='bbox 545 3295 688 3376; x_wconf 84' lang='lat' dir='ltr'><strong>fuisse)</strong></span> <span class='ocrx_word' id='word_1_218' title='bbox 701 3297 967 3386; x_wconf 82' lang='lat' dir='ltr'><strong>intercessionibus</strong></span> <span class='ocrx_word' id='word_1_219' title='bbox 982 3296 1045 3361; x_wconf 92' lang='lat' dir='ltr'><strong>suis</strong></span> <span class='ocrx_word' id='word_1_220' title='bbox 1058 3291 1243 3376; x_wconf 90' lang='lat' dir='ltr'><strong>perridicule</strong></span> 
     </span>
     <span class='ocr_line' id='line_1_29' title="bbox 175 3399 1244 3469; baseline -0.005 -2"><span class='ocrx_word' id='word_1_221' title='bbox 175 3401 329 3468; x_wconf 88' lang='lat' dir='ltr'><strong>dicuntur.</strong></span> <span class='ocrx_word' id='word_1_222' title='bbox 373 3401 571 3466; x_wconf 86' lang='lat' dir='ltr'><strong>Scribeudum</strong></span> <span class='ocrx_word' id='word_1_223' title='bbox 595 3405 656 3467; x_wconf 91' lang='lat' dir='ltr'><strong>est:</strong></span> <span class='ocrx_word' id='word_1_224' title='bbox 693 3401 1061 3469; x_wconf 88' lang='lat' dir='ltr'><strong>intercessionibus</strong></span> <span class='ocrx_word' id='word_1_225' title='bbox 1085 3399 1244 3464; x_wconf 86' lang='lat' dir='ltr'><strong>iacian-</strong></span> 
     </span>
     <span class='ocr_line' id='line_1_30' title="bbox 177 3505 1242 3592; baseline -0.006 -18"><span class='ocrx_word' id='word_1_226' title='bbox 177 3509 247 3584; x_wconf 91' lang='lat' dir='ltr'><strong>dis,</strong></span> <span class='ocrx_word' id='word_1_227' title='bbox 269 3509 412 3592; x_wconf 90' lang='lat' dir='ltr'><strong>quibus</strong></span> <span class='ocrx_word' id='word_1_228' title='bbox 434 3529 523 3568; x_wconf 82' lang='lat' dir='ltr'><strong>urar</strong></span> <span class='ocrx_word' id='word_1_229' title='bbox 550 3507 617 3584; x_wconf 89' lang='lat' dir='ltr'><strong>(boc</strong></span> <span class='ocrx_word' id='word_1_230' title='bbox 639 3511 696 3584; x_wconf 85' lang='lat' dir='ltr'><strong>cst,</strong></span> <span class='ocrx_word' id='word_1_231' title='bbox 718 3515 807 3589; x_wconf 89' lang='lat' dir='ltr'><strong>opus)</strong></span> <span class='ocrx_word' id='word_1_232' title='bbox 829 3512 868 3571; x_wconf 80' lang='lat' dir='ltr'><strong>in</strong></span> <span class='ocrx_word' id='word_1_233' title='bbox 890 3525 1062 3592; x_wconf 86' lang='lat' dir='ltr'><strong>praesens</strong></span> <span class='ocrx_word' id='word_1_234' title='bbox 1084 3505 1242 3576; x_wconf 78' lang='lat' dir='ltr'><strong>fuisset,</strong></span> 
     </span>
     <span class='ocr_line' id='line_1_31' title="bbox 176 3612 1243 3697; baseline -0.002 -19"><span class='ocrx_word' id='word_1_235' title='bbox 176 3615 220 3678; x_wconf 90' lang='lat' dir='ltr'><strong>ut</strong></span> <span class='ocrx_word' id='word_1_236' title='bbox 254 3612 400 3678; x_wconf 86' lang='lat' dir='ltr'><strong>iniuria</strong></span> <span class='ocrx_word' id='word_1_237' title='bbox 523 3617 739 3678; x_wconf 88' lang='lat' dir='ltr'><strong>arceretur.</strong></span> <span class='ocrx_word' id='word_1_238' title='bbox 793 3613 899 3697; x_wconf 86' lang='lat' dir='ltr'><strong>Neque</strong></span> <span class='ocrx_word' id='word_1_239' title='bbox 935 3612 1139 3678; x_wconf 86' lang='lat' dir='ltr'><strong>euimusue</strong></span> <span class='ocrx_word' id='word_1_240' title='bbox 1172 3627 1243 3676; x_wconf 81' lang='lat' dir='ltr'><strong>cum</strong></span> 
     </span>
     <span class='ocr_line' id='line_1_32' title="bbox 175 3715 1244 3802; baseline -0.005 -17"><span class='ocrx_word' id='word_1_241' title='bbox 175 3721 310 3785; x_wconf 88' lang='lat' dir='ltr'><strong>ablativo</strong></span> <span class='ocrx_word' id='word_1_242' title='bbox 346 3717 478 3802; x_wconf 87' lang='lat' dir='ltr'><strong>positum</strong></span> <span class='ocrx_word' id='word_1_243' title='bbox 512 3718 573 3782; x_wconf 93' lang='lat' dir='ltr'><strong>ullo</strong></span> <span class='ocrx_word' id='word_1_244' title='bbox 608 3719 746 3802; x_wconf 82' lang='lat' dir='ltr'><strong>exemplo</strong></span> <span class='ocrx_word' id='word_1_245' title='bbox 780 3719 966 3784; x_wconf 81' lang='lat' dir='ltr'><strong>adiectiuum</strong></span> <span class='ocrx_word' id='word_1_246' title='bbox 998 3715 1121 3782; x_wconf 86' lang='lat' dir='ltr'><strong>asciscit</strong></span> <span class='ocrx_word' id='word_1_247' title='bbox 1143 3717 1244 3802; x_wconf 83' lang='lat' dir='ltr'><strong>(qui-</strong></span> 
     </span>
     <span class='ocr_line' id='line_1_33' title="bbox 178 3817 845 3908; baseline -0.007 -16"><span class='ocrx_word' id='word_1_248' title='bbox 178 3829 246 3892; x_wconf 90' lang='lat' dir='ltr'><strong>bus</strong></span> <span class='ocrx_word' id='word_1_249' title='bbox 268 3817 362 3891; x_wconf 91' lang='lat' dir='ltr'><strong>usus</strong></span> <span class='ocrx_word' id='word_1_250' title='bbox 384 3841 554 3908; x_wconf 73' lang='lat' dir='ltr'><strong>presens</strong></span> <span class='ocrx_word' id='word_1_251' title='bbox 575 3824 753 3904; x_wconf 86' lang='lat' dir='ltr'><strong>fuisset).</strong></span> <span class='ocrx_word' id='word_1_252' title='bbox 840 3822 845 3833; x_wconf 82' lang='grc'><strong><em>’</em></strong></span> 
     </span>
    </p>

    <p class='ocr_par' dir='ltr' id='par_1_10' title="bbox 178 3911 1244 4123">
     <span class='ocr_line' id='line_1_34' title="bbox 210 3911 1244 4014; baseline -0.008 -15"><span class='ocrx_word' id='word_1_253' title='bbox 210 3911 214 3922; x_wconf 77' lang='grc'><em>“</em></span> <span class='ocrx_word' id='word_1_254' title='bbox 279 3932 346 3998; x_wconf 78' lang='lat' dir='ltr'><strong>reu</strong></span> <span class='ocrx_word' id='word_1_255' title='bbox 381 3931 430 4011; x_wconf 85' lang='lat' dir='ltr'><strong>re,</strong></span> <span class='ocrx_word' id='word_1_256' title='bbox 469 3932 484 3992; x_wconf 91' lang='lat'>1</span> <span class='ocrx_word' id='word_1_257' title='bbox 519 3930 605 4008; x_wconf 73' lang='lat' dir='ltr'><strong>(orum</strong></span> <span class='ocrx_word' id='word_1_258' title='bbox 643 3929 691 4006; x_wconf 85' lang='lat' dir='ltr'><strong>ru,</strong></span> <span class='ocrx_word' id='word_1_259' title='bbox 723 3929 755 4006; x_wconf 81' lang='lat' dir='ltr'><strong>s)</strong></span> <span class='ocrx_word' id='word_1_260' title='bbox 791 3929 878 4014; x_wconf 78' lang='lat' dir='ltr'><strong>(nam</strong></span> <span class='ocrx_word' id='word_1_261' title='bbox 914 3927 962 4007; x_wconf 83' lang='lat' dir='ltr'><strong>rs,</strong></span> <span class='ocrx_word' id='word_1_262' title='bbox 995 3927 1116 3993; x_wconf 69' lang='lat' dir='ltr'><strong>aas.</strong></span> <span class='ocrx_word' id='word_1_263' title='bbox 1150 3927 1244 3992; x_wconf 70' lang='lat' dir='ltr'><strong>vers·</strong></span> 
     </span>
     <span class='ocr_line' id='line_1_35' title="bbox 178 4035 1244 4123; baseline -0.006 -19"><span class='ocrx_word' id='word_1_264' title='bbox 178 4057 299 4123; x_wconf 88' lang='lat' dir='ltr'><strong>prorsus</strong></span> <span class='ocrx_word' id='word_1_265' title='bbox 329 4038 507 4120; x_wconf 86' lang='lat' dir='ltr'><strong>perturbata</strong></span> <span class='ocrx_word' id='word_1_266' title='bbox 534 4035 701 4102; x_wconf 47' lang='lat' dir='ltr'><strong>emendare*</strong></span> <span class='ocrx_word' id='word_1_267' title='bbox 724 4041 857 4118; x_wconf 55' lang='lat' dir='ltr'><strong>umnec)</strong></span> <span class='ocrx_word' id='word_1_268' title='bbox 885 4035 930 4100; x_wconf 88' lang='lat' dir='ltr'><strong>sic</strong></span> <span class='ocrx_word' id='word_1_269' title='bbox 959 4035 1058 4100; x_wconf 86' lang='lat' dir='ltr'><strong>oratio</strong></span> <span class='ocrx_word' id='word_1_270' title='bbox 1085 4035 1244 4117; x_wconf 88' lang='lat' dir='ltr'><strong>interpun-</strong></span> 
     </span>
    </p>
   </div>
   <div class='ocr_carea' id='block_1_10' title="bbox 1457 4237 1459 4296">
    <p class='ocr_par' dir='ltr' id='par_1_11' title="bbox 1457 4237 1459 4296">
     <span class='ocr_line' id='line_1_36' title="bbox 1457 4237 1459 4270; baseline 0 0"><span class='ocrx_word' id='word_1_271' title='bbox 1457 4237 1459 4270; x_wconf 86' lang='grc'>1</span> 
     </span>
     <span class='ocr_line' id='line_1_37' title="bbox 1457 4271 1459 4296; baseline 0 0"><span class='ocrx_word' id='word_1_272' title='bbox 1457 4271 1459 4296; x_wconf 84' lang='lat' dir='ltr'><strong>l</strong></span> 
     </span>
    </p>
   </div>
   <div class='ocr_carea' id='block_1_11' title="bbox 0 0 1468 4660">
    <p class='ocr_par' dir='ltr' id='par_1_12' title="bbox 0 0 1468 4660">
     <span class='ocr_line' id='line_1_38' title="bbox 0 0 1468 4660; baseline 0 0"><span class='ocrx_word' id='word_1_273' title='bbox 0 0 1468 4660; x_wconf 95' lang='lat' dir='ltr'><strong> </strong></span> 
     </span>
    </p>
   </div>
  </div>
 </body>
</html>
