2918 4636
553 325 555 331 .
622 273 744 332 Ovidius.
867 277 871 284 '
1134 279 1175 344 93

249 468 334 546 XIV,
357 468 397 530 55
420 487 506 552 sqq:

350 573 443 638 Hunc
477 571 661 658 (gurgitem)
696 575 753 642 dea
783 579 938 660 praevitiat
957 583 1217 669 portentificisque

956 690 1082 754 venenis

348 782 505 867 inquinat;
529 783 579 851 hio
601 803 721 866 pressos
743 787 852 854 latices
875 791 979 856 radice
1001 796 1121 860 nocent'

349 888 477 972 spargit,
500 889 558 952 cet.

148 995 250 1061 Codex
270 995 305 1060 M
326 997 374 1060 tic
390 997 474 1078 ¹scacis
502 995 603 1060 leucoe
635 995 776 1076 (Merkel.
797 1019 828 1081 p.
850 999 962 1078 XIII),
997 1005 1082 1070 cuius
1120 1007 1216 1090 scrip·

146 1103 225 1166 turae
248 1103 342 1166 ettam
364 1101 396 1166 in
418 1103 487 1168 aliis
509 1103 666 1170 codicibus
687 1103 819 1188 uestigia
841 1107 920 1170 sunt.
949 1105 1120 1176 nffinur:

659 1209 919 1293 portentificisque
941 1214 1076 1278 venenis

298 1313 440 1397 inquinat
461 1315 580 1400 effrem
604 1317 713 1382 latices
735 1316 839 1382 radice
863 1319 985 1384 nocenti

297 1417 426 1502 spargit,
448 1421 480 1484 et
501 1405 666 1486 obscurum
688 1424 748 1487 oet.

246 1521 332 1601 XIV,
355 1523 426 1603 739,
450 1525 512 1589 740
534 1525 587 1602 (de
601 1525 723 1612 Iphide,
747 1526 799 1610 qui
821 1545 854 1592 so
877 1528 986 1612 laqueo
1010 1533 1048 1596 ab
1070 1532 1215 1600 interiore

76 1671 78 1676 -
143 1627 233 1710 parte
254 1627 354 1694 ianuae
374 1629 506 1715 religato
529 1630 719 1714 suspendit):

229 1730 299 1801 iota
322 1734 437 1817 pedum
458 1739 545 1802 motu
566 1735 775 1818 trepidantum
801 1738 832 1802 et
853 1725 953 1805 muita
973 1746 1151 1826 gementem

229 1838 296 1904 visa
316 1839 437 1905 dedisse
458 1860 569 1908 senum
593 1843 642 1908 est
662 1842 869 1926 adapertaque
892 1845 985 1912 ianua
1008 1847 1124 1915 facturn

227 1946 372 2030 prodidit.
1038 1972 1039 1976 ’

246 2049 296 2114 Sic
331 2051 394 2116 fere
422 2053 547 2120 ,codices
582 2057 723 2138 (quorum
757 2054 881 2136 quidem
911 2057 1062 2140 optimus,
1091 2061 1214 2126 omissis

144 2174 247 2221 errore
269 2156 388 2222 duobus
414 2158 628 2234 hemistichiis,
653 2157 748 2223 habet
768 2160 892 2225 tantum
914 2161 975 2226 iota
994 2165 1110 2246 pedam
1131 2175 1215 2229 motu

145 2271 186 2324 eat
208 2263 357 2346 adoperta
378 2263 473 2326 ianua
488 2264 639 2349 factum),
660 2264 721 2328 nis'i
742 2265 822 2348 quod
845 2268 986 2332 nonnulli
1008 2270 1215 2354 trepidastoro,

145 2366 198 2431 alii
221 2377 249 2429 ct
269 2378 364 2430 mcccc
386 2369 544 2434 ademtam.
600 2367 639 2434 In
672 2370 771 2432 mutto
802 2372 923 2436 tenetur
955 2371 1097 2458 frequens
1121 2396 1214 2457 error,

143 2459 204 2556 quo
227 2473 350 2544 sublato
373 2474 506 2540 efficitur
527 2493 596 2540 cum
621 2477 729 2560 arguto
752 2477 822 2542 lusu
845 2459 878 2540 et
898 2477 1063 2570 Ovidiano:

245 2578 313 2644 Icta
333 2579 449 2662 pedum
470 2581 559 2646 motu
581 2581 792 2664 trepidantum
811 2591 897 2644 curata
918 2586 1095 2666 gementem
1176 2667 1178 2674 ἲ

242 2684 310 2750 visa
332 2685 453 2752 dedisse
476 2705 584 2754 sonum
608 2690 656 2754 est
677 2685 998 2768 adapertaqueianua
1018 2691 1135 2756 fadum

241 2791 386 2873 prodidit.
870 2865 871 2868 ,

140 2895 240 2975 (Nihil
262 2897 311 2962 est
332 2896 537 2981 trqaicicctuca
558 2905 673 2969 coorta,·
696 2899 816 2979 poterat
837 2898 911 2964 ferri
932 2898 964 2960 aia
986 2907 1104 2978 morie.)

143 3014 145 3018 ·
240 3000 308 3081 XV,
333 3003 392 3066 153
415 3022 481 3086 sqq.
505 3005 548 3082 (in
571 3003 754 3086 Pythagorae
777 3003 942 3081 oratione):

277 3108 302 3172 Ο
325 3127 423 3192 genus
446 3109 612 3175 attonitum
635 3107 745 3192 gelidae
767 3106 929 3174 formidine
951 3111 1069 3187 mertia,

275 3213 348 3296 quid
371 3213 478 3300 Styga,
501 3213 574 3298 quid
595 3214 737 3280 tenebrae
761 3216 792 3278 et
814 3213 939 3278 nomina
959 3233 1040 3282 vana
1059 3217 1188 3295 timetis,

275 3319 437 3386 materiem
462 3321 568 3384 vatum
592 3319 723 3402 falsique
745 3320 881 3402 pericula
902 3320 1019 3386 mnndi.
1146 3403 1147 3406 Ἴ

138 3424 229 3506 Quae,
267 3443 389 3507 quaeso,
419 3427 485 3490 haec
510 3426 583 3491 sunt
604 3425 712 3490 mundi
733 3426 884 3508 pericula,
918 3445 985 3508 qnae
1009 3425 1209 3513 Pythagoras,

140 3529 195 3614 qui
219 3529 327 3594 omnia
356 3530 394 3595 de
416 3531 522 3596 inferis
557 3531 735 3596 inanissime
766 3531 840 3596 ficta
872 3531 962 3595 docet
986 3549 1071 3608 esse,
1106 3536 1211 3602 tamen

137 3638 168 3702 et
205 3654 274 3702 esse
311 3635 401 3701 docet
450 3637 481 3700 et
515 3635 620 3701 timeri
657 3637 765 3704 vetat?
821 3635 862 3700 nt
898 3631 1068 3722 quofclsi
1102 3641 1208 3704 mnndi

137 3741 304 3826 appellatio
326 3741 482 3824 pertinet?
526 3743 668 3810 Tortores
691 3741 739 3808 illi
768 3742 840 3806 sunt
861 3739 1021 3808 hominum
1041 3743 1121 3810 falsa
1143 3747 1207 3827 opi-

136 3848 227 3936 niune
251 3847 348 3932 fidem
370 3847 410 3912 iis
433 3847 656 3936 adhibendum.
705 3846 833 3914 Ovidius
856 3835 1034 3930 scripserat:

293 3953 458 4019 materiem
480 3955 595 4029 ratum,
611 3954 693 4038 fetri
715 3951 858 4024 runcato
879 3953 996 4019 mundi.
1057 4019 1059 4028 ,

136 4055 243 4124 Rarior
265 4075 339 4134 vox,
372 4077 440 4141 quae
467 4078 484 4125 e
506 4059 606 4142 poetis
628 4060 742 4126 testem
765 4059 858 4124 habet
879 4059 1025 4133 Accium,
1049 4076 1084 4122 ex
1105 4055 1206 4122 Ovidii
