3000 4638
311 288 373 354 ³04
494 250 496 254 ’
669 284 942 355 nmvnnerpn

268 489 321 551 eet
341 483 489 561 Hmeinn)
510 487 543 550 et
563 484 759 550 retinendum
780 503 850 550 enee
868 486 908 550 in
928 484 1133 562 nltioeimo
1154 500 1210 548 nee
1231 482 1342 548 altito-

273 590 356 658 dinie
376 591 545 674 imaginem
567 607 640 654 enm
660 589 789 658 luminis
809 589 952 674 ooniungi
972 606 1063 672 poene
1085 587 1179 670 (qnod
1200 587 1341 654 Krimins

270 695 386 762 enea
418 696 542 762 efficere
573 699 724 774 eenntor).
779 695 908 762 Initum
938 693 1164 760 emendationis
1190 695 1223 760 et
1248 695 1342 775 eeput

269 801 406 866 Hessius
427 802 574 884 repperit:
605 801 644 868 in
665 801 868 870 altissimo
903 799 1085 876 eulmine,
1117 798 1173 864 eod
1193 799 1265 864 huie
1288 817 1342 867 eo·

269 905 529 972 commodandum
561 911 629 974 eret
660 907 797 984 verbm,
830 907 911 990 qnod
944 906 1059 972 litteris
1089 905 1172 972 mole
1201 904 1341 972 oonflntis

271 1018 447 1095 oorrnptnm
469 1013 544 1078 eetz.
570 1012 755 1077 virtutem
784 1010 1032 1090 mentonis,
1066 1011 1143 1078 iem
1165 1011 1257 1076 ente

235 1182 239 1188 ,
270 1119 561 1201 prenitentem,
581 1118 619 1182 in
642 1118 846 1184 altissimo
868 1118 1041 1183 eulmine
1062 1117 1219 1182 locavit

372 1222 439 1288 lbd.
462 1222 514 1301 36,
547 1223 583 1286 2:
620 1241 741 1306 neque
763 1223 843 1290 ullo
863 1223 903 1287 in
926 1222 1104 1306 suseepti
1125 1222 1254 1306 operis
1277 1221 1342 1288 eui

271 1327 443 1394 termine
465 1329 657 1396 minorem
680 1327 890 1394 Catullum.
935 1328 1050 1394 Contra
1071 1347 1139 1402 eos,
1174 1328 1227 1411 qni
1253 1346 1342 1410 ope·

272 1433 327 1496 rie
348 1451 501 1498 earmen
536 1435 569 1498 et
588 1435 774 1500 minorem
807 1434 845 1498 in
868 1432 1043 1501 carmine
1065 1433 1248 1512 defendunt,
1281 1432 1343 1498 diei

272 1557 350 1622 opus
374 1557 435 1603 non
460 1541 518 1616 eet,
549 1540 695 1622 qnoniam
724 1559 763 1604 ne
793 1542 928 1606 carmine
961 1539 1088 1624 quidem
1114 1558 1175 1604 nno
1202 1537 1342 1604 Catullus

269 1645 466 1718 monebatur,
496 1644 552 1710 see
571 1645 778 1721 eerminibum
814 1646 867 1725 (de
887 1665 986 1729 proeae
1007 1644 1153 1710 orationis
1169 1663 1229 1710 orn
1250 1643 1342 1724 dieo).

273 1749 335 1816 Sed
371 1768 445 1814 oesn
479 1749 617 1833 plerique
658 1751 792 1832 arripere
830 1752 981 1828 videntur,
1016 1751 1100 1834 qnod
1143 1749 1342 1816 substituent.

272 1853 339 1920 Sui
370 1854 520 1920 inutiliter
551 1855 585 1919 et
611 1875 704 1938 prove
731 1859 804 1938 poet
835 1857 1010 1942 suseepti
1044 1857 1173 1939 operis
1208 1854 1342 1920 additur.

272 1959 350 2027 Inde
370 1960 525 2044 profeetue
548 1961 592 2028 eie
614 1962 810 2028 scribendum
823 1963 984 2046 -euepioorz
1016 1981 1140 2046 neque
1160 1961 1248 2028 ullo
1275 1960 1343 2046 [in]

268 2065 458 2148 „suseepti
488 2067 621 2148 operis
652 2068 790 2152 nigrore
818 2069 1003 2134 minorem
1028 2065 1231 2134 Catullum.
1280 2066 1344 2132 (ie-

273 2169 393 2236 minate
412 2169 520 2236 littera
539 2191 555 2236 s
577 2173 698 2240 feetnm
719 2174 841 2240 ridetm
863 2174 937 2250 eui,
965 2176 1035 2238 tnm
1055 2190 1092 2238 ex
1111 2187 1204 2254 gore
1226 2169 1259 2232 et
1280 2167 1344 2248 pri·

272 2273 337 2340 min
357 2275 472 2342 litteris
496 2277 653 2360 sequentis
674 2279 759 2346 vocis
779 2281 877 2358 (min)
899 2281 1008 2344 netum
1030 2276 1209 2342 oermine.
1221 2273 1248 2350 ¹)

375 2379 443 2446 Ibo.
466 2381 519 2462 48,
539 2383 574 2446 5:
597 2383 710 2450 nnioe
730 2387 893 2452 cavente
914 2383 1101 2449 Cicerone
1122 2378 1344 2448 oonoordiae

275 2485 455 2566 publieae.
499 2489 580 2554 Poto
601 2489 697 2556 inisse
715 2492 886 2576 favente.
929 2489 1013 2554 Nem
1035 2505 1144 2554 cavere
1167 2483 1343 2562 oonoordiae,

272 2608 343 2674 quae
363 2590 450 2656 nulle
468 2596 545 2674 eret,
580 2594 687 2662 Oieero
718 2615 777 2662 non
799 2599 938 2679 poteret,
970 2595 1027 2660 sed
1048 2594 1160 2672 favere,
1193 2595 1230 2658 nt
1250 2588 1345 2656 resti·

276 2697 424 2762 tneretnr.
506 2723 510 2730 ¹

376 2801 443 2868 Ibd.
465 2804 518 2880 49,
542 2807 559 2868 1
584 2806 649 2884 (48,
673 2806 692 2868 6
715 2807 787 2886 Η.);
825 2826 907 2873 enm
927 2808 1013 2874 eine
1033 2801 1186 2870 invidie
1204 2801 1244 2866 in
1265 2819 1345 2882 rep.

275 2905 516 2974 floruissent
534 2910 867 2995 eminuissentqne
888 2913 970 2980 sine
989 2910 1183 2994 perienlo.
1206 2907 1347 2992 quiete

277 3012 345 3076 ent
370 3015 479 3078 eerte
519 3033 589 3081 non
621 3017 884 3102 praeoipitete,
916 3016 1037 3084 feteli
1070 3018 1159 3082 ente
1187 3013 1346 3080 initium

276 3113 466 3204 bellorum
488 3120 667 3188 eivilium
688 3125 810 3190 morte
833 3123 964 3189 innoti
984 3126 1083 3188 sunt
1115 3120 1225 3186 Mortis
1247 3137 1345 3203 genus

279 3238 340 3284 uno
363 3220 514 3290 adieetiro
535 3226 652 3294 feteli
681 3229 727 3294 ite
748 3229 911 3308 definitur,
943 3233 979 3295 ut
1000 3247 1124 3314 prorsus
1146 3225 1282 3292 otiosum
1304 3223 1347 3290 eit

279 3471 477 3484 .....-.-..-..,.,,-Ι

307 3617 330 3686 ¹)
348 3619 413 3692 0²1).
431 3628 475 3692 44,
494 3629 511 3684 4
530 3627 602 3682 idem
628 3627 802 3696 coniecerim,
831 3629 902 3699 quod
925 3627 1067 3691 Heinsius,
1094 3627 1147 3680 ine
1174 3629 1259 3678 orbis
1287 3628 1346 3695 (pro

349 3714 403 3769 ius
429 3718 467 3772 ab
495 3719 571 3786 hie).
606 3721 647 3776 De
669 3721 781 3777 eivitnte
802 3722 943 3792 (quoniam
971 3735 1061 3776 omnen
1085 3722 1144 3774 tnm
1163 3717 1230 3773 Iteli
1248 3717 1347 3772 Rome·

349 3821 411 3862 nem
429 3809 575 3884 hebebant)
593 3813 665 3869 nihil
682 3817 817 3870 mutatum
835 3815 885 3870 eet.
928 3812 995 3884 Cep.
1012 3815 1057 3877 47,
1075 3814 1093 3868 3
1111 3813 1190 3866 homo
1208 3825 1263 3865 non
1281 3810 1345 3866 doe·

346 3899 478 3970 wienorne,
506 3905 628 3970 cluens,
658 3922 728 3962 mnne
750 3905 830 3971 vidit,
857 3905 924 3976 quid
948 3921 1012 3961 uene
1038 3903 1167 3976 loquendi
1191 3901 1346 3974 postularet

350 3992 395 4061 (in
424 3997 639 4054 ooereitiono
670 3999 821 4056 ambitur
850 3999 1021 4062 exerenit,
1059 4013 1113 4052 non
1139 3997 1175 4052 in
1215 3995 1346 4051 ooetei·

348 4086 500 4160 tionem).
