2924 4660
271 297 334 362 602
647 297 877 370 numana

226 499 406 566 fatiscat.
454 497 552 564 Scrib.
583 515 700 562 acne
728 499 1015 582 grauitatecct.
1079 498 1186 584 Longe
1206 501 1297 566 alitor

228 606 343 672 dicitur
366 605 471 690 scena
498 604 536 666 de
561 603 612 666 vic
643 603 681 668 de
710 602 893 672 lassitudine
922 623 940 670 e
973 604 1032 670 via·
1052 607 1085 674 ot
1111 609 1183 687 poet
1214 607 1295 672 riam

231 715 384 778 manente.
428 709 543 776 liudem
579 710 682 792 capite
719 711 737 793 ᾗ
782 709 833 784 20,
870 711 923 778 udi
957 711 1074 776 editur:
1120 713 1297 796 quoniam

229 817 400 884 ecilioet
425 817 471 881 in
503 815 683 882 morinus
715 815 983 882 inolescendis
1020 835 1196 904 magnam
1219 819 1298 886 iero
1419 883 1420 894 ,

231 926 379 1008 partem
401 923 611 1007 ingenium
633 921 791 987 altricis
813 925 851 988 et
872 925 1012 990 natura
1033 923 1155 990 lautia
1177 927 1299 1006 tenet,
1420 948 1421 976 r

228 1050 309 1114 quae
342 1030 419 1094 iam
452 1049 471 1093 a
506 1027 700 1112 principio
731 1027 881 1094 imbuta
923 1031 1087 1112 paterni
1129 1030 1300 1098 seminia

230 1135 484 1202 concretione
517 1153 558 1200 or
588 1133 731 1201 matris
765 1135 886 1202 etiam
915 1153 1079 1219 corporo
1106 1140 1143 1202 et
1170 1137 1301 1204 animo

232 1244 426 1308 recentem
458 1241 628 1307 indolem
668 1241 901 1325 configurat.
922 1242 1017 1308 scribi
1040 1243 1162 1325 oportet
1182 1241 1304 1304 imon·
1423 1261 1424 1276 ¹

230 1357 317 1414 tom.
361 1348 481 1414 Natura
512 1347 604 1414 lectio
635 1346 771 1414 indolem
804 1349 970 1420 recentem,
1002 1347 1065 1414 iem
1102 1366 1120 1412 a
1151 1346 1302 1430 principio
1424 1366 1425 1370 ¹

232 1454 355 1537 paterni
389 1453 517 1520 neminie
533 1452 740 1520 ‘omoredone
778 1453 949 1528 imbutam,
992 1473 1028 1520 ex
1059 1455 1169 1520 mairie
1203 1452 1303 1520 etiarn
1425 1470 1426 1490 ¹

230 1578 356 1644 corpore
397 1560 580 1644 configurat,
623 1564 660 1626 ut
689 1559 847 1642 utriusque
889 1561 1025 1643 puertia
1067 1560 1131 1626 rim
1174 1559 1305 1626 condat.
1426 1575 1427 1586 ¹

232 1667 346 1742 Laciiu
373 1666 454 1750 quod
477 1668 577 1732 mator
598 1665 725 1749 praebet
745 1667 857 1732 natura
877 1666 955 1732 nihil
978 1667 1071 1740 hebet
1092 1684 1112 1732 a
1133 1666 1232 1746 panc.

334 1773 395 1851 (De
417 1791 444 1838 c.
468 1771 559 1868 2,(14
583 1771 772 1838 dictum‘eet
793 1773 854 1838 rol.
876 1773 893 1836 Ι
914 1791 945 1855 p.
968 1771 1032 1850 95.)

333 1877 450 1958 lodo,
472 1880 509 1944 7:
533 1879 675 1944 Postea
778 1881 913 1944 exorta
1018 1879 1078 1944 eet
1183 1877 1305 1942 hone-

232 1987 357 2051 statie
386 1984 669 2066 utilitatisque
690 2001 801 2056 ¹vera
830 1984 1117 2066 contemplatio
1139 1983 1305 2050 suntili-
1430 2031 1431 2040 ,

235 2099 354 2175 orqn'e
376 2096 417 2156 et
443 2091 687 2174 exploratior
720 2090 1091 2172 commotorumque
1119 2090 1304 2156 dilectur.

233 2197 396 2280 Copulatio
431 2197 638 2262 membrorum
670 2197 703 2262 et
726 2194 946 2262 adiectirorum
969 2193 1008 2260 ad
1030 2197 1155 2262 nomina
1175 2196 1305 2264 adiunc—¹
1432 2204 1433 2224 ¹

233 2304 279 2369 tio
301 2304 386 2368 recte
408 2305 476 2376 erit,
509 2304 537 2368 ei
567 2303 612 2372 eie
633 2302 821 2368 conformata
848 2303 923 2369 erit:
960 2302 1229 2386 subtiliorque
1265 2303 1305 2367 et
1433 2309 1434 2338 ¹

236 2409 483 2492 exploratior
508 2408 794 2474 commodorum
825 2429 975 2493 qaoque
1005 2408 1190 2474 dilectus.
1242 2409 1307 2474 de·

233 2514 306 2581 dem
328 2533 394 2596 cap.
416 2513 438 2600 ξ
461 2513 501 2580 10
520 2516 552 2580 in
575 2514 730 2580 codicibus
753 2517 785 2578 ct
808 2513 992 2581 editionibus
1015 2515 1177 2582 scribitur:
1213 2515 1304 2579 Huc

235 2639 328 2705 orgo
363 2621 509 2700 (molesta
536 2623 568 2686 et
594 2620 803 2699 incommoda)
834 2620 894 2686 vir
930 2619 1090 2703 sapione
1122 2620 1304 2686 tolerare

236 2730 275 2793 ct
307 2729 484 2794 cunctari
515 2729 661 2809 potest,
701 2745 769 2792 non
814 2726 1027 2792 admittere
1068 2728 1221 2794 omnino
1264 2727 1304 2792 in

237 2852 394 2898 aeneum
417 2833 479 2898 sni
500 2852 572 2898 nou
596 2835 743 2916 poteri.
786 2832 927 2898 Ridicule
947 2834 1133 2898 cunctari
1162 2851 1305 2900 cumrato

236 2941 387 3006 mouetur
420 2940 543 3016 morari,
580 2940 766 3021 exspectare,
801 2938 873 3004 dom
907 2939 1105 3005 incommoda
1124 2939 1305 3022 deeoeriaut

236 3045 327 3112 obliti
346 3045 387 3110 ad
409 3065 477 3112 eam
489 3045 676 3112 senteutiam
687 3044 882 3110 efficiendam
897 3047 1008 3110 saltem
1023 3045 1186 3112 manutivo
1209 3045 1304 3110 uerbo

238 3169 314 3233 opus
348 3167 426 3222 esee,
459 3151 635 3216 cunctari
671 3151 901 3216 intransitivum
935 3169 1020 3229 eese;
1053 3169 1110 3216 nec
1140 3153 1305 3235 quiequam

236 3255 434 3322 incommoda
457 3258 571 3324 morari
603 3275 639 3322 ae
672 3257 815 3334 retinere,
849 3260 884 3322 ut
914 3257 967 3325 diu
988 3257 1068 3340 apud
1089 3275 1125 3323 oe
1146 3261 1306 3330 maneant,

239 3362 323 3428 velit.
360 3361 566 3428 Sorilrmdnm
592 3365 768 3447 perspicue:
794 3363 968 3428 tolerare
989 3367 1027 3428 et
1048 3363 1230 3428 electori.

339 3468 404 3534 lon
428 3469 458 3546 9,
483 3469 516 3534 lc
558 3470 628 3536 Est
655 3469 903 3553 plurifariam
923 3469 1061 3536 videre
1164 3470 1305 3552 plera·

237 3593 311 3658 oue
332 3575 525 3640 vocabule
629 3575 685 3640 ita
718 3575 845 3642 iuieee
877 3574 1007 3642 modia
1026 3577 1065 3642 ot
1083 3577 1306 3642 iucommu-

240 3681 322 3758 nia,
355 3686 398 3747 ut
425 3681 669 3765 significare
796 3683 961 3764 poscent
992 3681 1091 3750 duae
1117 3681 1230 3746 »inter
1263 3697 1305 3746 ee

240 3807 300 3854 reo
333 3789 562 3854 contrarias.
617 3787 643 3852 lt
666 3787 821 3854 codicione
853 3805 951 3870 nuper
976 3789 1143 3852 mirantum
1165 3786 1222 3852 hoo
1243 3786 1305 3850 in·-

240 3894 476 3971 communia,
501 3893 684 3958 Tertulliani
696 3893 881 3960 auctoritate
894 3893 1119 3967 continuatum,
1141 3889 1304 3958 sententiae

241 3997 967 4083 mandeatocoutnarium,cuicoureniobetqnod
978 3997 1302 4073 meuatmconmn-

241 4106 312 4172 uia.
349 4103 506 4172 Sodreote
517 4105 652 4188 autiquae
665 4105 829 4172 editiones:
852 4102 978 4170 media
997 4106 1036 4169 et
1051 4103 1089 4166 ic
1111 4103 1303 4166 communi.
