2918 4652
315 296 376 358 614
685 297 744 352 Lib.
756 297 804 353 [X.
815 295 881 366 Cup.
899 298 920 351 Ι.

271 498 421 580 exemplo,
455 491 541 562 euius
573 494 712 561 ordinem
746 515 950 580 numerosque
981 515 1107 581 sequor,
1140 499 1337 582 Hauptiique,

272 623 347 689 quar
372 605 467 670 ctiam
488 602 629 666 Naborus
652 604 822 674 annotavit,
845 603 1072 681 coniecturis1)

372 729 449 810 Epp.
483 726 522 791 ad
545 727 587 790 M.
611 725 763 791 Caeeurem
784 726 837 790 lib.
859 727 885 802 1,
910 725 930 788 3
951 747 981 810 p.
1006 727 1042 790 7:
1079 727 1253 792 Amorem

270 835 453 918 intelligo
574 834 722 914 impetu
756 833 886 914 potios
920 851 1027 916 qnam
1061 832 1215 896 ratione
1249 851 1338 897 con·

270 944 446 1024 ceptum
479 941 541 1023 qui
574 959 644 1004 nou
676 938 835 1012 officiis,
859 939 958 1003 uti
948 939 1067 1023 ignis,
1101 937 1166 1003 sed
1199 943 1337 1022 sponte

226 1091 228 1096 ,
270 1048 600 1134 ortisvaporibus
635 1046 771 1110 caleat
831 1045 927 1110 Scrib.
948 1044 1112 1125 officiis,
1145 1046 1336 1131 callippia

269 1153 334 1217 sed
358 1154 417 1218 cet.
464 1152 686 1236 Comparantur
709 1153 776 1215 mat
777 1151 846 1214 erim
869 1153 900 1215 ot
920 1151 1079 1218 alimenta.

368 1277 435 1342 Ibd.
479 1294 525 1360 op.
553 1276 588 1337 16
631 1295 660 1358 p.
707 1275 761 1339 17:
808 1275 920 1350 Puto,
963 1277 1086 1339 totum
1130 1276 1335 1359 descripsi.

268 1381 364 1461 Quid
388 1401 475 1465 orgo
497 1379 787 1466 facerentquod
808 1382 931 1446 totum
954 1400 996 1446 ac
1018 1381 1191 1447 mincium
1213 1385 1336 1448 totum

268 1507 436 1553 amarem
468 1487 656 1556 hominem
696 1487 859 1551 bonum?
914 1487 1016 1553 Verba
1052 1488 1096 1553 sic
1130 1490 1337 1554 sanabuntur:

267 1594 364 1674 Quid
387 1614 473 1679 ergo
492 1592 780 1680 facerem,prcin
802 1593 924 1657 totum
948 1594 1190 1668 ammirarcr,
1211 1599 1337 1660 totum

266 1720 430 1765 amarem
451 1701 640 1766 bominem
662 1700 821 1763 bonum?

367 1824 434 1890 Lib.
457 1824 514 1901 ΙΙΙ,
549 1823 588 1885 12
617 1843 646 1906 p.
669 1821 728 1885 49:
761 1822 889 1888 altera
920 1843 1009 1889 vero
1045 1825 1199 1908 (epistola)
1222 1827 1333 1892 tuere

266 1929 439 1995 studium
467 1950 589 1996 meum
623 1928 786 1994 laudent
807 1932 843 1993 te
866 1931 990 1996 Baius.
1012 1929 1048 1994 In
1072 1951 1132 1996 una
1154 1950 1227 1996 voco
1249 1933 1336 1996 adiu-

265 2036 366 2101 vanda
398 2040 446 2101 est
477 2037 561 2101 certa
593 2036 624 2099 et
660 2035 782 2128 egregia
814 2036 944 2118 Hauptii
977 2037 1169 2104 emendatio:
1206 2037 1337 2103 altera

265 2162 353 2207 voro
404 2164 539 2204 arcere
581 2141 750 2206 studium
796 2161 919 2207 meum
969 2143 1083 2207 laude
1127 2142 1334 2207 nitebaris.
1436 2165 1437 2202 r

265 2249 353 2331 (Hpt.
386 2248 515 2336 tucri.)¹
562 2248 630 2330 (Ep.
667 2247 705 2309 12
739 2268 769 2330 p.
796 2247 837 2311 48
870 2249 915 2312 sic
947 2247 1038 2312 verbe
1072 2247 1332 2331 interpungenda:
1436 2299 1437 2317 .

265 2356 313 2446 At
335 2355 433 2419 euim
468 2373 548 2418 cum
581 2353 711 2419 labore
747 2355 922 2438 (perficies).
965 2353 1223 2418 Laboriosum
1247 2353 1333 2436 qui-

263 2461 346 2526 dem
370 2462 565 2545 nogotium
587 2461 827 2543 concupisti,
849 2460 916 2525 sed
938 2463 1030 2534 oet),

365 2586 431 2652 lbd.
456 2584 495 2648 13
517 2604 547 2667 p
572 2585 629 2648 51:
672 2586 758 2650 Haeo
797 2587 881 2650 oret
886 2585 921 2650 io
954 2581 1176 2650 amantibus
1206 2582 1335 2647 decuit
1435 2601 1436 2604 ¹

263 2692 461 2757 etmelior
483 2695 522 2757 et
543 2691 741 2756 salubrior
761 2690 851 2765 fuit
875 2708 993 2754 uon..
1008 2689 1183 2754 ‚sectari
1205 2689 1334 2772 volup-

263 2796 358 2861 tatis
398 2817 553 2862 usurum
584 2797 747 2862 breuem.
805 2796 869 2861 Sor.
904 2795 990 2860 Haeo
1027 2797 1111 2878 orat
1117 2794 1151 2858 io
1185 2795 1334 2856 ornanti

259 2900 349 2984 pluo
370 2903 505 2969 decuit
526 2906 586 2969 cet.
637 2904 684 2968 De
705 2921 767 2966 una
790 2901 904 2966 Fronto
873 2901 1024 2986 tloquit
1024 2921 1061 2966 ur
1083 2873 1195 2983 puella.

363 3026 429 3092 Lib.
452 3026 505 3094 IV.
528 3026 547 3088 6
568 3045 598 3107 p.
622 3025 678 3090 69:
722 3024 819 3104 Quid
852 3045 908 3089 me
941 3044 1080 3090 censes
1107 3023 1333 3107 prendisse?

263 3132 372 3212 panis
395 3133 602 3205 tantulum,
637 3149 717 3196 cum
741 3131 933 3220 cunctim,
970 3150 1092 3214 caepas
1126 3132 1164 3195 et
1192 3141 1333 3194 mvaeuas'

141 3286 144 3290 -
262 3237 359 3302 beno
395 3238 610 3321 praegnates
642 3236 741 3302 alios
786 3239 969 3303 rorantes
1005 3237 1187 3302 viderem.
1247 3237 1331 3302 Fuit:

263 3342 372 3424 penis
396 3342 588 3408 tantulum
611 3361 692 3407 oum
716 3342 867 3419 coorti,
889 3364 969 3404 cum
992 3362 1117 3426 eaepas
1139 3345 1197 3408 cot

364 3465 428 3529 lbd.
464 3466 503 3527 12
539 3485 568 3548 p.
601 3466 655 3528 74:
701 3485 784 3531 cum
820 3465 984 3530 interim
1030 3485 1223 3549 nunquam
1268 3467 1332 3530 tna

290 3830 311 3895 ¹)
329 3831 503 3916 Klossmanni
533 3835 749 3890 emendationum
779 3831 1021 3888 Frontonianamm
1052 3849 1078 3902 p.
1111 3831 1134 3898 1,
1172 3831 1328 3901 Goettingae

296 3984 299 3991 ,
334 3926 399 3979 1871
428 3926 546 3992 editam,
578 3943 633 3980 non
663 3927 728 3982 ridi.
776 3925 806 3979 Si
837 3927 902 3995 quid
930 3927 1017 3996 igitur
1042 3925 1076 3979 ab
1107 3921 1138 3978 eo
1165 3927 1328 3994 preceptum

307 4053 315 4072 .
333 4031 453 4084 posuero,
472 4019 529 4072 eius
548 4019 587 4074 ite
606 4021 664 4074 esto
682 4019 751 4081 leus,
779 4019 811 4072 ut
828 4033 958 4072 consensu
976 4017 1128 4072 coniectura
1146 4017 1328 4072 confirmetur.
