2918 4652
606 281 734 338 lustina.
887 319 891 327 ·
920 239 923 242 Ι
1095 279 1156 344 625

131 480 294 547 utLirius
316 479 566 553 incenatum,
601 477 646 542 ad
675 479 896 547 contionem
919 497 1071 556 vocare,
1095 480 1197 563 ipsum

54 653 60 665 ,
130 585 179 652 ad
202 585 403 652 consilium
425 584 536 661 XLIV,
554 583 594 646 37
617 585 677 651 ext
740 621 742 628 ·

234 691 300 758 lbd.
321 691 351 767 4,
375 690 432 754 21:
466 690 751 772 Parapomison
772 690 871 764 (codd.
893 691 1198 774 Parapamenos)

131 797 254 863 finem
291 796 456 864 Caucasi
488 798 636 862 montis
669 795 858 880 Oxyartes
895 798 1057 880 accepit.
1112 799 1200 866 Nihil
1321 877 1323 882 ,

131 907 238 987 agunt,
249 903 301 986 qui
313 902 350 966 ds
365 903 565 986 Parapomiso
586 901 789 968 Caucasifine
801 904 945 980 narrante
957 902 1021 978 sed,
1033 903 1113 997 qnod
1125 904 1200 971 effe·

13 1035 18 1046 ·
132 1029 236 1076 ceram
258 1009 372 1074 lineola
385 1008 533 1086 detracta,
556 1007 643 1076 rideo
665 1027 732 1074 esse
753 1009 786 1074 in
800 1008 1066 1090 optimoomnium
1079 1009 1199 1078 codice:

131 1113 428 1196 Parapomisioe
442 1115 572 1196 (eiciam
585 1112 1148 1203 aliijfincCanoasi,idestusque
1161 1115 1202 1182 ad

132 1221 320 1304 Caucasum
354 1219 414 1285 vid.
441 1218 590 1288 Schellcr.
621 1240 650 1302 p.
677 1218 1012 1298 assectatores
1037 1221 1200 1299 lacae).
1294 1280 1304 1312 ἵ.

18 1383 20 1390 ,
131 1326 250 1394 Eodem
293 1325 385 1394 modo
419 1324 525 1400 XXX,
568 1326 610 1398 ,4,
653 1325 673 1388 6
708 1325 927 1392 revocandum:
972 1328 1010 1391 et
1052 1345 1201 1394 omnem

133 1432 265 1498 Asiam
289 1429 471 1498 Orientis
492 1431 575 1498 fine
594 1451 615 1498 a
635 1425 907 1496 Macedonibus
925 1432 1200 1513 perdomitam,

133 1537 500 1617 ubieditur·finem.¹)
661 1597 666 1606 .
779 1593 782 1598 .
935 1595 937 1602 ,

234 1642 827 1725 (Dexv,a,8dixiv01.1p.3o.)
863 1632 865 1636 ⁸

112 1825 124 1836 ⁸
157 1825 160 1829 ¹
233 1749 301 1815 Lib.
332 1749 400 1826 XV,
432 1750 463 1826 4,
498 1749 749 1816 Iscribendom:
788 1766 828 1814 ex
850 1747 944 1814 Asia
964 1747 1115 1814 maiore
1136 1750 1199 1812 de-

83 1851 85 1855 '
131 1860 367 1938 grassatore
390 1857 507 1940 dign),
529 1856 565 1920 ut
587 1855 624 1916 21
648 1854 762 1939 legitur
783 1852 1046 1931 descendit.²)

233 1960 301 2027 Lib.
322 1960 425 2036 XXII,
459 1961 487 2036 2,
517 1961 554 2024 6:
598 1960 677 2040 Qua
697 1980 764 2044 epe
786 1961 977 2043 impletus
999 1959 1201 2028 Hamilcar

134 2066 373 2134 societatem
398 2082 482 2132 cnm
504 2086 539 2132 eo
561 2067 757 2152 (Agathocle)
779 2069 885 2134 metu
906 2066 989 2132 eins
1010 2067 1199 2150 potentin

132 2173 269 2256 iungit.
327 2173 522 2255 Ineptiseime
544 2174 614 2255 post
634 2191 738 2238 veram
761 2168 883 2239 cansam
906 2178 1005 2256 (spem
1026 2173 1199 2238 officiorum

133 2279 172 2342 ab
194 2279 365 2362 Agathocle
386 2280 619 2361 promissorum)
643 2279 902 2344 commemoratur
926 2279 1028 2346 metus
1051 2279 1198 2363 potentiae

135 2384 324 2466 Agathoclis,
359 2385 424 2467 quiv
444 2383 529 2454 exsul
549 2385 616 2466 ipae
637 2384 824 2450 Hamilcaris
857 2403 948 2466 opem
969 2385 1198 2468 imploraverat.

127 2489 301 2570 ,Perspicua
336 2490 484 2566 correctio
507 2493 569 2556 est:
606 2491 844 2556 societatem
878 2507 1028 2566 cumeo
1057 2499 1199 2552 arctoo

133 2593 322 2677 potentia
344 2593 488 2678 iungit;
513 2597 545 2660 et
569 2596 625 2660 hoc
643 2594 746 2672 ,voluit
767 2594 909 2659 librarius
931 2595 1042 2660 codicis
1066 2595 1158 2677 lips,
1181 2615 1198 2661 e

136 2717 194 2782 quo
216 2699 366 2780 profertur
387 2701 493 2766 mutu
515 2719 532 2766 e
553 2704 639 2786 pot,
662 2687 808 2784 videoque
825 2699 931 2781 'ipsum
953 2701 984 2768 in
1007 2700 1074 2766 cod.
1097 2700 1202 2783 aliquo·
1240 2709 1243 2715 '

73 2883 77 2892 .
134 2804 274 2870 Mediceo
296 2824 315 2868 a
335 2803 560 2888 Magliabechio
582 2805 736 2887 repertum
760 2808 792 2871 et
813 2806 984 2888 probatum.
1019 2803 1199 2872 Coniectura

134 2912 200 2976 haec
222 2910 355 2976 hominis
378 2911 459 2978 docti
482 2915 539 2986 est,
561 2911 615 2976 sed
638 2909 819 2976 certissima.

163 3247 183 3311 ¹)
203 3243 361 3309 Gemmulie,
379 3259 445 3313 quaa
464 3241 515 3296 vol.
534 3243 547 3296 I
565 3259 592 3312 p.
611 3245 644 3300 69
664 3243 748 3311 posui,
768 3259 799 3298 ex
818 3259 904 3298 errore
923 3243 951 3298 in
969 3243 1061 3298 littera
1079 3264 1100 3296 m
1122 3244 1199 3301 duali

154 3391 157 3398 ,
204 3339 270 3392 ortis
288 3337 351 3392 addi
369 3336 458 3406 plures
476 3337 597 3405 possunt,
616 3335 693 3399 utII,
712 3339 737 3400 6,
756 3339 772 3392 5
790 3333 944 3404 glandem
963 3337 1199 3401 vescentibus,

166 3477 171 3488 .
204 3429 255 3494 ΙΙΙ,
276 3429 298 3493 Ι,
321 3433 332 3484 1
353 3429 443 3486 bello
462 3428 496 3480 in
516 3425 677 3482 Graeciam
696 3427 895 3483 infeliciter
912 3431 1025 3498 gesto,
1056 3428 1154 3494 XXtV,
1173 3434 1197 3492 6,

204 3526 221 3578 8
239 3522 502 3576 admirationem
522 3519 761 3598 stupentibus.
781 3555 784 3563 ,

163 3627 185 3694 ²)
203 3626 263 3682 Lib.
281 3622 390 3690 XVIII,
418 3628 449 3690 4,
479 3629 496 3680 3
524 3624 591 3679 mira
608 3625 743 3696 patientia
763 3625 854 3680 ferunt
876 3623 1001 3688 editores,
1031 3622 1101 3693 quod
1129 3623 1199 3680 Bon·
1269 3675 1273 3683 .

207 3719 311 3788 garsias
329 3735 383 3772 non
402 3718 509 3780 tulerat,
528 3734 583 3772 rex
604 3719 694 3790 'l'yro
713 3717 863 3782 decedit,
888 3732 948 3770 cunr
976 3719 1097 3770 mortuus
1116 3715 1199 3785 signi·

110 3815 115 3826 ¹
204 3809 306 3864 ficetur.
343 3813 432 3880 Atque
450 3811 474 3863 is
492 3810 576 3881 Tyri
594 3811 674 3869 scribi
692 3811 812 3866 volebat.
841 3809 924 3862 Recte
942 3808 991 3862 alii
1010 3824 1105 3863 nomen
1119 3809 1198 3877 regis,

205 3903 391 3980 Pygmalionis
410 3905 437 3956 ct
458 3900 544 3955 Didus
563 3903 661 3970 patris,
691 3918 744 3956 non
763 3901 883 3969 potuisse
903 3900 995 3954 omitti
1014 3900 1200 3956 iudicaverunt

203 3995 284 4066 idque
302 3995 471 4060 addiderunt.
520 3995 572 4049 Sed
602 4010 632 4049 eo
655 3994 748 4050 addito
774 3993 837 4048 tolli
855 3992 939 4063 'lyro
966 3991 1056 4059 debet,
1077 3994 1200 4063 subque

142 4139 143 4144 ,
191 4088 285 4157 latet:
305 4105 358 4144 rex
376 4090 487 4144 Multo
503 4086 647 4142 decedit.
688 4075 691 4080 ’

183 4181 291 4216 nranvrtrn
305 4185 383 4217 Amne.
395 4183 444 4216 Cam.
469 4182 488 4213 ll.
624 4203 625 4208 =
966 4187 999 4230 40
