2924 4660
350 263 412 327 594
721 261 783 319 arn.
793 261 842 318 rx.
854 261 920 362 cap.
930 262 953 318 1.

307 467 504 541 curasset,
539 459 642 526 satis
677 460 897 526 habendum
920 463 1172 535 censuerunt,
1205 463 1290 527 uncis
1313 463 1375 547 sig·

308 573 439 638 nificans
481 569 514 634 in
559 565 714 632 codicibus
751 567 873 632 litteras
915 565 950 632 is
982 586 1041 632 non
1079 583 1162 642 esse,
1206 569 1379 652 superiores

306 681 410 745 autem
461 673 682 758 placandis3
736 673 794 738 uti
844 675 912 750 oet,
966 691 1019 756 per
1061 692 1095 738 se
1142 674 1276 759 intelligi
1322 695 1377 757 po-,

294 789 388 851 ¹terat
430 783 543 848 ialsum
600 797 667 844 esse
719 797 938 862 procurare
985 778 1044 844 dis
1094 780 1300 862 placandis
1346 784 1381 846 et

308 889 472 954 discrimen
504 885 628 970 aliquod
657 884 824 968 significari
856 885 997 959 honoris,
1031 885 1085 968 qni
1123 885 1187 950 lovi
1217 889 1250 951 et
1283 885 1378 952 Marti

305 995 486 1067 haberetur,
539 995 571 1056 et
615 990 699 1065 eius,
753 990 805 1073 qui
847 991 956 1055 ceteris
1000 989 1063 1068 dis;
1117 1009 1197 1056 nuno
1240 1009 1276 1056 er
1322 993 1380 1058 illo

305 1099 561 1186 placantibus
585 1103 651 1180 (pro
673 1113 736 1184 qne
753 1095 784 1159 in
815 1095 902 1162 codd.
936 1097 1066 1172 fortasse
1099 1097 1215 1180 aliquid
1251 1099 1376 1181 propius

307 1206 379 1281 fuit)
422 1205 580 1288 perspicue
623 1203 751 1286 apparet
793 1202 837 1266 sic
871 1201 1063 1268 scribendum
1100 1222 1184 1268 esse:
1230 1204 1377 1270 hostiis

307 1311 525 1376 maioribus
554 1310 638 1375 lovi
673 1310 711 1373 et
744 1309 864 1373 Morti
896 1311 1127 1391 procuraret
1159 1313 1196 1374 et
1224 1311 1378 1374 ceteris

307 1416 371 1481 dia
479 1415 715 1478 laetentibus.
773 1414 812 1476 Ie
832 1416 887 1478 nti
910 1419 1179 1497 procurasset,
1202 1418 1261 1480 cet
1306 1415 1378 1479 Vid.

307 1523 345 1586 ad
368 1522 432 1586 Liu.
455 1521 557 1596 xxu,
588 1522 614 1593 1,
639 1521 688 1584 15.
733 1521 769 1584 ln
791 1523 939 1586 lemmate
961 1521 1069 1602 capitis
1091 1521 1288 1586 scribendum
1312 1525 1376 1586 est:

306 1625 433 1692 Verba
454 1626 600 1692 veteris
621 1628 787 1692 senatus
811 1627 985 1694 consulti
1013 1629 1146 1711 posita
1183 1632 1250 1710 (pro
1287 1627 1377 1701 sila,

219 1749 222 1755 ·
307 1732 387 1816 quod
436 1733 609 1815 superiores
661 1731 729 1796 edd.
779 1734 992 1810 omittebant),
1047 1751 1118 1816 quo
1169 1732 1375 1797 decretum

305 1842 364 1906 est
384 1839 443 1904 cet.
489 1837 679 1922 [Sic·Lion.]

405 1943 470 2008 [bd.
494 1943 523 2019 9,
545 1943 565 2006 9
590 1962 650 2008 non
682 1943 794 2010 lacuna
825 1945 960 2010 notanda
989 1948 1072 2018 erat,
1108 1963 1175 2027 qna
1212 1944 1299 2010 nulla
1320 1947 1378 2019 est,

306 2051 360 2115 sed
382 2049 521 2114 tollenda
542 2050 634 2116 rerba
654 2051 693 2115 ab
717 2050 871 2126 hocloco,
893 2051 945 2114 ubi
968 2049 1006 2114 de
1029 2048 1155 2130 templis
1180 2050 1377 2135 delubrisque

308 2157 421 2240 agitur,
456 2154 647 2220 alienissima
677 2160 708 2220 et
737 2157 775 2220 ad
805 2156 1044 2238 disputationem
1074 2155 1154 2221 inira
1180 2157 1315 2240 positam
1338 2157 1376 2220 de

309 2247 484 2327 discrimine
513 2261 672 2326 verborum
705 2262 737 2326 in
771 2283 839 2325 osce
862 2262 1050 2336 cadentium·
1084 2281 1150 2345 quae
1180 2262 1382 2328 demonibus

310 2368 342 2432 et
361 2367 494 2452 ingeniis
517 2386 586 2432 cum
615 2368 706 2432 laude
728 2371 789 2432 aut·
803 2368 1025 2451 vituperatione
1047 2369 1204 2442 dicuntur,
1234 2372 1379 2452 spectan-

211 2461 218 2476 '
306 2473 370 2552 tia,
404 2491 471 2557 quae
493 2492 529 2538 ex
552 2475 749 2539 annotatione
772 2455 934 2558 marginali
966 2493 1066 2538 errore
1089 2473 1147 2538 bno
1177 2475 1381 2556 irrepserunt.

310 2578 391 2644 Num
425 2579 463 2645 iis
485 2580 631 2645 detractis
660 2581 778 2663 reliqua
799 2582 913 2662 optimc
945 2579 989 2644 sic
1020 2579 1190 2646 cohaerent:
1236 2578 1379 2644 Secun-

308 2685 393 2750 dum
422 2685 680 2751 bauc'Sabini
708 2686 1086 2767 interpretationem
1116 2684 1265 2766 templa
1291 2685 1380 2768 qui·

307 2789 389 2856 dem
414 2809 453 2855 ac
476 2791 653 2865 delubra,
687 2793 774 2875 quia
804 2812 879 2857 non
902 2792 1018 2874 vulgo
1039 2809 1084 2854 ae
1105 2792 1270 2867 temere,
1308 2790 1377 2854 sed

307 2915 389 2960 oum
432 2897 625 2962 castitate
660 2899 957 2981 caerimoniaque
994 2897 1185 2959 adeuntur
1228 2895 1287 2977 (sic
1326 2914 1381 2978 pro

307 3000 541 3079 adeundum,
578 3003 657 3086 quod
694 3005 725 3068 in
763 3003 850 3076 codd.
876 3008 932 3077 esi,
953 3002 1165 3076 scribendum,
1200 3020 1262 3066 non
1284 3002 1377 3066 ade·

306 3106 411 3172 unda
446 3126 504 3172 nec
542 3109 788 3187 adeuntium)
832 3113 869 3186 et
909 3108 1125 3175 reverenda
1166 3110 1204 3172 et
1247 3106 1379 3173 refor-

305 3213 493 3280 midanda
536 3217 627 3282 suut
672 3216 802 3298 magis.
841 3236 953 3299 quam
997 3213 1253 3297 invulgauda,
1309 3214 1378 3280 sod

305 3319 389 3384 dies
432 3320 613 3403 religiosi
649 3321 766 3397 dieti,
811 3339 902 3404 qnos
938 3341 978 3386 er
1017 3320 1216 3385 contraria
1252 3339 1377 3400 causa,

304 3427 626 3507 propter'ominis
649 3426 870 3504 diritatem,
893 3427 1169 3509 relinquimus.
1211 3424 1257 3489 lix
1279 3425 1377 3490 reli-

213 3523 216 3530 ’
305 3529 405 3614 giosi
427 3531 530 3596 dicti
564 3533 603 3597 ad
635 3533 719 3615 prius
749 3536 924 3600 membrum
957 3535 1083 3616 apparet
1118 3529 1199 3596 sumi
1231 3529 1378 3614 religiosa

306 3623 396 3724 dieto.¹
441 3637 588 3703 Extrema
621 3639 729 3724 capitis
764 3657 835 3720 pars
868 3639 912 3704 sio
945 3635 1189 3720 interpungende
1211 3639 1273 3700 est:
1320 3637 1375 3700 An

303 3741 535 3824 propterea,
572 3744 771 3828 quiaillis
806 3743 975 3828 quidem,
1009 3762 1088 3826 quae
1111 3741 1374 3824 supraposui,

303 3847 551 3914 adhibendus
574 3854 634 3915 est
656 3850 790 3916 modus
812 3849 969 3933 quidam
998 3847 1255 3922 necessarius
1278 3863 1374 3920 lnam

304 3955 343 4016 et
362 3955 508 4035 gratia,
545 3958 576 4020 si
610 3955 731 4020 nimia
762 3959 877 4038 atque
906 3954 1134 4028 immodica,
1166 3957 1204 4018 et
1233 3971 1373 4024 mores,

292 4057 344 4120 si-
372 4105 438 4134 ...,
475 4062 511 4124 et
542 4061 670 4137 verba,
707 4061 741 4124 si
779 4107 844 4137 ..,‚
870 4065 909 4126 et
941 4062 1056 4138 fama,
1093 4060 1124 4126 si
1157 4077 1298 4143 magna
1333 4062 1373 4123 et
1440 4063 1441 4135 l
