<?xml version="1.0" encoding="UTF-8"?>
<!DOCTYPE html PUBLIC "-//W3C//DTD XHTML 1.0 Transitional//EN"
    "http://www.w3.org/TR/xhtml1/DTD/xhtml1-transitional.dtd">
<html xmlns="http://www.w3.org/1999/xhtml" xml:lang="en" lang="en">
 <head>
  <title>
</title>
<meta http-equiv="Content-Type" content="text/html;charset=utf-8" />
  <meta name='ocr-system' content='tesseract 3.04.00' />
  <meta name='ocr-capabilities' content='ocr_page ocr_carea ocr_par ocr_line ocrx_word'/>
</head>
<body>
  <div class='ocr_page' id='page_1' title='image "./adversariacriti03madvgoog/adversariacriti03madvgoog_0072.png"; bbox 0 0 2938 4630; ppageno 0'>
   <div class='ocr_carea' id='block_1_1' title="bbox 627 279 1182 344">
    <p class='ocr_par' dir='ltr' id='par_1_1' title="bbox 627 279 1182 344">
     <span class='ocr_line' id='line_1_1' title="bbox 627 279 1182 344; baseline -0.002 -8"><span class='ocrx_word' id='word_1_1' title='bbox 627 279 766 337; x_wconf 79' lang='lat' dir='ltr'><strong>Horatius.</strong></span> <span class='ocrx_word' id='word_1_2' title='bbox 1141 281 1182 344; x_wconf 77' lang='lat'><strong>59</strong></span> 
     </span>
    </p>
   </div>
   <div class='ocr_carea' id='block_1_2' title="bbox 157 477 1224 560">
    <p class='ocr_par' dir='ltr' id='par_1_2' title="bbox 157 477 1224 560">
     <span class='ocr_line' id='line_1_2' title="bbox 157 477 1224 560; baseline -0.002 -16"><span class='ocrx_word' id='word_1_3' title='bbox 157 479 251 544; x_wconf 78' lang='lat' dir='ltr'><strong>adiun</strong></span> <span class='ocrx_word' id='word_1_4' title='bbox 269 479 313 544; x_wconf 81' lang='lat' dir='ltr'><strong>to.</strong></span> <span class='ocrx_word' id='word_1_5' title='bbox 371 479 490 544; x_wconf 87' lang='lat' dir='ltr'><strong>Omitto</strong></span> <span class='ocrx_word' id='word_1_6' title='bbox 512 478 581 542; x_wconf 84' lang='lat' dir='ltr'><strong>alia.</strong></span> <span class='ocrx_word' id='word_1_7' title='bbox 636 479 749 544; x_wconf 74' lang='lat' dir='ltr'><strong>Videat</strong></span> <span class='ocrx_word' id='word_1_8' title='bbox 786 479 864 544; x_wconf 89' lang='lat' dir='ltr'><strong>mihi</strong></span> <span class='ocrx_word' id='word_1_9' title='bbox 885 497 968 542; x_wconf 84' lang='lat' dir='ltr'><strong>nuno</strong></span> <span class='ocrx_word' id='word_1_10' title='bbox 986 477 1107 560; x_wconf 83' lang='lat' dir='ltr'><strong>aliquia,</strong></span> <span class='ocrx_word' id='word_1_11' title='bbox 1132 495 1224 560; x_wconf 84' lang='lat' dir='ltr'><strong>qnam</strong></span> 
     </span>
    </p>
   </div>
   <div class='ocr_carea' id='block_1_3' title="bbox 48 581 1225 674">
    <p class='ocr_par' dir='ltr' id='par_1_3' title="bbox 48 581 1225 674">
     <span class='ocr_line' id='line_1_3' title="bbox 48 581 1225 674; baseline -0.005 -22"><span class='ocrx_word' id='word_1_12' title='bbox 48 671 50 674; x_wconf 15' lang='grc' dir='ltr'>Ι</span> <span class='ocrx_word' id='word_1_13' title='bbox 157 587 265 651; x_wconf 81' lang='lat' dir='ltr'><strong>omnia</strong></span> <span class='ocrx_word' id='word_1_14' title='bbox 282 583 373 650; x_wconf 85' lang='lat' dir='ltr'><strong>facile</strong></span> <span class='ocrx_word' id='word_1_15' title='bbox 395 585 603 666; x_wconf 76' lang='lat' dir='ltr'><strong>expediantur.</strong></span> <span class='ocrx_word' id='word_1_16' title='bbox 657 585 815 663; x_wconf 79' lang='lat' dir='ltr'>Horatius,</span> <span class='ocrx_word' id='word_1_17' title='bbox 838 585 985 668; x_wconf 76' lang='lat' dir='ltr'><strong>exposito,</strong></span> <span class='ocrx_word' id='word_1_18' title='bbox 1007 601 1100 666; x_wconf 79' lang='lat' dir='ltr'><strong>qoam</strong></span> <span class='ocrx_word' id='word_1_19' title='bbox 1120 582 1154 648; x_wconf 87' lang='lat' dir='ltr'><strong>iu</strong></span> <span class='ocrx_word' id='word_1_20' title='bbox 1175 581 1225 646; x_wconf 90' lang='lat' dir='ltr'><strong>in·</strong></span> 
     </span>
    </p>
   </div>
   <div class='ocr_carea' id='block_1_4' title="bbox 151 688 1228 3728">
    <p class='ocr_par' dir='ltr' id='par_1_4' title="bbox 151 688 1228 3728">
     <span class='ocr_line' id='line_1_4' title="bbox 156 688 1224 775; baseline -0.005 -18"><span class='ocrx_word' id='word_1_21' title='bbox 156 692 281 757; x_wconf 81' lang='lat' dir='ltr'><strong>felicem</strong></span> <span class='ocrx_word' id='word_1_22' title='bbox 314 691 431 755; x_wconf 83' lang='lat' dir='ltr'><strong>statum</strong></span> <span class='ocrx_word' id='word_1_23' title='bbox 463 691 636 772; x_wconf 87' lang='lat' dir='ltr'><strong>respublioa</strong></span> <span class='ocrx_word' id='word_1_24' title='bbox 666 692 853 775; x_wconf 81' lang='lat' dir='ltr'><strong>populusque</strong></span> <span class='ocrx_word' id='word_1_25' title='bbox 890 693 1048 756; x_wconf 87' lang='lat' dir='ltr'><strong>Romanus</strong></span> <span class='ocrx_word' id='word_1_26' title='bbox 1080 688 1224 754; x_wconf 82' lang='lat' dir='ltr'><strong>redactus</strong></span> 
     </span>
     <span class='ocr_line' id='line_1_5' title="bbox 158 795 1132 880; baseline -0.004 -18"><span class='ocrx_word' id='word_1_27' title='bbox 158 798 211 876; x_wconf 83' lang='lat' dir='ltr'><strong>sit,</strong></span> <span class='ocrx_word' id='word_1_28' title='bbox 236 797 382 880; x_wconf 84' lang='lat' dir='ltr'><strong>primum,</strong></span> <span class='ocrx_word' id='word_1_29' title='bbox 403 799 439 860; x_wconf 91' lang='lat' dir='ltr'><strong>ut</strong></span> <span class='ocrx_word' id='word_1_30' title='bbox 462 815 495 862; x_wconf 88' lang='lat' dir='ltr'><strong>se</strong></span> <span class='ocrx_word' id='word_1_31' title='bbox 519 795 601 862; x_wconf 83' lang='lat' dir='ltr'><strong>eivea</strong></span> <span class='ocrx_word' id='word_1_32' title='bbox 624 815 639 861; x_wconf 92' lang='lat' dir='ltr'><strong>e</strong></span> <span class='ocrx_word' id='word_1_33' title='bbox 661 797 762 871; x_wconf 85' lang='lat' dir='ltr'><strong>maiia,</strong></span> <span class='ocrx_word' id='word_1_34' title='bbox 784 796 922 879; x_wconf 77' lang='lat' dir='ltr'>eripiant,</span> <span class='ocrx_word' id='word_1_35' title='bbox 940 795 1132 860; x_wconf 74' lang='lat' dir='ltr'><strong>exhortatur:</strong></span> 
     </span>
     <span class='ocr_line' id='line_1_6' title="bbox 493 903 854 986; baseline -0.003 -20"><span class='ocrx_word' id='word_1_36' title='bbox 493 903 582 966; x_wconf 75' lang='lat' dir='ltr'><strong>rorte</strong></span> <span class='ocrx_word' id='word_1_37' title='bbox 604 903 676 985; x_wconf 89' lang='lat' dir='ltr'><strong>quid</strong></span> <span class='ocrx_word' id='word_1_38' title='bbox 700 903 854 986; x_wconf 81' lang='lat' dir='ltr'><strong>expediat!</strong></span> 
     </span>
     <span class='ocr_line' id='line_1_7' title="bbox 156 1004 1226 1090; baseline -0.005 -18"><span class='ocrx_word' id='word_1_39' title='bbox 156 1009 215 1073; x_wconf 89' lang='lat' dir='ltr'><strong>hoo</strong></span> <span class='ocrx_word' id='word_1_40' title='bbox 239 1010 306 1080; x_wconf 82' lang='lat' dir='ltr'><strong>eat,</strong></span> <span class='ocrx_word' id='word_1_41' title='bbox 328 1007 404 1071; x_wconf 89' lang='lat' dir='ltr'><strong>forte</strong></span> <span class='ocrx_word' id='word_1_42' title='bbox 427 1009 548 1090; x_wconf 78' lang='lat' dir='ltr'><strong>aliquod</strong></span> <span class='ocrx_word' id='word_1_43' title='bbox 581 1009 763 1074; x_wconf 85' lang='lat' dir='ltr'><strong>remedium.</strong></span> <span class='ocrx_word' id='word_1_44' title='bbox 807 1005 923 1071; x_wconf 79' lang='lat' dir='ltr'><strong>Deinde</strong></span> <span class='ocrx_word' id='word_1_45' title='bbox 947 1007 1066 1089; x_wconf 79' lang='lat' dir='ltr'><strong>quaerit,</strong></span> <span class='ocrx_word' id='word_1_46' title='bbox 1088 1004 1226 1070; x_wconf 86' lang='lat' dir='ltr'><strong>velintno</strong></span> 
     </span>
     <span class='ocr_line' id='line_1_8' title="bbox 158 1108 1224 1200; baseline -0.005 -23"><span class='ocrx_word' id='word_1_47' title='bbox 158 1115 213 1178; x_wconf 85' lang='lat' dir='ltr'><strong>out</strong></span> <span class='ocrx_word' id='word_1_48' title='bbox 244 1128 353 1177; x_wconf 76' lang='lat' dir='ltr'><strong>omnes</strong></span> <span class='ocrx_word' id='word_1_49' title='bbox 385 1114 440 1176; x_wconf 86' lang='lat' dir='ltr'><strong>aut</strong></span> <span class='ocrx_word' id='word_1_50' title='bbox 468 1114 578 1178; x_wconf 80' lang='lat' dir='ltr'><strong>saltem</strong></span> <span class='ocrx_word' id='word_1_51' title='bbox 612 1114 751 1200; x_wconf 82' lang='lat' dir='ltr'><strong>meliores</strong></span> <span class='ocrx_word' id='word_1_52' title='bbox 783 1113 861 1178; x_wconf 86' lang='lat' dir='ltr'><strong>salvi</strong></span> <span class='ocrx_word' id='word_1_53' title='bbox 883 1129 960 1189; x_wconf 82' lang='lat' dir='ltr'><strong>esso,</strong></span> <span class='ocrx_word' id='word_1_54' title='bbox 993 1113 1025 1175; x_wconf 87' lang='lat' dir='ltr'><strong>ot</strong></span> <span class='ocrx_word' id='word_1_55' title='bbox 1060 1108 1224 1176; x_wconf 79' lang='lat' dir='ltr'><strong>eonsilium</strong></span> 
     </span>
     <span class='ocr_line' id='line_1_9' title="bbox 156 1217 1021 1304; baseline -0.002 -22"><span class='ocrx_word' id='word_1_56' title='bbox 156 1217 313 1300; x_wconf 83' lang='lat' dir='ltr'><strong>promittit</strong></span> <span class='ocrx_word' id='word_1_57' title='bbox 334 1219 445 1293; x_wconf 85' lang='lat' dir='ltr'><strong>(itaut</strong></span> <span class='ocrx_word' id='word_1_58' title='bbox 463 1219 661 1304; x_wconf 81' lang='lat' dir='ltr'><strong>interrogatio</strong></span> <span class='ocrx_word' id='word_1_59' title='bbox 683 1237 737 1300; x_wconf 82' lang='lat' dir='ltr'><strong>pro</strong></span> <span class='ocrx_word' id='word_1_60' title='bbox 759 1219 929 1284; x_wconf 82' lang='lat' dir='ltr'><strong>eonditiouo</strong></span> <span class='ocrx_word' id='word_1_61' title='bbox 952 1218 1021 1294; x_wconf 82' lang='lat' dir='ltr'><strong>ait):</strong></span> 
     </span>
     <span class='ocr_line' id='line_1_10' title="bbox 521 1321 1023 1406; baseline -0.002 -17"><span class='ocrx_word' id='word_1_62' title='bbox 521 1325 731 1389; x_wconf 70' lang='lat' dir='ltr'><strong>communiter</strong></span> <span class='ocrx_word' id='word_1_63' title='bbox 749 1331 802 1388; x_wconf 89' lang='lat' dir='ltr'><strong>aut</strong></span> <span class='ocrx_word' id='word_1_64' title='bbox 823 1321 932 1388; x_wconf 86' lang='lat' dir='ltr'><strong>melior</strong></span> <span class='ocrx_word' id='word_1_65' title='bbox 951 1342 1023 1406; x_wconf 85' lang='lat' dir='ltr'><strong>pars</strong></span> 
     </span>
     <span class='ocr_line' id='line_1_11' title="bbox 395 1429 981 1513; baseline 0.002 -21"><span class='ocrx_word' id='word_1_66' title='bbox 395 1429 486 1494; x_wconf 85' lang='lat' dir='ltr'><strong>malis</strong></span> <span class='ocrx_word' id='word_1_67' title='bbox 516 1448 620 1496; x_wconf 81' lang='lat' dir='ltr'><strong>carere</strong></span> <span class='ocrx_word' id='word_1_68' title='bbox 643 1430 779 1513; x_wconf 73' lang='lat' dir='ltr'><strong>quaeritis</strong></span> <span class='ocrx_word' id='word_1_69' title='bbox 801 1431 981 1495; x_wconf 80' lang='lat' dir='ltr'><strong>laboribus?</strong></span> 
     </span>
     <span class='ocr_line' id='line_1_12' title="bbox 393 1536 940 1619; baseline -0.002 -19"><span class='ocrx_word' id='word_1_70' title='bbox 393 1536 488 1600; x_wconf 86' lang='lat' dir='ltr'><strong>Nulla</strong></span> <span class='ocrx_word' id='word_1_71' title='bbox 507 1538 550 1602; x_wconf 50' lang='lat' dir='ltr'><strong>¹sit</strong></span> <span class='ocrx_word' id='word_1_72' title='bbox 571 1537 629 1600; x_wconf 84' lang='lat' dir='ltr'><strong>huo</strong></span> <span class='ocrx_word' id='word_1_73' title='bbox 649 1536 748 1619; x_wconf 87' lang='lat' dir='ltr'><strong>potior</strong></span> <span class='ocrx_word' id='word_1_74' title='bbox 769 1537 940 1601; x_wconf 81' lang='lat' dir='ltr'><strong>sententia:</strong></span> 
     </span>
     <span class='ocr_line' id='line_1_13' title="bbox 164 1636 1227 1726; baseline -0.008 -21"><span class='ocrx_word' id='word_1_75' title='bbox 164 1636 233 1719; x_wconf 79' lang='lat' dir='ltr'><strong>(Cir.</strong></span> <span class='ocrx_word' id='word_1_76' title='bbox 256 1639 314 1705; x_wconf 87' lang='lat' dir='ltr'><strong>Od.</strong></span> <span class='ocrx_word' id='word_1_77' title='bbox 337 1642 362 1714; x_wconf 88' lang='lat' dir='ltr'><strong>I,</strong></span> <span class='ocrx_word' id='word_1_78' title='bbox 396 1641 446 1719; x_wconf 79' lang='lat'><strong>27,</strong></span> <span class='ocrx_word' id='word_1_79' title='bbox 480 1643 514 1704; x_wconf 75' lang='lat'><strong>9:</strong></span> <span class='ocrx_word' id='word_1_80' title='bbox 557 1640 654 1704; x_wconf 78' lang='lat' dir='ltr'><strong>Voltis</strong></span> <span class='ocrx_word' id='word_1_81' title='bbox 681 1643 775 1704; x_wconf 70' lang='lat' dir='ltr'><strong>seam</strong></span> <span class='ocrx_word' id='word_1_82' title='bbox 796 1663 844 1704; x_wconf 86' lang='lat' dir='ltr'><strong>me</strong></span> <span class='ocrx_word' id='word_1_83' title='bbox 865 1661 983 1726; x_wconf 75' lang='lat' dir='ltr'><strong>quoque</strong></span> <span class='ocrx_word' id='word_1_84' title='bbox 1003 1658 1120 1702; x_wconf 79' lang='lat' dir='ltr'><strong>ramere</strong></span> <span class='ocrx_word' id='word_1_85' title='bbox 1148 1655 1227 1720; x_wconf 81' lang='lat' dir='ltr'><strong>por-</strong></span> 
     </span>
     <span class='ocr_line' id='line_1_14' title="bbox 161 1741 1079 1831; baseline 0.002 -23"><span class='ocrx_word' id='word_1_86' title='bbox 161 1757 215 1809; x_wconf 80' lang='lat' dir='ltr'><strong>tem</strong></span> <span class='ocrx_word' id='word_1_87' title='bbox 237 1741 388 1808; x_wconf 72' lang='lat' dir='ltr'><strong>Falerni?</strong></span> <span class='ocrx_word' id='word_1_88' title='bbox 431 1746 530 1808; x_wconf 78' lang='lat' dir='ltr'><strong>Dicat</strong></span> <span class='ocrx_word' id='word_1_89' title='bbox 558 1747 698 1831; x_wconf 65' lang='lat' dir='ltr'><strong>Opaotoe</strong></span> <span class='ocrx_word' id='word_1_90' title='bbox 712 1747 815 1830; x_wconf 76' lang='lat' dir='ltr'><strong>frater</strong></span> <span class='ocrx_word' id='word_1_91' title='bbox 836 1745 980 1831; x_wconf 70' lang='lat' dir='ltr'><strong>rideyr&#39;ltoe,</strong></span> <span class='ocrx_word' id='word_1_92' title='bbox 1005 1745 1079 1826; x_wconf 85' lang='lat' dir='ltr'><strong>oet.)</strong></span> 
     </span>
     <span class='ocr_line' id='line_1_15' title="bbox 257 1847 1226 1936; baseline -0.006 -19"><span class='ocrx_word' id='word_1_93' title='bbox 257 1855 327 1917; x_wconf 85' lang='lat' dir='ltr'><strong>Iam</strong></span> <span class='ocrx_word' id='word_1_94' title='bbox 351 1853 453 1936; x_wconf 87' lang='lat' dir='ltr'><strong>ipsum</strong></span> <span class='ocrx_word' id='word_1_95' title='bbox 475 1853 623 1936; x_wconf 80' lang='lat' dir='ltr'><strong>sequitur,</strong></span> <span class='ocrx_word' id='word_1_96' title='bbox 662 1853 741 1936; x_wconf 84' lang='lat' dir='ltr'><strong>quod</strong></span> <span class='ocrx_word' id='word_1_97' title='bbox 763 1851 820 1916; x_wconf 79' lang='lat' dir='ltr'><strong>too</strong></span> <span class='ocrx_word' id='word_1_98' title='bbox 855 1852 1035 1936; x_wconf 83' lang='lat' dir='ltr'><strong>(sententia)</strong></span> <span class='ocrx_word' id='word_1_99' title='bbox 1068 1847 1226 1934; x_wconf 83' lang='lat' dir='ltr'><strong>signifiea-</strong></span> 
     </span>
     <span class='ocr_line' id='line_1_16' title="bbox 154 1960 525 2034; baseline 0 -10"><span class='ocrx_word' id='word_1_100' title='bbox 154 1961 222 2024; x_wconf 89' lang='lat' dir='ltr'><strong>tum</strong></span> <span class='ocrx_word' id='word_1_101' title='bbox 247 1962 324 2034; x_wconf 88' lang='lat' dir='ltr'><strong>erat,</strong></span> <span class='ocrx_word' id='word_1_102' title='bbox 348 1960 525 2024; x_wconf 78' lang='lat' dir='ltr'><strong>eonsilium:</strong></span> 
     </span>
     <span class='ocr_line' id='line_1_17' title="bbox 824 2064 1024 2129; baseline -0.005 -1"><span class='ocrx_word' id='word_1_103' title='bbox 824 2064 1024 2129; x_wconf 84' lang='lat' dir='ltr'><strong>Phooaeorum</strong></span> 
     </span>
     <span class='ocr_line' id='line_1_18' title="bbox 359 2170 910 2254; baseline 0 -20"><span class='ocrx_word' id='word_1_104' title='bbox 359 2170 447 2234; x_wconf 85' lang='lat' dir='ltr'><strong>uolut</strong></span> <span class='ocrx_word' id='word_1_105' title='bbox 466 2170 601 2254; x_wconf 78' lang='lat' dir='ltr'><strong>profugit</strong></span> <span class='ocrx_word' id='word_1_106' title='bbox 623 2173 780 2236; x_wconf 80' lang='lat' dir='ltr'><strong>exsecrata</strong></span> <span class='ocrx_word' id='word_1_107' title='bbox 802 2171 910 2235; x_wconf 78' lang='lat' dir='ltr'><strong>ciuitas</strong></span> 
     </span>
     <span class='ocr_line' id='line_1_19' title="bbox 292 2272 1081 2360; baseline -0.004 -21"><span class='ocrx_word' id='word_1_108' title='bbox 292 2281 384 2358; x_wconf 81' lang='lat' dir='ltr'><strong>agios</strong></span> <span class='ocrx_word' id='word_1_109' title='bbox 406 2278 498 2360; x_wconf 87' lang='lat' dir='ltr'><strong>atque</strong></span> <span class='ocrx_word' id='word_1_110' title='bbox 519 2278 600 2342; x_wconf 83' lang='lat' dir='ltr'><strong>lares</strong></span> <span class='ocrx_word' id='word_1_111' title='bbox 623 2275 738 2359; x_wconf 87' lang='lat' dir='ltr'><strong>patrios</strong></span> <span class='ocrx_word' id='word_1_112' title='bbox 759 2275 988 2358; x_wconf 77' lang='lat' dir='ltr'><strong>habitandaque</strong></span> <span class='ocrx_word' id='word_1_113' title='bbox 1009 2272 1081 2337; x_wconf 84' lang='lat' dir='ltr'><strong>fana</strong></span> 
     </span>
     <span class='ocr_line' id='line_1_20' title="bbox 360 2381 943 2465; baseline -0.002 -21"><span class='ocrx_word' id='word_1_114' title='bbox 360 2382 441 2463; x_wconf 82' lang='lat' dir='ltr'><strong>apris</strong></span> <span class='ocrx_word' id='word_1_115' title='bbox 472 2383 597 2465; x_wconf 87' lang='lat' dir='ltr'><strong>reliquit</strong></span> <span class='ocrx_word' id='word_1_116' title='bbox 618 2383 649 2446; x_wconf 92' lang='lat' dir='ltr'><strong>et</strong></span> <span class='ocrx_word' id='word_1_117' title='bbox 670 2381 831 2464; x_wconf 84' lang='lat' dir='ltr'><strong>rapaoibua</strong></span> <span class='ocrx_word' id='word_1_118' title='bbox 853 2381 943 2463; x_wconf 83' lang='lat' dir='ltr'><strong>lupis,</strong></span> 
     </span>
     <span class='ocr_line' id='line_1_21' title="bbox 292 2483 1223 2571; baseline 0 -26"><span class='ocrx_word' id='word_1_119' title='bbox 292 2486 340 2560; x_wconf 80' lang='lat' dir='ltr'><strong>ite,</strong></span> <span class='ocrx_word' id='word_1_120' title='bbox 363 2486 455 2569; x_wconf 84' lang='lat' dir='ltr'><strong>podes</strong></span> <span class='ocrx_word' id='word_1_121' title='bbox 468 2505 645 2570; x_wconf 85' lang='lat' dir='ltr'><strong>quoeunque</strong></span> <span class='ocrx_word' id='word_1_122' title='bbox 658 2488 766 2561; x_wconf 78' lang='lat' dir='ltr'><strong>ferent,</strong></span> <span class='ocrx_word' id='word_1_123' title='bbox 777 2504 955 2571; x_wconf 86' lang='lat' dir='ltr'><strong>quocunque</strong></span> <span class='ocrx_word' id='word_1_124' title='bbox 970 2503 1024 2568; x_wconf 86' lang='lat' dir='ltr'><strong>per</strong></span> <span class='ocrx_word' id='word_1_125' title='bbox 1038 2483 1147 2556; x_wconf 84' lang='lat' dir='ltr'><strong>undas,</strong></span> <span class='ocrx_word' id='word_1_126' title='bbox 1162 2483 1223 2546; x_wconf 75' lang='lat' dir='ltr'><strong>oet.</strong></span> 
     </span>
     <span class='ocr_line' id='line_1_22' title="bbox 151 2591 942 2676; baseline -0.005 -20"><span class='ocrx_word' id='word_1_127' title='bbox 151 2591 257 2658; x_wconf 82' lang='lat' dir='ltr'><strong>Unam</strong></span> <span class='ocrx_word' id='word_1_128' title='bbox 282 2591 421 2656; x_wconf 84' lang='lat' dir='ltr'><strong>litteram</strong></span> <span class='ocrx_word' id='word_1_129' title='bbox 444 2593 571 2669; x_wconf 72' lang='lat' dir='ltr'><strong>mutavi,</strong></span> <span class='ocrx_word' id='word_1_130' title='bbox 594 2595 633 2654; x_wconf 74' lang='lat' dir='ltr'><strong>ite</strong></span> <span class='ocrx_word' id='word_1_131' title='bbox 652 2611 707 2676; x_wconf 87' lang='lat' dir='ltr'><strong>pro</strong></span> <span class='ocrx_word' id='word_1_132' title='bbox 729 2594 774 2654; x_wconf 82' lang='lat' dir='ltr'><strong>iro</strong></span> <span class='ocrx_word' id='word_1_133' title='bbox 795 2596 830 2658; x_wconf 91' lang='lat' dir='ltr'><strong>ut</strong></span> <span class='ocrx_word' id='word_1_134' title='bbox 853 2594 942 2657; x_wconf 79' lang='lat' dir='ltr'><strong>esset.</strong></span> 
     </span>
     <span class='ocr_line' id='line_1_23' title="bbox 258 2693 1226 2776; baseline -0.006 -15"><span class='ocrx_word' id='word_1_135' title='bbox 258 2695 327 2761; x_wconf 85' lang='lat' dir='ltr'><strong>Sat.</strong></span> <span class='ocrx_word' id='word_1_136' title='bbox 349 2698 374 2772; x_wconf 91' lang='grc' dir='ltr'><strong>Ι,</strong></span> <span class='ocrx_word' id='word_1_137' title='bbox 397 2698 427 2776; x_wconf 81' lang='grc'><strong>3,</strong></span> <span class='ocrx_word' id='word_1_138' title='bbox 450 2700 499 2762; x_wconf 80' lang='grc'><strong>71.</strong></span> <span class='ocrx_word' id='word_1_139' title='bbox 559 2697 664 2763; x_wconf 80' lang='lat' dir='ltr'><strong>Oratio</strong></span> <span class='ocrx_word' id='word_1_140' title='bbox 691 2699 753 2763; x_wconf 82' lang='lat' dir='ltr'><strong>sero</strong></span> <span class='ocrx_word' id='word_1_141' title='bbox 780 2714 841 2763; x_wconf 88' lang='lat' dir='ltr'><strong>non</strong></span> <span class='ocrx_word' id='word_1_142' title='bbox 871 2699 955 2762; x_wconf 86' lang='lat' dir='ltr'><strong>reete</strong></span> <span class='ocrx_word' id='word_1_143' title='bbox 977 2695 1138 2768; x_wconf 69' lang='lat' dir='ltr'><strong>diuidiiun</strong></span> <span class='ocrx_word' id='word_1_144' title='bbox 1176 2693 1226 2757; x_wconf 83' lang='lat' dir='ltr'><strong>est</strong></span> 
     </span>
     <span class='ocr_line' id='line_1_24' title="bbox 159 2801 843 2887; baseline 0.004 -21"><span class='ocrx_word' id='word_1_145' title='bbox 159 2803 239 2867; x_wconf 80' lang='lat' dir='ltr'><strong>onim</strong></span> <span class='ocrx_word' id='word_1_146' title='bbox 263 2802 305 2867; x_wconf 86' lang='lat' dir='ltr'><strong>ad</strong></span> <span class='ocrx_word' id='word_1_147' title='bbox 332 2801 412 2867; x_wconf 89' lang='lat' dir='ltr'><strong>huno</strong></span> <span class='ocrx_word' id='word_1_148' title='bbox 436 2804 562 2869; x_wconf 86' lang='lat' dir='ltr'><strong>modum</strong></span> <span class='ocrx_word' id='word_1_149' title='bbox 584 2804 843 2887; x_wconf 83' lang='lat' dir='ltr'><strong>interpungenda:</strong></span> 
     </span>
     <span class='ocr_line' id='line_1_25' title="bbox 546 2908 1088 2992; baseline -0.007 -18"><span class='ocrx_word' id='word_1_150' title='bbox 546 2911 675 2974; x_wconf 83' lang='lat' dir='ltr'><strong>Amioua</strong></span> <span class='ocrx_word' id='word_1_151' title='bbox 698 2909 806 2987; x_wconf 78' lang='lat' dir='ltr'><strong>duleis,</strong></span> <span class='ocrx_word' id='word_1_152' title='bbox 828 2912 863 2974; x_wconf 90' lang='lat' dir='ltr'><strong>ut</strong></span> <span class='ocrx_word' id='word_1_153' title='bbox 885 2925 1005 2992; x_wconf 81' lang='lat' dir='ltr'><strong>aequum</strong></span> <span class='ocrx_word' id='word_1_154' title='bbox 1030 2908 1088 2979; x_wconf 81' lang='lat' dir='ltr'><strong>est,</strong></span> 
     </span>
     <span class='ocr_line' id='line_1_26' title="bbox 244 3014 1102 3100; baseline 0.001 -24"><span class='ocrx_word' id='word_1_155' title='bbox 244 3031 317 3077; x_wconf 87' lang='lat' dir='ltr'><strong>oum</strong></span> <span class='ocrx_word' id='word_1_156' title='bbox 338 3028 409 3078; x_wconf 83' lang='lat' dir='ltr'><strong>mea</strong></span> <span class='ocrx_word' id='word_1_157' title='bbox 431 3019 610 3098; x_wconf 80' lang='lat' dir='ltr'><strong>oompeueet</strong></span> <span class='ocrx_word' id='word_1_158' title='bbox 630 3015 715 3082; x_wconf 87' lang='lat' dir='ltr'><strong>vitiis</strong></span> <span class='ocrx_word' id='word_1_159' title='bbox 736 3017 829 3093; x_wconf 68' lang='lat' dir='ltr'><strong>bona:</strong></span> <span class='ocrx_word' id='word_1_160' title='bbox 849 3017 987 3100; x_wconf 77' lang='lat' dir='ltr'><strong>pluribus</strong></span> <span class='ocrx_word' id='word_1_161' title='bbox 1009 3014 1102 3088; x_wconf 81' lang='lat' dir='ltr'><strong>hisae,</strong></span> 
     </span>
     <span class='ocr_line' id='line_1_27' title="bbox 245 3117 1107 3202; baseline 0.001 -20"><span class='ocrx_word' id='word_1_162' title='bbox 245 3117 272 3182; x_wconf 86' lang='lat' dir='ltr'><strong>ai</strong></span> <span class='ocrx_word' id='word_1_163' title='bbox 295 3118 383 3183; x_wconf 90' lang='lat' dir='ltr'><strong>modo</strong></span> <span class='ocrx_word' id='word_1_164' title='bbox 404 3121 493 3202; x_wconf 87' lang='lat' dir='ltr'><strong>plura</strong></span> <span class='ocrx_word' id='word_1_165' title='bbox 513 3123 591 3186; x_wconf 86' lang='lat' dir='ltr'><strong>mihi</strong></span> <span class='ocrx_word' id='word_1_166' title='bbox 613 3123 691 3187; x_wconf 90' lang='lat' dir='ltr'><strong>bona</strong></span> <span class='ocrx_word' id='word_1_167' title='bbox 713 3123 795 3197; x_wconf 86' lang='lat' dir='ltr'><strong>sunt,</strong></span> <span class='ocrx_word' id='word_1_168' title='bbox 816 3122 974 3186; x_wconf 81' lang='lat' dir='ltr'><strong>inclinet</strong></span> <span class='ocrx_word' id='word_1_169' title='bbox 999 3119 1107 3184; x_wconf 79' lang='lat' dir='ltr'><strong>Amori</strong></span> 
     </span>
     <span class='ocr_line' id='line_1_28' title="bbox 244 3223 1032 3311; baseline 0.003 -23"><span class='ocrx_word' id='word_1_170' title='bbox 244 3223 270 3288; x_wconf 80' lang='lat' dir='ltr'><strong>oi</strong></span> <span class='ocrx_word' id='word_1_171' title='bbox 291 3225 372 3288; x_wconf 86' lang='lat' dir='ltr'><strong>volet</strong></span> <span class='ocrx_word' id='word_1_172' title='bbox 392 3225 450 3290; x_wconf 83' lang='lat' dir='ltr'><strong>hae</strong></span> <span class='ocrx_word' id='word_1_173' title='bbox 472 3228 550 3310; x_wconf 82' lang='lat' dir='ltr'><strong>iege,</strong></span> <span class='ocrx_word' id='word_1_174' title='bbox 573 3229 605 3291; x_wconf 92' lang='lat' dir='ltr'><strong>in</strong></span> <span class='ocrx_word' id='word_1_175' title='bbox 626 3228 743 3292; x_wconf 86' lang='lat' dir='ltr'><strong>trutino</strong></span> <span class='ocrx_word' id='word_1_176' title='bbox 764 3231 893 3311; x_wconf 88' lang='lat' dir='ltr'><strong>ponetur</strong></span> <span class='ocrx_word' id='word_1_177' title='bbox 915 3229 1032 3293; x_wconf 85' lang='lat' dir='ltr'><strong>eudem.</strong></span> 
     </span>
     <span class='ocr_line' id='line_1_29' title="bbox 260 3327 1228 3418; baseline -0.001 -25"><span class='ocrx_word' id='word_1_178' title='bbox 260 3329 359 3395; x_wconf 89' lang='lat' dir='ltr'><strong>Priori</strong></span> <span class='ocrx_word' id='word_1_179' title='bbox 380 3333 541 3396; x_wconf 85' lang='lat' dir='ltr'><strong>sententiae</strong></span> <span class='ocrx_word' id='word_1_180' title='bbox 563 3352 655 3416; x_wconf 84' lang='lat' dir='ltr'><strong>prave</strong></span> <span class='ocrx_word' id='word_1_181' title='bbox 678 3333 855 3418; x_wconf 87' lang='lat' dir='ltr'><strong>adiungitur</strong></span> <span class='ocrx_word' id='word_1_182' title='bbox 876 3333 1059 3412; x_wconf 83' lang='lat' dir='ltr'><strong>oondioio.¹)</strong></span> <span class='ocrx_word' id='word_1_183' title='bbox 1082 3329 1159 3415; x_wconf 83' lang='lat' dir='ltr'><strong>[Sed</strong></span> <span class='ocrx_word' id='word_1_184' title='bbox 1180 3327 1228 3394; x_wconf 84' lang='lat' dir='ltr'><strong>aio</strong></span> 
     </span>
     <span class='ocr_line' id='line_1_30' title="bbox 154 3433 1076 3518; baseline 0.004 -20"><span class='ocrx_word' id='word_1_185' title='bbox 154 3433 221 3498; x_wconf 86' lang='lat' dir='ltr'><strong>iam</strong></span> <span class='ocrx_word' id='word_1_186' title='bbox 245 3435 322 3518; x_wconf 81' lang='lat' dir='ltr'><strong>alii]</strong></span> <span class='ocrx_word' id='word_1_187' title='bbox 365 3435 423 3514; x_wconf 83' lang='lat' dir='ltr'><strong>(Do</strong></span> <span class='ocrx_word' id='word_1_188' title='bbox 446 3437 522 3516; x_wconf 80' lang='lat'><strong>1‚6,</strong></span> <span class='ocrx_word' id='word_1_189' title='bbox 546 3438 586 3502; x_wconf 87' lang='grc'><strong>38</strong></span> <span class='ocrx_word' id='word_1_190' title='bbox 609 3439 725 3504; x_wconf 84' lang='lat' dir='ltr'><strong>dietum</strong></span> <span class='ocrx_word' id='word_1_191' title='bbox 749 3442 796 3506; x_wconf 82' lang='lat' dir='ltr'><strong>ost</strong></span> <span class='ocrx_word' id='word_1_192' title='bbox 817 3441 877 3505; x_wconf 89' lang='lat' dir='ltr'><strong>vol.</strong></span> <span class='ocrx_word' id='word_1_193' title='bbox 901 3440 926 3514; x_wconf 84' lang='grc' dir='ltr'><strong>Ι,</strong></span> <span class='ocrx_word' id='word_1_194' title='bbox 951 3439 1010 3502; x_wconf 82' lang='grc'><strong>105</strong></span> <span class='ocrx_word' id='word_1_195' title='bbox 1033 3444 1076 3515; x_wconf 89' lang='lat' dir='ltr'><strong>n.)</strong></span> 
     </span>
     <span class='ocr_line' id='line_1_31' title="bbox 262 3537 1227 3626; baseline 0.006 -24"><span class='ocrx_word' id='word_1_196' title='bbox 262 3537 324 3604; x_wconf 86' lang='lat' dir='ltr'><strong>Sat.</strong></span> <span class='ocrx_word' id='word_1_197' title='bbox 357 3539 397 3614; x_wconf 89' lang='lat' dir='ltr'><strong>II,</strong></span> <span class='ocrx_word' id='word_1_198' title='bbox 431 3543 458 3621; x_wconf 89' lang='lat'><strong>1,</strong></span> <span class='ocrx_word' id='word_1_199' title='bbox 498 3541 537 3604; x_wconf 83' lang='lat'><strong>54</strong></span> <span class='ocrx_word' id='word_1_200' title='bbox 574 3561 639 3626; x_wconf 86' lang='lat' dir='ltr'><strong>sqq.</strong></span> <span class='ocrx_word' id='word_1_201' title='bbox 674 3544 769 3608; x_wconf 85' lang='lat' dir='ltr'><strong>oratio</strong></span> <span class='ocrx_word' id='word_1_202' title='bbox 802 3546 847 3610; x_wconf 83' lang='lat' dir='ltr'><strong>sio</strong></span> <span class='ocrx_word' id='word_1_203' title='bbox 879 3545 1039 3610; x_wconf 79' lang='lat' dir='ltr'><strong>scribenda</strong></span> <span class='ocrx_word' id='word_1_204' title='bbox 1071 3547 1103 3609; x_wconf 86' lang='lat' dir='ltr'><strong>et</strong></span> <span class='ocrx_word' id='word_1_205' title='bbox 1130 3543 1227 3608; x_wconf 81' lang='lat' dir='ltr'><strong>inter-</strong></span> 
     </span>
     <span class='ocr_line' id='line_1_32' title="bbox 155 3645 481 3728; baseline 0.015 -21"><span class='ocrx_word' id='word_1_206' title='bbox 155 3645 324 3728; x_wconf 87' lang='lat' dir='ltr'><strong>pungenda</strong></span> <span class='ocrx_word' id='word_1_207' title='bbox 344 3645 481 3712; x_wconf 84' lang='lat' dir='ltr'><strong>videtur:</strong></span> 
     </span>
    </p>
   </div>
   <div class='ocr_carea' id='block_1_5' title="bbox 180 3977 1228 4144">
    <p class='ocr_par' dir='ltr' id='par_1_5' title="bbox 180 3977 1228 4144">
     <span class='ocr_line' id='line_1_33' title="bbox 180 3977 1228 4062; baseline 0.004 -30"><span class='ocrx_word' id='word_1_208' title='bbox 180 3979 212 4044; x_wconf 81' lang='lat' dir='ltr'><strong>n¹)</strong></span> <span class='ocrx_word' id='word_1_209' title='bbox 232 3980 265 4033; x_wconf 86' lang='lat' dir='ltr'><strong>In</strong></span> <span class='ocrx_word' id='word_1_210' title='bbox 283 3977 375 4036; x_wconf 79' lang='lat' dir='ltr'><strong>eudem</strong></span> <span class='ocrx_word' id='word_1_211' title='bbox 394 3982 442 4034; x_wconf 81' lang='lat' dir='ltr'><strong>eut.</strong></span> <span class='ocrx_word' id='word_1_212' title='bbox 462 3981 479 4036; x_wconf 81' lang='grc'>3</span> <span class='ocrx_word' id='word_1_213' title='bbox 497 3998 521 4035; x_wconf 86' lang='lat' dir='ltr'><strong>v·</strong></span> <span class='ocrx_word' id='word_1_214' title='bbox 545 3983 581 4037; x_wconf 72' lang='lat'><strong>25</strong></span> <span class='ocrx_word' id='word_1_215' title='bbox 598 3995 762 4062; x_wconf 76' lang='lat' dir='ltr'><strong>eorrexorum</strong></span> <span class='ocrx_word' id='word_1_216' title='bbox 777 3992 916 4052; x_wconf 65' lang='lat' dir='ltr'><strong>pretereat,</strong></span> <span class='ocrx_word' id='word_1_217' title='bbox 935 3983 1007 4052; x_wconf 88' lang='lat' dir='ltr'><strong>quod</strong></span> <span class='ocrx_word' id='word_1_218' title='bbox 1025 3979 1103 4037; x_wconf 80' lang='lat' dir='ltr'><strong>video</strong></span> <span class='ocrx_word' id='word_1_219' title='bbox 1122 3997 1138 4035; x_wconf 90' lang='lat' dir='ltr'><strong>a</strong></span> <span class='ocrx_word' id='word_1_220' title='bbox 1155 3981 1228 4038; x_wconf 81' lang='lat' dir='ltr'><strong>Mer-</strong></span> 
     </span>
     <span class='ocr_line' id='line_1_34' title="bbox 232 4071 657 4144; baseline 0.009 -20"><span class='ocrx_word' id='word_1_221' title='bbox 232 4071 297 4126; x_wconf 86' lang='lat' dir='ltr'><strong>uilio</strong></span> <span class='ocrx_word' id='word_1_222' title='bbox 318 4073 406 4128; x_wconf 83' lang='lat' dir='ltr'><strong>nescio</strong></span> <span class='ocrx_word' id='word_1_223' title='bbox 423 4090 476 4143; x_wconf 89' lang='lat' dir='ltr'><strong>quo</strong></span> <span class='ocrx_word' id='word_1_224' title='bbox 492 4076 657 4144; x_wconf 84' lang='lat' dir='ltr'><strong>oooupatum.</strong></span> 
     </span>
    </p>
   </div>
   <div class='ocr_carea' id='block_1_6' title="bbox 0 0 1474 4630">
    <p class='ocr_par' dir='ltr' id='par_1_6' title="bbox 0 0 1474 4630">
     <span class='ocr_line' id='line_1_35' title="bbox 0 0 1474 4630; baseline 0 0"><span class='ocrx_word' id='word_1_225' title='bbox 0 0 1474 4630; x_wconf 95' lang='lat' dir='ltr'><strong> </strong></span> 
     </span>
    </p>
   </div>
  </div>
 </body>
</html>
