2918 4636
286 265 326 346 96
647 282 708 341 Lib.
727 260 776 338 v1.'
794 279 859 354 Cap.
872 283 910 338 11.

244 481 416 561 Marciani,
451 499 533 545 nunc
553 479 754 545 Laurentiani
776 499 844 547 saec.
866 481 897 546 X
921 479 1061 559 autX13
1098 483 1159 549 vid.
1181 483 1311 555 Merkel.

244 588 329 673 praef.
352 589 412 658 val.
433 587 453 650 3
476 605 604 670 operum
626 585 750 666 Ouidii).

346 693 445 760 brist.
469 694 494 770 I,
519 695 547 769 1,
571 693 640 768 111,
664 691 741 756 112:
1016 733 1026 738 -

388 799 463 864 Tres
485 799 592 883 procul
614 800 743 864 obscura
765 797 925 864 latitantes
946 799 1035 882 parte
1057 796 1191 876 ridebis3

445 905 479 970 bi
501 923 628 989 quoque,
651 905 732 988 quod
755 923 846 970 nemo
868 905 977 978 nescit,
1000 921 1105 970 amare
1127 906 1250 972 docent.

245 1011 389 1077 Heretur
409 1011 475 1076 iure
503 1013 535 1076 in
558 1011 592 1073 lt
617 1031 749 1096 quoque,
779 1009 923 1094 quoniam
951 1007 1054 1075 nullos
1077 1009 1152 1076 alios
1175 1012 1313 1082 eiusdem
1441 1098 1442 1108 ἵ

244 1117 366 1200 generis
386 1115 483 1183 libros
496 1119 568 1182 aute
584 1117 675 1200 poeta
695 1116 884 1194 nominavit;
906 1115 961 1181 sed
976 1117 1157 1183 coniecturae
1172 1118 1312 1186 infelices

245 1221 380 1300 luerunt,
402 1222 563 1306 perinfelix
574 1221 728 1302 Merkelii,
751 1223 803 1306 qui
817 1221 929 1287 miram
945 1222 1130 1306 excogitavit
1144 1225 1313 1309 ellipticam

246 1327 391 1394 arationis
413 1329 545 1414 figuram
566 1329 595 1392 si
615 1349 741 1414 quoque.
786 1327 987 1395 scribendum
1012 1331 1077 1394 cst:

291 1431 345 1496 Sic
366 1453 487 1519 quaque
509 1435 582 1512 (atsi
608 1436 736 1500 obscura
757 1437 844 1518 parte
865 1434 994 1513 latent).
1008 1485 1015 1500 .
1030 1485 1037 1500 .
1051 1451 1171 1500 amare
1194 1433 1313 1499 docent
1442 1509 1443 1514 ,

346 1537 415 1605 Ibd.
436 1541 463 1617 Ι,
485 1539 514 1618 3,
537 1539 594 1603 99:

408 1647 441 1710 eb
461 1645 593 1710 valuisse
614 1646 703 1723 mori,
725 1645 882 1711 moriendo
905 1663 1016 1728 ponere
1038 1663 1156 1712 seusus.

245 1749 314 1816 Hac
335 1769 443 1816 verum
471 1754 503 1816 et
531 1751 653 1836 elegans
681 1769 748 1815 esse
769 1749 938 1816 Merkelius
960 1749 1109 1826 affirmat3
1139 1769 1195 1836 ego
1217 1767 1314 1834 neque

246 1857 319 1942 quid
352 1857 410 1923 hac
441 1856 647 1942 geminatione
680 1856 792 1936 (molt,
831 1853 988 1919 moriendo
1016 1878 1052 1941 p.
1080 1859 1121 1937 a.)
1154 1853 1315 1930 efficiatur,

245 1961 345 2039 video,
360 1981 459 2046 neque
473 1963 588 2027 usitate
602 1959 663 2026 dici
677 1963 761 2044 pute,
783 1961 867 2026 nulla
882 1979 915 2026 re
931 1957 1064 2039 absecta,
1079 1981 1193 2045 ponere
1203 1982 1314 2025 eacus.

245 2067 355 2151 ltaque
376 2065 523 2132 Ovidium
545 2067 704 2151 scripsisse
727 2067 851 2148 opinor:

404 2173 437 2237 et
457 2174 589 2239 voluisse
611 2173 689 2236 mati
708 2171 864 2238 moriendo
887 2191 1001 2256 ponere
1024 2191 1143 2237 sensus.
1329 2227 1332 2232 .

347 2278 414 2344 lbd.
436 2279 470 2354 Ι,
492 2279 530 2358 5,
555 2281 569 2341 1
595 2282 831 2356 annotaveram,
858 2297 949 2344 usum
977 2275 1122 2362 loquendi
1143 2275 1239 2343 videri
1259 2293 1314 2358 pc·

245 2383 378 2448 ululare:
1444 2367 1445 2400 l

349 2488 375 2555 Ο
398 2489 475 2555 mihi
496 2494 566 2574 past
586 2491 686 2555 nattes
707 2513 856 2575 alequam
876 2490 1074 2556 memorande
1096 2489 1218 2556 sodales
1328 2571 1333 2583 Ι

244 2614 298 2679 pra
320 2615 371 2674 ec,
399 2597 479 2681 quod
501 2597 602 2663 editur
628 2597 707 2661 cellos
734 2590 934 2680 eamquam‚'
950 2595 1110 2680 queniam,
1140 2595 1176 2658 ut
1198 2593 1260 2659 dixi
1280 2594 1313 2660 in

243 2701 362 2785 praefab
383 2702 465 2768 Liuii
486 2704 545 2767 vol.
561 2703 585 2780 Ι,
609 2703 625 2768 I
639 2725 668 2788 p.
686 2703 737 2782 22,
762 2702 924 2787 qaisquam
939 2705 970 2767 et
984 2701 1066 2763 allas
1079 2698 1236 2785 negationi
1250 2700 1312 2764 nab

243 2813 478 2890 preponuntun
514 2809 622 2890 postea
652 2809 731 2874 vidi-
752 2809 797 2873 ita
827 2809 860 2873 in
895 2805 1050 2873 codicibus
1084 2807 1198 2890 aliquot
1235 2824 1313 2871 asse.

243 2912 348 2995 (Apud
362 2913 539 2979 Ciceronem
563 2915 600 2979 de
623 2915 701 2981 crat.
723 2911 766 2992 11,
789 2913 851 2976 229
873 2931 967 2997 prave
988 2917 1086 2996 nuper
1107 2912 1224 2977 editum
1248 2911 1312 2976 est:

243 3029 340 3082 artare
361 3041 422 3082 asae
445 3019 644 3102 facetiarum,
675 3019 760 3101 lale,
793 3019 891 3082 albem
917 3039 1044 3104 necares
1072 3035 1127 3100 pro
1155 3035 1205 3091 eo,
1232 3013 1312 3101 quod

242 3124 327 3189 recte
344 3124 416 3188 ente
432 3125 636 3190 scribebatur:
657 3125 856 3210 facetiarum,
881 3125 958 3201 Itale,
982 3128 1130 3209 necares.)

343 3229 410 3294 Ibd.
432 3234 459 3306 Ι,
484 3229 513 3307 5,
539 3229 624 3294 23:-

270 3367 273 3374 ν
364 3334 398 3399 si
421 3353 478 3400 nau
502 3337 653 3420 Euryalus
677 3337 810 3402 Rutulos
836 3337 1000 3403 cecidisset
1020 3336 1052 3399 in
1072 3333 1188 3410 hostes,

402 3441 581 3524 Hyrtacidae
603 3443 672 3509 Nisi
693 3443 792 3528 glarie
813 3443 897 3508 nulla
919 3441 1010 3507 foret

248 3543 362 3610 Cadere
381 3547 414 3608 in
436 3545 548 3611 lactem
570 3567 668 3633 neque
692 3550 737 3615 sic
760 3549 887 3626 dicitur,
914 3551 950 3613 ut
971 3547 1013 3613 sib
1034 3543 1182 3624 incidere,
1212 3561 1310 3627 neque

241 3655 277 3717 ub
292 3664 482 3736 peccuniae
506 3665 610 3718 cantra
631 3655 743 3720 bostem
759 3655 873 3718 cadere.
916 3651 1013 3718 Scribi
1035 3651 1159 3718 videtur
1180 3649 1309 3716 debere:

542 3760 659 3824 Rutula
681 3761 841 3826 cecidisset
861 3761 894 3825 in
916 3759 1006 3837 toste,

241 3863 377 3940 hatest,
402 3885 420 3930 a
441 3865 556 3932 Rutulo
579 3868 668 3932 basta
691 3867 927 3932 circumventus.

342 3969 408 4036 Ibd.
433 3973 460 4048 1,
484 3972 533 4048 10,
558 3976 573 4034 1
601 3974 632 4038 et
654 3975 673 4036 2
694 3972 789 4036 verba
811 3971 855 4036 sic
868 3968 1113 4052 interpungenda
1134 3967 1225 4033 sunt:
