2918 4652
610 270 722 326 Nonius.
953 285 955 290 ’
1102 268 1162 332 669

142 473 298 536 cantur.
364 469 452 533 Fuit:
496 468 705 532 Vulcanum
740 491 887 554 nquam
919 476 1065 548 (aecum)
1097 490 1204 535 nova

141 579 306 662 lagenae,
341 576 501 641 ollarum
523 574 672 658 fiqoroe
693 580 911 657 precantur.
956 577 1057 662 Figuli
1079 596 1151 642 vasa
1172 578 1204 646 in

142 683 263 748 camino
273 685 436 766 coquentes
448 680 620 745 Vulcanum
633 681 670 746 iis
683 700 801 764 acquum
819 685 850 747 et
861 685 1024 768 propitium
1033 687 1204 769 precantur.

243 788 278 852 P.
300 787 361 851 553
398 787 712 872 (antesignanorumlz
754 787 873 853 Varro
906 785 1026 876 ἅμμον
1057 803 1203 876 narceio,

142 896 221 979 περὶ
244 893 483 980 φιλαργυριάςε
612 937 615 940 -

185 998 283 1078 Quom
306 1002 473 1082 sequuntur
495 1018 564 1064 cum
589 999 728 1064 rotundis
753 1000 861 1065 velites
884 1003 998 1084 parmis
1022 1005 1114 1080 leves,

185 1107 379 1190 antesignani
400 1098 556 1189 quadratis
579 1105 684 1170 multis
706 1105 876 1190 insignibus
898 1109 984 1173 tecti.

141 1209 357 1278 Scribonium:

255 1386 258 1390 ,
294 1303 486 1400 antesignani
508 1317 664 1400 quadratis
686 1319 784 1380 1111111.
798 1319 917 1404 sonnino
939 1321 1023 1387 tacti.

142 1423 349 1508 Antesignani
370 1441 494 1505 parmas
516 1441 573 1488 non
596 1423 757 1489 habebant.

243 1528 309 1593 Ibd.
333 1530 478 1613 (tragula)
502 1529 650 1614 etp.555
673 1536 820 1612 (sparum)
843 1529 958 1595 Varro
982 1531 1205 1616 Meleagris:

294 1636 347 1697 aut
368 1635 431 1713 illc,
453 1653 575 1701 cervum
596 1635 651 1719 'qui
673 1634 803 1700 volabile
826 1655 949 1702 currens
1017 1645 1019 1650 ’

257 1727 260 1734 ’
293 1758 382 1822 sparo
408 1744 529 1806 secutus
552 1741 712 1825 tragulave
735 1742 844 1806 traicit.

143 1844 342 1910 scribendum
355 1868 363 1909 ε

357 1953 410 2015 aut
432 1950 496 2026 ille,
519 1970 640 2015 cervum
662 1951 713 2034 qni
734 1949 891 2014 volatilem
993 2025 994 2030 ἵ

297 2075 385 2142 sparo
409 2054 535 2123 secutus
554 2059 712 2142 tragulave
734 2057 845 2122 traicit.

143 2164 269 2228 Prorsus
304 2161 435 2229 absurde
468 2164 548 2230 haec:
592 2183 743 2228 corvum
774 2182 1019 2229 currens
1048 2163 1205 2227 secutus

142 2273 369 2353 componuntur.
844 2299 848 2311 *=

164 2369 165 2372 '
243 2377 301 2452 (De
324 2376 468 2441 Varronis
491 2377 662 2460 fragmento
683 2396 712 2458 p.
736 2375 814 2452 248,
847 2362 884 2439 de
907 2375 1017 2440 Lucilii
1039 2395 1068 2458 p.
1092 2374 1152 2437 296
1176 2375 1208 2440 ct

143 2481 205 2545 382
227 2483 288 2556 dixi
311 2483 369 2546 vol.
392 2483 405 2544 l
429 2503 458 2565 p.
481 2481 531 2558 36,
557 2481 605 2558 18,
629 2479 690 2557 73.)

419 2779 503 2847 hicet,
523 2778 629 2852 opinor,
650 2776 768 2850 fatigato
787 2775 925 2834 losincro.
