2978 4644
569 271 648 328 Rrec.
668 274 703 330 sd
716 273 833 332 Hortus.
1131 278 1192 342 183

36 505 38 514 ·
172 471 378 557 tentopero
406 470 504 536 utile
531 469 599 553 sit,
632 476 773 555 quanto
802 472 936 540 labore
968 473 1022 538 sit
1042 476 1234 559 uppeton-

172 574 274 655 ium,
298 573 449 659 poteris
471 578 706 644 existimare.
729 577 925 645 Utilitote
946 578 1116 663 cognite,
1138 579 1233 662 plu-

170 681 278 748 ribus
313 681 438 748 serbis
471 680 516 747 ed
542 701 623 750 eom
652 686 689 750 te
721 683 921 750 cohortari
954 702 1028 751 nou
1060 686 1120 752 est
1151 702 1234 752 ser·

171 786 309 854 tentis

269 892 336 960 tib.
348 893 404 976 IV,
420 894 455 959 δε
476 893 569 960 Nom
592 892 624 960 si
644 897 712 961 tun
733 895 929 962 volumino
949 896 1235 980 protenderint

169 997 322 1084 antiqui
351 1000 530 1066 oratores
561 997 601 1066 et
630 1002 748 1085 poete
783 1003 821 1068 et
851 1017 958 1068 suum
992 1003 1158 1087 quisque
1191 1002 1234 1070 oe

168 1105 284 1172 libris
305 1105 388 1172 tuis
409 1105 566 1184 tulerit,
600 1104 702 1170 nihil
723 1106 816 1184 tibi,
850 1106 949 1191 quod
968 1125 1077 1173 suum
1092 1107 1233 1188 velint,

168 1209 426 1294 relinquatur.
458 1210 509 1277 Sic
524 1209 692 1296 Kaystros,
713 1211 887 1283 infeliciter.
922 1211 1127 1298 Apertissime
1148 1213 1232 1278 enim

168 1315 360 1401 leutologum
392 1317 424 1384 et
444 1315 537 1384 innuo
557 1316 618 1384 hoo
642 1319 700 1394 eet,
733 1319 761 1384 si
793 1319 911 1405 antiqui
938 1336 994 1386 sue
1014 1318 1054 1385 do
1074 1317 1162 1384 libris
1184 1319 1233 1384 tu·

167 1422 259 1488 lcrint
293 1423 368 1502 (etsi
401 1422 457 1488 hoo
487 1421 599 1488 vitioso
635 1421 763 1490 dicitur:
800 1425 887 1509 sere
920 1442 977 1490 sue
1009 1424 1047 1490 de
1073 1421 1160 1490 libris
1185 1423 1234 1488 sl-

168 1527 292 1609 terins),
329 1527 406 1593 nihil
438 1527 581 1611 scriptori
617 1528 765 1595 librorum
800 1529 944 1596 relictum
976 1529 1033 1611 iri,
1073 1528 1155 1613 quod
1185 1527 1234 1592 illi

168 1653 258 1702 suum
279 1633 393 1712 relim3
429 1633 595 1701 dicendum
617 1636 701 1700 eret:
739 1635 840 1722 „quod
861 1635 889 1702 is
911 1652 1002 1704 suum
1022 1635 1127 1711 velit“,
1154 1651 1234 1717 quo-

167 1741 252 1808 nium
273 1739 396 1806 illomm
421 1739 525 1807 omnio
546 1742 627 1815 suut,
649 1759 717 1825 quae
740 1741 865 1825 aliquod
889 1741 1025 1825 pretium
1044 1740 1181 1807 habeant
1202 1738 1235 1804 et

166 1845 699 1936 perquaequisplecorelogentibns
713 1848 825 1932 possit;
849 1847 961 1914 deinde
974 1865 1029 1932 pro
1052 1847 1107 1911 etti
1126 1862 1233 1910 omnes

167 1954 288 2022 codices
320 1953 453 2036 exceptis
486 1951 605 2019 tuctus
631 1953 747 2018 infimis
779 1954 956 2038 (inquibus
981 1955 1088 2019 temen
1110 1951 1159 2018 est
1179 1947 1235 2014 cot

172 2064 330 2142 ...eccm
351 2057 467 2124 hebent
486 2057 561 2138 istic
582 2077 637 2140 pro
664 2068 718 2122 coc
738 2058 826 2125 initio
848 2059 958 2126 melior
978 2058 1097 2124 familie
1118 2059 1150 2124 et
1170 2047 1234 2122 terss

166 2167 211 2234 tie
243 2187 356 2230 corum.
404 2165 515 2250 Itsque
542 2163 678 2230 secunda
699 2180 831 2248 persone
852 2165 1035 2250 relinquitur
1056 2165 1179 2230 tentum
1200 2163 1233 2228 in
1279 2173 1283 2180 ’

167 2274 226 2336 eret
247 2273 321 2339 eote
344 2270 460 2350 nece,
495 2270 575 2354 quod
597 2269 699 2354 ipsum
723 2270 786 2335 dixi
807 2269 953 2336 vitiosum
975 2288 1058 2347 esse;
1088 2267 1233 2336 etmulti
1360 2283 1363 2290 ·

167 2379 287 2446 codices
308 2378 400 2444 suis.
446 2374 634 2442 Rectissime
656 2375 754 2460 igitur
776 2375 938 2444 Turnebus
960 2378 992 2441 et
1004 2374 1136 2440 editores
1158 2376 1233 2441 ente

166 2483 318 2552 Orellium
338 2502 393 2568 pro
421 2483 480 2545 ocio
506 2479 607 2544 tuom
638 2480 865 2547 substituerent
897 2479 1117 2559 sustulerit,
1151 2480 1232 2564 qnod

163 2591 237 2658 ulibi
260 2607 379 2676 quoqne
400 2587 544 2654 similiter
566 2589 744 2671 corruptum
766 2587 893 2654 memini
913 2586 976 2670 (hic
997 2585 1132 2670 quidem,
1153 2607 1233 2670 prae-

164 2697 293 2765 cedente
325 2713 351 2774 s,
383 2695 519 2778 primum
551 2693 667 2758 lectum
699 2693 937 2772 ustulerint).
995 2691 1078 2756 Nem
1110 2693 1149 2758 eb
1177 2693 1233 2760 ille

162 2803 255 2870 unius
288 2819 324 2867 ex
346 2798 662 2884 scriptorumolienis
694 2798 850 2864 utentium
873 2796 965 2863 turbu
998 2797 1232 2879 compellatione

164 2908 277 2990 (Quin
301 2907 400 2972 enim
422 2906 496 2971 titi
518 2903 575 2971 vis
597 2905 669 2982 cet)
714 2903 796 2970 redit
829 2903 959 2986 scriptor
980 2902 1020 2968 ed
1041 2903 1231 2987 superiorem

163 3011 426 3084 commemorandi
453 3029 505 3078 eos
532 3009 663 3078 formem
697 3020 848 3090 (vereor
878 3011 1225 3078 ue...renentur...

163 3123 245 3190 siut
273 3119 549 3204 impudentem:
591 3116 686 3182 Num
718 3116 751 3180 si
774 3133 903 3180 eornm
924 3114 1119 3182 volumine
1140 3135 1231 3202 pre-

161 3226 371 3294 henderint
408 3222 565 3306 antiqui
600 3224 773 3288 oratores
807 3221 847 3285 et
887 3221 1010 3304 poetae
1053 3222 1090 3286 et
1122 3241 1230 3291 snum

163 3334 328 3418 quisque
366 3331 408 3396 de
439 3329 553 3395 libris
597 3315 816 3406 sustulerit,
854 3325 951 3390 nihil
983 3325 1090 3400 istis,
1131 3329 1230 3414 quod

162 3458 272 3506 suum
292 3438 435 3516 velint,
462 3435 721 3518 relinquetur.
765 3431 830 3516 [Sic
851 3429 1018 3516 Kimolos]

262 3543 359 3610 Venio
393 3540 433 3608 cc
464 3541 566 3624 ipsum
598 3535 788 3616 Ciceronem,
818 3536 851 3601 in
884 3535 970 3602 cuius
1003 3537 1124 3622 scriptis
1146 3539 1227 3606 trac·
1267 3543 1272 3551 '

121 3668 124 3672 ·
159 3649 264 3718 tundis
296 3652 329 3717 et
359 3646 535 3716 tirocinium
555 3643 644 3730 posui
677 3661 734 3709 nec
768 3660 842 3708 sune
863 3641 972 3708 leviter
991 3645 1101 3726 postea
1122 3643 1228 3712 elebo-

160 3757 237 3823 rsri.
286 3753 349 3822 Sed
378 3757 486 3822 tomen
517 3768 556 3816 ee
587 3747 691 3815 studio
721 3749 792 3832 post
814 3746 988 3817 absolutam
1018 3749 1151 3832 primunr
1183 3750 1227 3815 li-

159 3861 286 3930 brorum
321 3861 359 3926 de
380 3859 494 3925 linitus
528 3854 694 3922 editionem
728 3857 760 3918 et
782 3854 881 3918 ortem
906 3851 1052 3918 Latinam
1084 3853 1148 3919 lere
1169 3855 1226 3920 tri-

109 3964 113 3972 '
160 3968 247 4054 ginta
268 3967 380 4034 ublrinc
412 3981 508 4030 annos
531 3960 733 4043 compositam
763 3957 877 4025 sensim
900 3957 1089 4033 refrixerant,
1121 3958 1225 4025 cnimo
