3018 4634
284 269 347 336 260
642 269 705 329 Idb.
722 269 784 326 Vll.
802 268 868 340 esp.
885 270 937 326 111.

244 469 446 552 significatur
465 466 614 550 impetn
634 465 831 532 Istreram.
874 464 926 530 Ad
943 465 979 532 id
991 483 1104 532 noman
1119 468 1309 552 ameriptnm

244 574 346 640 luerat
365 573 444 640 illud
468 572 620 638 incola.
664 571 859 650 (Ponendum
878 571 937 638 boc
956 570 1057 638 lucrat
1075 573 1136 640 rol.
1158 575 1175 638 Ι
1195 595 1225 658 p.
1239 574 1311 638 142¹».

245 680 359 746 Latere
381 697 491 746 nomen
514 678 670 761 proprium
692 677 771 744 vidit
794 677 890 744 etium
911 675 1089 759 Frigellim3
1125 678 1182 744 sed
1213 679 1311 764 Illy-

246 785 391 852 riorum
412 784 535 868 longius
556 783 699 858 discedit,
721 799 779 849 nec
800 781 850 848 illi
869 782 936 848 laec
955 782 1023 848 loca
1042 781 1261 868 attingebant)

158 911 161 915 ·
344 887 492 956 Ibd28:
541 887 660 954 (iuius
691 886 898 972 preceptis
929 889 1058 952 utros
1088 891 1310 972 gereretur,

245 997 283 1076 Q.
314 996 428 1062 Atius
456 994 580 1059 Varus
724 1011 813 1059 suos
852 993 1048 1066 hortatur,
1084 993 1145 1058 eat
1196 991 1312 1074 Opiaor

245 1103 358 1170 fuisso:
391 1100 433 1165 ut
463 1119 542 1162 moa
576 1100 787 1183 gereretur.
844 1098 954 1182 Neque
985 1098 1069 1164 enim
1102 1096 1310 1180 preceptis

249 1209 334 1274 recte
351 1205 456 1288 'accipi
476 1222 566 1287 posse
587 1204 724 1270 videtrrr:
751 1206 806 1283 „ut
825 1206 1040 1288 praeceperat“.
1062 1275 1065 1280 ,

345 1309 415 1378 lbd.
433 1308 488 1374 36:
524 1309 666 1388 Quare
688 1326 731 1376 ex
753 1309 1015 1392 compluribus
1036 1308 1207 1400 cognite,
1227 1327 1311 1374 oum

243 1416 500 1502 intelligeret
521 1413 566 1492 (O.
588 1413 761 1492 Caninius),
789 1415 926 1499 fugato
947 1414 1040 1480 duce
1061 1415 1204 1493 altero,
1224 1433 1312 1499 por-

245 1523 408 1590 territos
440 1521 611 1603 reliquos
652 1521 773 1586 facile
804 1520 973 1604 opprimi
1007 1537 1133 1602 posse,
1166 1537 1312 1604 magna

244 1626 458 1694 felicitatis
497 1643 581 1691 esse
610 1626 893 1701 arbitrabatur,
920 1626 1111 1692 neminem
1141 1645 1186 1692 ex
1211 1624 1313 1692 cada

243 1731 439 1816 refugisse
475 1731 514 1798 in
546 1733 693 1810 eastra,
726 1730 790 1814 qui
821 1730 865 1796 de
894 1733 1056 1814 accepta
1081 1732 1312 1798 calamitate

244 1836 423 1904 nuntium
445 1835 635 1920 Drappeti
655 1836 857 1918 perferret
909 1835 951 1902 bt
971 1836 1077 1920 erbis
1099 1837 1200 1904 verbis
1222 1838 1255 1903 et
1276 1856 1313 1903 ex

244 1942 295 2019 iis,
317 1961 385 2025 quae
407 1943 592 2024 sequuntur,
628 1944 771 2025 apparet,
805 1941 934 2008 Caninio
961 1943 994 2008 in
1021 1945 1159 2008 mentem
1178 1943 1312 2020 venisse,

241 2067 333 2154 posse
353 2049 543 2130 Drappetem
578 2049 610 2112 et
644 2049 710 2114 eins
744 2047 848 2131 copias
880 2049 1018 2117 mmntos
1050 2049 1191 2132 opprimi,
1222 2051 1311 2115 anta·
1439 2062 1445 2070 “

245 2172 337 2237 quam
362 2153 526 2236 quiequam
547 2153 586 2218 de
606 2152 742 2220 Lucterii
763 2153 850 2220 clade
872 2154 997 2220 omnino
1019 2153 1172 2233 audirent,
1193 2153 1308 2220 nedum

244 2279 281 2326 ea
301 2260 552 2342 perterrerentur.
608 2257 679 2326 Non
710 2260 744 2324 in
776 2261 891 2325 terrore
921 2259 1062 2326 hostibus
1082 2259 1153 2350 ium,¹
1167 2259 1300 2337 incasso,

246 2364 352 2449 sedin
374 2364 540 2445 securitate
561 2382 667 2429 eorum
689 2383 725 2429 er
744 2365 919 2448 ignorantia
940 2383 1027 2449 spem
1048 2365 1191 2433 babebat.
1244 2365 1310 2430 lta-
1430 2351 1432 2354 ⁵

244 2489 304 2554 que
326 2470 486 2544 sententia
509 2470 667 2554 perspicue
688 2471 842 2554 repugnat
861 2471 1107 2554 perterritos.
1160 2470 1197 2536 In
1224 2469 1311 2535 dete-

245 2577 375 2643 rioribus
400 2575 554 2644 codicibus
578 2575 724 2644 scribitur
744 2575 959 2658 perterreri
990 2577 1164 2660 reliquos
1191 2575 1311 2642 faeila

245 2681 481 2766 etopprimi.
515 2681 726 2770 ,Tollendum
755 2682 788 2746 et
820 2681 1057 2764 perterritos
1091 2683 1123 2746 et
1154 2681 1312 2764 pertor-

244 2789 324 2854 reri
345 2799 427 2863 (cum
449 2790 509 2870 et),
530 2788 655 2856 illatum
676 2789 850 2870 utrumque,
878 2804 939 2852 non
959 2785 1119 2852 intellecta
1138 2786 1312 2852 narratione

244 2891 277 2958 e't
310 2892 474 2970 sententia.
508 2912 545 2960 er
577 2893 733 2977 superiore
758 2893 812 2961 illo
843 2891 882 2958 de
909 2890 1071 2978 luctarier
1104 2891 1313 2974 repentino

244 2997 342 3066 malo
364 2999 577 3082 perterriti.

344 3105 413 3176 lod.
434 3105 500 3185 522.
536 3105 667 3192 Neque
687 3104 757 3170 boc
778 3105 930 3170 tantum
951 3103 1160 3186 pollicitus
1182 3105 1241 3170 est
1260 3101 1310 3184 (Or

245 3211 360 3292 durio),
392 3211 459 3278 sed
481 3211 598 3278 etiam
620 3228 685 3292 per
712 3228 751 3276 so
772 3208 1051 3276 discessionem
1083 3211 1215 3280 faeere
1237 3228 1311 3275 cm-

245 3318 319 3399 pit;
354 3316 452 3400 quod
476 3335 520 3383 ne
540 3315 678 3398 fieret,
715 3316 898 3381 consules
922 3313 1116 3418 amicique
1136 3315 1311 3398 Pompeii

245 3422 457 3496 iusserunt,
479 3424 593 3506 atque
615 3421 671 3486 ita
690 3440 771 3487 rem
785 3419 1015 3486 moderando
1030 3421 1311 3488 discusserunt.

245 3527 353 3612 Neque
384 3527 511 3592 iubendi
540 3527 592 3592 hic
623 3525 707 3593 loeus
735 3527 803 3592 erat
832 3525 1016 3609 (praesertim
1046 3527 1154 3592 amicis
1183 3525 1311 3614 privatis

246 3633 413 3715 Pompeii),
434 3651 534 3716 neque
561 3633 671 3700 Latine
699 3631 812 3697 dicitur
837 3632 965 3710 iubeo,
1002 3649 1045 3696 ne
1075 3631 1158 3698 fiat.
1203 3629 1312 3716 Neque

246 3738 417 3805 moderatio
448 3739 513 3804 ulla
543 3737 575 3804 in
607 3737 666 3805 bac
697 3757 730 3802 re
765 3737 832 3804 erat
861 3740 914 3806 eut
942 3735 981 3806 ab
1002 3737 1105 3804 Hirtio
1126 3737 1159 3803 in
1182 3736 1312 3804 Caesaris

252 3843 435 3910 adversariis
456 3844 610 3910 landetur.
647 3843 849 3910 Scribendum
871 3846 933 3910 est:
978 3842 1084 3923 Quod
1114 3861 1158 3908 ne
1179 3842 1311 3917 fieret,

248 3951 427 4016 consules
450 3967 515 4014 arn.
539 3950 575 4014 P.
598 3951 804 4025 evicerunt,
824 3951 938 4034 atque
958 3949 1115 4015 iterem
1131 3947 1312 4014 mercado

250 4054 536 4123 discusserunt.
585 4055 632 4120 Ae
654 4055 837 4121 morando
858 4055 921 4122 iam
942 4055 1088 4122 Iurinius.
