2918 4652
598 293 710 352 Gellius.
1088 296 1149 360 613
1197 371 1199 378 Ι
1255 339 1257 344 ,

128 495 246 560 etiam
269 513 366 560 nunc
387 495 511 560 nostri
544 494 662 560 vobis·
680 495 718 560 in
740 499 901 561 mentem
923 496 1075 568 veniat,
1108 517 1194 564 uos·

127 620 199 683 que
234 601 358 685 magis
398 601 537 685 dignos
581 601 747 676 creditis
783 601 1015 678 (credatisit
1054 603 1193 685 quibus

128 706 283 772 civibus
330 726 437 789 quam
486 706 667 772 hostibus
712 707 887 780 utamini,
936 712 1073 790 quique
1123 727 1193 791 pro

127 814 234 878 vobis
257 814 530 896 potiusquam
565 816 699 877 contra
730 831 1045 896 impugnemus,
1069 835 1194 898 neque

128 921 264 985 nostro
296 937 415 1001 neque
437 919 625 984 maiorum
655 921 873 985 nostrorum
905 920 1045 986 merito
1077 921 1194 987 nobis

127 1025 167 1089 id
189 1026 405 1113 continget.
460 1024 535 1102 Quae
565 1023 632 1088 baec
664 1024 849 1106 perversitas
872 1027 929 1104 est,
959 1029 995 1090 ut
1016 1026 1090 1092 socii
1112 1026 1201 1109 apud·

129 1133 276 1214 populum
309 1133 363 1196 aut
397 1132 538 1194 senatum
569 1129 659 1195 Rom.
694 1130 795 1202 (initio
829 1131 902 1196 belli
936 1131 1070 1210 socialis)
1103 1132 1196 1197 verba

127 1237 286 1312 facientes,
321 1237 347 1302 si
380 1236 453 1320 quid
485 1236 544 1301 sibi
566 1247 741 1301 conoessum
765 1239 807 1301 sit
828 1237 999 1322 civitasque
1021 1238 1101 1314 data,
1135 1239 1195 1322 ipsi

127 1343 186 1407 hoc
216 1361 271 1408 suo
306 1344 515 1424 maiorumque
549 1342 660 1406 merito
692 1347 873 1408 eventurum
912 1346 1036 1426 negent,
1069 1345 1130 1427 ipsi
1154 1364 1195 1410 se

127 1449 275 1513 beneficio
295 1448 437 1532 indignos
462 1447 587 1513 dicant?
614 1493 616 1500 -
643 1449 789 1527 (Humilis
823 1449 919 1532 culpae
942 1469 1004 1514 suae
1028 1451 1195 1514 maiorum-

128 1574 188 1638 que
229 1554 379 1620 confessio
412 1573 430 1618 a
469 1555 561 1618 sociis
593 1554 675 1618 illius
709 1554 857 1637 temporis
896 1555 1086 1621 alienissima
1125 1561 1195 1632 est.)

127 1660 283 1726 Nimirum
309 1659 394 1725 Sulla
416 1659 554 1748 scripsit:
588 1678 708 1742 neque
740 1663 878 1726 nostro
911 1680 1037 1744 neque
1072 1661 1196 1726 maio·

128 1785 214 1830 rum
246 1768 464 1832 nostrorum
505 1766 706 1840 immerito,
749 1767 884 1850 antique,
926 1769 961 1829 ut
995 1767 1123 1832 Plautus
1162 1769 1194 1832 in

129 1872 273 1950 Asinaria
308 1871 543 1934 immeritorum
581 1871 666 1936 dixit.
721 1873 807 1938 Inter
831 1891 892 1936 um
927 1875 958 1936 et
990 1895 1021 1934 m
1050 1875 1195 1940 extritum

129 1982 178 2043 est
209 1978 269 2043 im.
313 1978 427 2043 Eodem
462 1977 562 2060 capite
599 1983 735 2043 extremo
769 1977 831 2054 (14)
865 1978 911 2042 ita
942 1978 1102 2044 scribitur:
1145 1979 1196 2046 Ex

130 2103 202 2167 quo
255 2084 292 2147 iu
336 2086 469 2166 plures
518 2083 643 2148 libros
694 2085 836 2149 mendae
879 2084 1001 2149 istius
1043 2084 1196 2150 indoles

129 2191 309 2254 manavit
355 2187 430 2268 Quae
452 2189 494 2255 sit
515 2188 634 2254 mendae
657 2189 786 2269 indoles,
820 2209 909 2254 nemo
943 2189 1063 2267 dixerit,
1097 2192 1195 2256 multo

39 2293 41 2298 ’
129 2295 241 2372 minus,
264 2296 414 2378 quomodo
436 2296 553 2384 mendae
575 2296 694 2362 indoles
721 2298 835 2361 manet.
873 2295 990 2362 Gellius
1013 2298 1195 2379 scripserat:

128 2401 273 2465 mendae
305 2401 425 2466 istius
455 2399 603 2465 suboles
635 2407 678 2479 (et
705 2407 854 2485 propago)
887 2402 1071 2466 manavit.
1120 2403 1196 2468 inde

128 2508 244 2572 factum
266 2507 385 2572 istius
408 2507 560 2581 uboles‚
584 2510 650 2571 tum
673 2507 704 2571 id
728 2508 808 2596 male
831 2507 1025 2588 suppletum3
1048 2506 1102 2572 cfr.
1124 2507 1195 2585 XX,
1257 2551 1260 2555 -

131 2613 160 2689 1,
184 2613 231 2676 19.
278 2613 488 2691 (Mirabantur
509 2611 610 2689 multi,
633 2611 793 2689 sitirem,
818 2611 899 2694 q'uod
921 2611 1062 2678 omnibus
1088 2615 1195 2679 notum

11 2731 12 2734 ’
132 2739 199 2783 esse
223 2719 365 2795 debebat,
387 2735 541 2800 nunquam
562 2716 698 2782 indolem
720 2716 802 2798 apud
817 2715 944 2781 Latinos
967 2717 1027 2783 dici
1049 2718 1087 2784 de
1107 2720 1196 2803 inge-

129 2824 181 2888 nio
202 2826 248 2889 rei
273 2823 485 2908 etqualitate,
517 2823 572 2888 sed
592 2841 715 2905 semper
748 2822 785 2885 de
818 2823 928 2887 natura
950 2823 1084 2907 aliquam
1107 2843 1196 2906 spem

130 2930 225 2995 dante
242 2935 275 2996 et
295 2931 422 2995 alicuius
444 2931 567 2994 virtutis
590 2929 694 2993 vitiive
717 2929 832 3012 capaci,
855 2930 890 2992 ut
912 2929 969 2995 sit:
992 2929 1041 2994 dic
1064 2931 1195 3014 Anlege,
1253 2983 1257 2994 .

131 3054 207 3100 uon:
231 3036 290 3100 die'
303 3036 560 3102 Beschaffenbcit.
594 3035 684 3100 Nunc
705 3035 804 3099 libelli
830 3035 1047 3111 inscribuntur,
1079 3039 1116 3100 ut
1136 3038 1194 3102 hoo

128 3129 210 3215 utar,
233 3141 271 3207 de
292 3142 394 3208 indole
416 3139 527 3208 codicis
553 3141 642 3208 huius
665 3142 713 3205 vel
733 3141 817 3205 illius
840 3141 1035 3225 similiaque.)

230 3353 329 3420 Gellio
372 3355 528 3418 communi
571 3347 797 3418 senescentium
840 3359 872 3419 et
916 3353 1194 3419 intermorientium

126 3461 303 3525 litterarum
325 3462 399 3525 uota
420 3459 597 3542 adiungitur
619 3457 661 3534 lli.
687 3459 820 3537 Fronto,
843 3461 908 3540 sed,
930 3461 1004 3526 dnm
1027 3462 1059 3526 in
1080 3460 1195 3544 ingenii

128 3567 161 3630 et
183 3564 362 3649 eloquentiae
384 3563 484 3645 specie
505 3563 564 3628 sibi
584 3565 697 3646 placet,
720 3565 837 3631 inanior
858 3566 890 3630 et
910 3566 1050 3649 ineptior.
1101 3567 1194 3632 Cuius

126 3671 233 3737 tristes
255 3670 400 3754 reliquias
428 3687 498 3732 cum
527 3687 745 3750 percurrerem,
774 3691 841 3754 quae
860 3690 961 3753 ¹pauca
986 3674 1195 3755 praetermissa

127 3776 168 3842 ab
204 3777 273 3842 aliis
306 3779 360 3840 aut
391 3776 493 3854 minus
520 3776 601 3840 recte
634 3779 767 3841 tractate
792 3777 961 3856 emendare
998 3778 1075 3843 mibi
1109 3779 1193 3843 uisus

128 3903 213 3958 sum,
249 3883 299 3948 hio
330 3882 509 3949 brevissime
532 3881 734 3968 subiungam3
769 3901 841 3946 nam
872 3883 905 3947 in
934 3885 993 3948 tali
1014 3884 1143 3948 materia
1163 3886 1195 3949 et

125 3986 228 4056 'verbis
259 3990 290 4054 et
322 3989 436 4054 chartis
463 4007 588 4071 parcere
619 4008 741 4086 aequum
765 3990 822 4053 est.
882 3987 964 4064 Usus
987 4007 1056 4054 sum
1078 3989 1193 4073 Nuberi
