<?xml version="1.0" encoding="UTF-8"?>
<!DOCTYPE html PUBLIC "-//W3C//DTD XHTML 1.0 Transitional//EN"
    "http://www.w3.org/TR/xhtml1/DTD/xhtml1-transitional.dtd">
<html xmlns="http://www.w3.org/1999/xhtml" xml:lang="en" lang="en">
 <head>
  <title>
</title>
<meta http-equiv="Content-Type" content="text/html;charset=utf-8" />
  <meta name='ocr-system' content='tesseract 3.04.00' />
  <meta name='ocr-capabilities' content='ocr_page ocr_carea ocr_par ocr_line ocrx_word'/>
</head>
<body>
  <div class='ocr_page' id='page_1' title='image "./adversariacriti03madvgoog/adversariacriti03madvgoog_0098.png"; bbox 0 0 2918 4636; ppageno 0'>
   <div class='ocr_carea' id='block_1_1' title="bbox 588 269 1145 338">
    <p class='ocr_par' dir='ltr' id='par_1_1' title="bbox 588 269 1145 338">
     <span class='ocr_line' id='line_1_1' title="bbox 588 269 1145 338; baseline 0 -12"><span class='ocrx_word' id='word_1_1' title='bbox 588 269 711 330; x_wconf 80' lang='lat' dir='ltr'><strong>Ovidius.</strong></span> <span class='ocrx_word' id='word_1_2' title='bbox 1105 275 1145 338; x_wconf 76' lang='grc'><strong>85</strong></span> 
     </span>
    </p>
   </div>
   <div class='ocr_carea' id='block_1_2' title="bbox 118 467 1268 4020">
    <p class='ocr_par' dir='ltr' id='par_1_2' title="bbox 118 467 1129 656">
     <span class='ocr_line' id='line_1_2' title="bbox 118 467 1088 552; baseline 0.004 -18"><span class='ocrx_word' id='word_1_3' title='bbox 118 470 169 536; x_wconf 88' lang='lat' dir='ltr'><strong>bis</strong></span> <span class='ocrx_word' id='word_1_4' title='bbox 191 467 386 552; x_wconf 46' lang='lat' dir='ltr'><strong>&amp;ungenda</strong></span> <span class='ocrx_word' id='word_1_5' title='bbox 406 468 473 534; x_wconf 80' lang='lat' dir='ltr'><strong>bae</strong></span> <span class='ocrx_word' id='word_1_6' title='bbox 494 469 567 534; x_wconf 88' lang='lat' dir='ltr'><strong>sunt</strong></span> <span class='ocrx_word' id='word_1_7' title='bbox 587 467 722 534; x_wconf 78' lang='lat' dir='ltr'><strong>faciliore</strong></span> <span class='ocrx_word' id='word_1_8' title='bbox 742 470 838 537; x_wconf 87' lang='lat' dir='ltr'><strong>etiarn</strong></span> <span class='ocrx_word' id='word_1_9' title='bbox 860 473 1088 540; x_wconf 77' lang='lat' dir='ltr'><strong>emendationer</strong></span> 
     </span>
     <span class='ocr_line' id='line_1_3' title="bbox 474 573 1129 656; baseline 0.003 -18"><span class='ocrx_word' id='word_1_10' title='bbox 474 575 598 656; x_wconf 90' lang='lat' dir='ltr'><strong>superat</strong></span> <span class='ocrx_word' id='word_1_11' title='bbox 619 573 697 638; x_wconf 90' lang='lat' dir='ltr'><strong>mihi</strong></span> <span class='ocrx_word' id='word_1_12' title='bbox 717 576 819 656; x_wconf 76' lang='lat' dir='ltr'><strong>miles,</strong></span> <span class='ocrx_word' id='word_1_13' title='bbox 841 579 874 642; x_wconf 92' lang='lat' dir='ltr'><strong>et</strong></span> <span class='ocrx_word' id='word_1_14' title='bbox 896 577 952 642; x_wconf 82' lang='lat' dir='ltr'><strong>boc</strong></span> <span class='ocrx_word' id='word_1_15' title='bbox 973 589 1022 655; x_wconf 77' lang='lat' dir='ltr'><strong>eet,</strong></span> <span class='ocrx_word' id='word_1_16' title='bbox 1126 581 1129 588; x_wconf 89' lang='lat'>&#39;</span> 
     </span>
    </p>

    <p class='ocr_par' dir='ltr' id='par_1_3' title="bbox 118 675 1188 977">
     <span class='ocr_line' id='line_1_4' title="bbox 190 675 1184 766; baseline 0.007 -22"><span class='ocrx_word' id='word_1_17' title='bbox 190 675 192 682; x_wconf 80' lang='grc'><em>’</em></span> <span class='ocrx_word' id='word_1_18' title='bbox 322 679 424 764; x_wconf 80' lang='lat' dir='ltr'><strong>gratia</strong></span> <span class='ocrx_word' id='word_1_19' title='bbox 445 678 501 754; x_wconf 86' lang='lat' dir='ltr'><strong>dis,</strong></span> <span class='ocrx_word' id='word_1_20' title='bbox 522 678 596 744; x_wconf 81' lang='lat' dir='ltr'><strong>felix</strong></span> <span class='ocrx_word' id='word_1_21' title='bbox 617 681 649 745; x_wconf 89' lang='lat' dir='ltr'><strong>et</strong></span> <span class='ocrx_word' id='word_1_22' title='bbox 669 680 874 748; x_wconf 75' lang='lat' dir='ltr'><strong>inexcusabile</strong></span> <span class='ocrx_word' id='word_1_23' title='bbox 895 684 1056 766; x_wconf 75' lang='lat' dir='ltr'><strong>tempus·</strong></span> <span class='ocrx_word' id='word_1_24' title='bbox 1180 695 1184 702; x_wconf 89' lang='lat'>&#39;</span> 
     </span>
     <span class='ocr_line' id='line_1_5' title="bbox 120 783 1188 872; baseline 0.006 -20"><span class='ocrx_word' id='word_1_25' title='bbox 120 787 162 852; x_wconf 69' lang='lat' dir='ltr'><strong>bt</strong></span> <span class='ocrx_word' id='word_1_26' title='bbox 183 785 287 870; x_wconf 84' lang='lat' dir='ltr'><strong>copias</strong></span> <span class='ocrx_word' id='word_1_27' title='bbox 309 783 369 851; x_wconf 92' lang='lat' dir='ltr'><strong>sibi</strong></span> <span class='ocrx_word' id='word_1_28' title='bbox 380 802 539 868; x_wconf 80' lang='lat' dir='ltr'><strong>superesse</strong></span> <span class='ocrx_word' id='word_1_29' title='bbox 554 783 608 864; x_wconf 79' lang='lat' dir='ltr'><strong>ait,</strong></span> <span class='ocrx_word' id='word_1_30' title='bbox 625 787 657 850; x_wconf 90' lang='lat' dir='ltr'><strong>et</strong></span> <span class='ocrx_word' id='word_1_31' title='bbox 676 788 799 869; x_wconf 90' lang='lat' dir='ltr'><strong>tempus</strong></span> <span class='ocrx_word' id='word_1_32' title='bbox 819 788 877 854; x_wconf 92' lang='lat' dir='ltr'><strong>hoc</strong></span> <span class='ocrx_word' id='word_1_33' title='bbox 898 790 1103 872; x_wconf 88' lang='lat' dir='ltr'><strong>opportunum</strong></span> <span class='ocrx_word' id='word_1_34' title='bbox 1119 809 1188 858; x_wconf 87' lang='lat' dir='ltr'><strong>osse</strong></span> 
     </span>
     <span class='ocr_line' id='line_1_6' title="bbox 118 891 992 977; baseline -0.002 -17"><span class='ocrx_word' id='word_1_35' title='bbox 118 896 153 960; x_wconf 89' lang='lat' dir='ltr'><strong>ot</strong></span> <span class='ocrx_word' id='word_1_36' title='bbox 174 891 258 977; x_wconf 85' lang='lat' dir='ltr'><strong>quod</strong></span> <span class='ocrx_word' id='word_1_37' title='bbox 279 891 397 957; x_wconf 90' lang='lat' dir='ltr'><strong>nullam</strong></span> <span class='ocrx_word' id='word_1_38' title='bbox 419 892 645 957; x_wconf 85' lang='lat' dir='ltr'><strong>exeusationem</strong></span> <span class='ocrx_word' id='word_1_39' title='bbox 667 892 720 958; x_wconf 85' lang='lat' dir='ltr'><strong>det</strong></span> <span class='ocrx_word' id='word_1_40' title='bbox 740 893 858 958; x_wconf 80' lang='lat' dir='ltr'><strong>ferendi</strong></span> <span class='ocrx_word' id='word_1_41' title='bbox 880 895 992 960; x_wconf 82' lang='lat' dir='ltr'><strong>auxilii.</strong></span> 
     </span>
    </p>

    <p class='ocr_par' dir='ltr' id='par_1_4' title="bbox 119 995 1254 2976">
     <span class='ocr_line' id='line_1_7' title="bbox 221 995 796 1082; baseline -0.003 -18"><span class='ocrx_word' id='word_1_42' title='bbox 221 995 294 1074; x_wconf 85' lang='lat' dir='ltr'><strong>Vll,</strong></span> <span class='ocrx_word' id='word_1_43' title='bbox 317 995 378 1059; x_wconf 80' lang='lat'><strong>558</strong></span> <span class='ocrx_word' id='word_1_44' title='bbox 401 996 452 1075; x_wconf 87' lang='lat' dir='ltr'><strong>(de</strong></span> <span class='ocrx_word' id='word_1_45' title='bbox 474 997 565 1082; x_wconf 79' lang='lat' dir='ltr'><strong>aegris</strong></span> <span class='ocrx_word' id='word_1_46' title='bbox 586 997 796 1080; x_wconf 74' lang='lat' dir='ltr'><strong>pestilentialt</strong></span> 
     </span>
     <span class='ocr_line' id='line_1_8' title="bbox 272 1101 1095 1187; baseline 0.002 -19"><span class='ocrx_word' id='word_1_47' title='bbox 272 1101 343 1184; x_wconf 83' lang='lat' dir='ltr'><strong>Non</strong></span> <span class='ocrx_word' id='word_1_48' title='bbox 365 1102 508 1177; x_wconf 86' lang='lat' dir='ltr'><strong>stratum,</strong></span> <span class='ocrx_word' id='word_1_49' title='bbox 531 1120 590 1166; x_wconf 92' lang='lat' dir='ltr'><strong>uon</strong></span> <span class='ocrx_word' id='word_1_50' title='bbox 611 1102 675 1168; x_wconf 83' lang='lat' dir='ltr'><strong>ulle</strong></span> <span class='ocrx_word' id='word_1_51' title='bbox 695 1103 763 1185; x_wconf 87' lang='lat' dir='ltr'><strong>pati</strong></span> <span class='ocrx_word' id='word_1_52' title='bbox 783 1105 937 1170; x_wconf 85' lang='lat' dir='ltr'><strong>velamina</strong></span> <span class='ocrx_word' id='word_1_53' title='bbox 957 1109 1095 1187; x_wconf 82' lang='lat' dir='ltr'><strong>possunt,</strong></span> 
     </span>
     <span class='ocr_line' id='line_1_9' title="bbox 273 1206 919 1292; baseline 0.005 -20"><span class='ocrx_word' id='word_1_54' title='bbox 273 1207 349 1272; x_wconf 82' lang='lat' dir='ltr'><strong>dura</strong></span> <span class='ocrx_word' id='word_1_55' title='bbox 370 1206 477 1273; x_wconf 90' lang='lat' dir='ltr'><strong>sedin</strong></span> <span class='ocrx_word' id='word_1_56' title='bbox 499 1208 583 1273; x_wconf 86' lang='lat' dir='ltr'><strong>torre</strong></span> <span class='ocrx_word' id='word_1_57' title='bbox 602 1211 719 1291; x_wconf 87' lang='lat' dir='ltr'><strong>ponunt</strong></span> <span class='ocrx_word' id='word_1_58' title='bbox 740 1209 919 1292; x_wconf 85' lang='lat' dir='ltr'><strong>praecordia.</strong></span> 
     </span>
     <span class='ocr_line' id='line_1_10' title="bbox 122 1312 1192 1396; baseline 0.004 -16"><span class='ocrx_word' id='word_1_59' title='bbox 122 1316 273 1382; x_wconf 82' lang='lat' dir='ltr'><strong>Perverse</strong></span> <span class='ocrx_word' id='word_1_60' title='bbox 295 1312 532 1396; x_wconf 77' lang='lat' dir='ltr'><strong>praecordiorum</strong></span> <span class='ocrx_word' id='word_1_61' title='bbox 554 1312 687 1391; x_wconf 81' lang='lat' dir='ltr'><strong>duritie,</strong></span> <span class='ocrx_word' id='word_1_62' title='bbox 709 1333 776 1396; x_wconf 83' lang='lat' dir='ltr'><strong>quae</strong></span> <span class='ocrx_word' id='word_1_63' title='bbox 797 1315 884 1380; x_wconf 91' lang='lat' dir='ltr'><strong>nulla</strong></span> <span class='ocrx_word' id='word_1_64' title='bbox 904 1318 980 1393; x_wconf 83' lang='lat' dir='ltr'><strong>erat,</strong></span> <span class='ocrx_word' id='word_1_65' title='bbox 1002 1333 1192 1388; x_wconf 69' lang='lat' dir='ltr'><strong>commemo.</strong></span> 
     </span>
     <span class='ocr_line' id='line_1_11' title="bbox 119 1418 1254 1505; baseline 0.002 -21"><span class='ocrx_word' id='word_1_66' title='bbox 119 1421 215 1496; x_wconf 86' lang='lat' dir='ltr'><strong>ratur,</strong></span> <span class='ocrx_word' id='word_1_67' title='bbox 237 1418 392 1484; x_wconf 88' lang='lat' dir='ltr'><strong>omittitur</strong></span> <span class='ocrx_word' id='word_1_68' title='bbox 412 1420 511 1484; x_wconf 74' lang='lat' dir='ltr'><strong>terra.</strong></span> <span class='ocrx_word' id='word_1_69' title='bbox 553 1418 755 1483; x_wconf 78' lang='lat' dir='ltr'><strong>Manifestum</strong></span> <span class='ocrx_word' id='word_1_70' title='bbox 777 1421 833 1495; x_wconf 90' lang='lat' dir='ltr'><strong>est,</strong></span> <span class='ocrx_word' id='word_1_71' title='bbox 857 1421 979 1502; x_wconf 87' lang='lat' dir='ltr'><strong>poetam</strong></span> <span class='ocrx_word' id='word_1_72' title='bbox 999 1421 1154 1504; x_wconf 69' lang='lat' dir='ltr'><strong>posuisset</strong></span> <span class='ocrx_word' id='word_1_73' title='bbox 1234 1455 1254 1505; x_wconf 59' lang='lat'><strong>¹.</strong></span> 
     </span>
     <span class='ocr_line' id='line_1_12' title="bbox 323 1524 923 1606; baseline 0.007 -20"><span class='ocrx_word' id='word_1_74' title='bbox 323 1524 403 1586; x_wconf 82' lang='lat' dir='ltr'><strong>doro</strong></span> <span class='ocrx_word' id='word_1_75' title='bbox 424 1524 477 1586; x_wconf 83' lang='lat' dir='ltr'><strong>eod</strong></span> <span class='ocrx_word' id='word_1_76' title='bbox 498 1532 579 1586; x_wconf 76' lang='lat' dir='ltr'><strong>terro</strong></span> <span class='ocrx_word' id='word_1_77' title='bbox 602 1525 719 1606; x_wconf 92' lang='lat' dir='ltr'><strong>ponunt</strong></span> <span class='ocrx_word' id='word_1_78' title='bbox 743 1525 923 1606; x_wconf 76' lang='lat' dir='ltr'><strong>precordia,</strong></span> 
     </span>
     <span class='ocr_line' id='line_1_13' title="bbox 122 1627 1189 1715; baseline 0.006 -22"><span class='ocrx_word' id='word_1_79' title='bbox 122 1629 215 1714; x_wconf 87' lang='lat' dir='ltr'><strong>idque</strong></span> <span class='ocrx_word' id='word_1_80' title='bbox 239 1627 344 1694; x_wconf 85' lang='lat' dir='ltr'><strong>addita</strong></span> <span class='ocrx_word' id='word_1_81' title='bbox 367 1628 581 1711; x_wconf 78' lang='lat' dir='ltr'><strong>praepositione</strong></span> <span class='ocrx_word' id='word_1_82' title='bbox 604 1629 780 1710; x_wconf 88' lang='lat' dir='ltr'><strong>corruptum</strong></span> <span class='ocrx_word' id='word_1_83' title='bbox 802 1648 888 1706; x_wconf 70' lang='lat' dir='ltr'><strong>esser</strong></span> <span class='ocrx_word' id='word_1_84' title='bbox 910 1631 977 1711; x_wconf 76' lang='lat' dir='ltr'><strong>oin,</strong></span> <span class='ocrx_word' id='word_1_85' title='bbox 999 1633 1116 1715; x_wconf 90' lang='lat' dir='ltr'><strong>siopus</strong></span> <span class='ocrx_word' id='word_1_86' title='bbox 1131 1635 1189 1713; x_wconf 83' lang='lat' dir='ltr'><strong>eet,</strong></span> 
     </span>
     <span class='ocr_line' id='line_1_14' title="bbox 121 1731 1192 1820; baseline 0.006 -24"><span class='ocrx_word' id='word_1_87' title='bbox 121 1731 177 1816; x_wconf 82' lang='lat' dir='ltr'><strong>iv,</strong></span> <span class='ocrx_word' id='word_1_88' title='bbox 201 1735 262 1800; x_wconf 80' lang='lat'><strong>261</strong></span> <span class='ocrx_word' id='word_1_89' title='bbox 287 1735 379 1817; x_wconf 81' lang='lat' dir='ltr'><strong>(aedit</strong></span> <span class='ocrx_word' id='word_1_90' title='bbox 399 1734 489 1798; x_wconf 76' lang='lat' dir='ltr'><strong>humo</strong></span> <span class='ocrx_word' id='word_1_91' title='bbox 511 1735 639 1816; x_wconf 78' lang='lat' dir='ltr'><strong>nudo)5</strong></span> <span class='ocrx_word' id='word_1_92' title='bbox 668 1732 722 1810; x_wconf 83' lang='lat' dir='ltr'><strong>lx,</strong></span> <span class='ocrx_word' id='word_1_93' title='bbox 759 1734 822 1798; x_wconf 80' lang='lat'><strong>650</strong></span> <span class='ocrx_word' id='word_1_94' title='bbox 844 1737 1065 1820; x_wconf 68' lang='lat' dir='ltr'><strong>(coraposito</strong></span> <span class='ocrx_word' id='word_1_95' title='bbox 1088 1737 1192 1802; x_wconf 62' lang='lat' dir='ltr'><strong>waere</strong></span> 
     </span>
     <span class='ocr_line' id='line_1_15' title="bbox 119 1841 1078 1926; baseline -0.002 -20"><span class='ocrx_word' id='word_1_96' title='bbox 119 1841 270 1926; x_wconf 78' lang='lat' dir='ltr'><strong>capillis).</strong></span> <span class='ocrx_word' id='word_1_97' title='bbox 485 1893 488 1900; x_wconf 93' lang='lat'>.</span> <span class='ocrx_word' id='word_1_98' title='bbox 551 1867 553 1872; x_wconf 95' lang='lat'>·</span> <span class='ocrx_word' id='word_1_99' title='bbox 1076 1879 1078 1884; x_wconf 94' lang='lat'>·</span> 
     </span>
     <span class='ocr_line' id='line_1_16' title="bbox 222 1946 700 2026; baseline -0.01 -15"><span class='ocrx_word' id='word_1_100' title='bbox 222 1947 294 2026; x_wconf 80' lang='lat' dir='ltr'><strong>vii,</strong></span> <span class='ocrx_word' id='word_1_101' title='bbox 316 1946 395 2011; x_wconf 74' lang='lat'><strong>612:</strong></span> <span class='ocrx_word' id='word_1_102' title='bbox 697 2001 700 2006; x_wconf 92' lang='lat'>.</span> 
     </span>
     <span class='ocr_line' id='line_1_17' title="bbox 706 2053 1092 2136; baseline 0.005 -18"><span class='ocrx_word' id='word_1_103' title='bbox 706 2053 920 2136; x_wconf 81' lang='lat' dir='ltr'><strong>indefletaeque</strong></span> <span class='ocrx_word' id='word_1_104' title='bbox 941 2055 1092 2136; x_wconf 84' lang='lat' dir='ltr'><strong>vagantur</strong></span> 
     </span>
     <span class='ocr_line' id='line_1_18' title="bbox 205 2159 1138 2244; baseline 0 -20"><span class='ocrx_word' id='word_1_105' title='bbox 205 2159 350 2224; x_wconf 88' lang='lat' dir='ltr'><strong>notarum</strong></span> <span class='ocrx_word' id='word_1_106' title='bbox 372 2161 567 2242; x_wconf 88' lang='lat' dir='ltr'><strong>matrumque</strong></span> <span class='ocrx_word' id='word_1_107' title='bbox 589 2159 710 2236; x_wconf 71' lang='lat' dir='ltr'><strong>amma,</strong></span> <span class='ocrx_word' id='word_1_108' title='bbox 732 2159 938 2242; x_wconf 88' lang='lat' dir='ltr'><strong>iuvenumque</strong></span> <span class='ocrx_word' id='word_1_109' title='bbox 961 2177 1138 2244; x_wconf 90' lang='lat' dir='ltr'><strong>senumque.</strong></span> 
     </span>
     <span class='ocr_line' id='line_1_19' title="bbox 123 2263 1192 2347; baseline 0.004 -20"><span class='ocrx_word' id='word_1_110' title='bbox 123 2263 277 2332; x_wconf 85' lang='lat' dir='ltr'><strong>Inusitate</strong></span> <span class='ocrx_word' id='word_1_111' title='bbox 299 2264 331 2328; x_wconf 88' lang='lat' dir='ltr'><strong>ct</strong></span> <span class='ocrx_word' id='word_1_112' title='bbox 351 2281 492 2346; x_wconf 86' lang='lat' dir='ltr'><strong>perverse</strong></span> <span class='ocrx_word' id='word_1_113' title='bbox 518 2264 550 2326; x_wconf 91' lang='lat' dir='ltr'><strong>in</strong></span> <span class='ocrx_word' id='word_1_114' title='bbox 573 2265 727 2330; x_wconf 88' lang='lat' dir='ltr'><strong>communi</strong></span> <span class='ocrx_word' id='word_1_115' title='bbox 749 2264 837 2330; x_wconf 88' lang='lat' dir='ltr'><strong>clade</strong></span> <span class='ocrx_word' id='word_1_116' title='bbox 858 2263 981 2328; x_wconf 87' lang='lat' dir='ltr'><strong>feminae</strong></span> <span class='ocrx_word' id='word_1_117' title='bbox 1004 2264 1103 2347; x_wconf 88' lang='lat' dir='ltr'><strong>primo</strong></span> <span class='ocrx_word' id='word_1_118' title='bbox 1125 2265 1192 2332; x_wconf 90' lang='lat' dir='ltr'><strong>loco</strong></span> 
     </span>
     <span class='ocr_line' id='line_1_20' title="bbox 122 2353 1194 2456; baseline 0 -20"><span class='ocrx_word' id='word_1_119' title='bbox 122 2370 293 2456; x_wconf 84' lang='lat' dir='ltr'><strong>separatim</strong></span> <span class='ocrx_word' id='word_1_120' title='bbox 315 2368 532 2445; x_wconf 79' lang='lat' dir='ltr'><strong>nominantur,</strong></span> <span class='ocrx_word' id='word_1_121' title='bbox 555 2367 664 2434; x_wconf 85' lang='lat' dir='ltr'><strong>deinde</strong></span> <span class='ocrx_word' id='word_1_122' title='bbox 685 2369 834 2442; x_wconf 77' lang='lat' dir='ltr'><strong>transitur</strong></span> <span class='ocrx_word' id='word_1_123' title='bbox 856 2368 896 2434; x_wconf 88' lang='lat' dir='ltr'><strong>ad</strong></span> <span class='ocrx_word' id='word_1_124' title='bbox 911 2353 1029 2437; x_wconf 56' lang='lat' dir='ltr'><strong>&#39;marea</strong></span> <span class='ocrx_word' id='word_1_125' title='bbox 1083 2371 1120 2434; x_wconf 91' lang='lat' dir='ltr'><strong>In</strong></span> <span class='ocrx_word' id='word_1_126' title='bbox 1142 2387 1194 2436; x_wconf 89' lang='lat' dir='ltr'><strong>co-</strong></span> 
     </span>
     <span class='ocr_line' id='line_1_21' title="bbox 125 2473 1192 2560; baseline -0.002 -18"><span class='ocrx_word' id='word_1_127' title='bbox 125 2477 246 2544; x_wconf 85' lang='lat' dir='ltr'><strong>dicibus</strong></span> <span class='ocrx_word' id='word_1_128' title='bbox 270 2476 319 2542; x_wconf 81' lang='lat' dir='ltr'><strong>est</strong></span> <span class='ocrx_word' id='word_1_129' title='bbox 340 2483 552 2558; x_wconf 71' lang='lat' dir='ltr'><strong>colorumque,</strong></span> <span class='ocrx_word' id='word_1_130' title='bbox 573 2473 644 2538; x_wconf 85' lang='lat' dir='ltr'><strong>dein</strong></span> <span class='ocrx_word' id='word_1_131' title='bbox 674 2475 833 2558; x_wconf 76' lang='lat' dir='ltr'><strong>virumque</strong></span> <span class='ocrx_word' id='word_1_132' title='bbox 858 2473 916 2550; x_wconf 76' lang='lat' dir='ltr'><strong>(Mt</strong></span> <span class='ocrx_word' id='word_1_133' title='bbox 943 2474 998 2550; x_wconf 74' lang='lat' dir='ltr'><strong>aut</strong></span> <span class='ocrx_word' id='word_1_134' title='bbox 1021 2483 1192 2560; x_wconf 76' lang='lat' dir='ltr'><strong>uberemque.</strong></span> 
     </span>
     <span class='ocr_line' id='line_1_22' title="bbox 122 2578 1193 2666; baseline 0.001 -19"><span class='ocrx_word' id='word_1_135' title='bbox 122 2581 326 2649; x_wconf 78' lang='lat' dir='ltr'><strong>Scribonium</strong></span> <span class='ocrx_word' id='word_1_136' title='bbox 346 2581 442 2664; x_wconf 83' lang='lat' dir='ltr'><strong>igitur</strong></span> <span class='ocrx_word' id='word_1_137' title='bbox 474 2578 569 2663; x_wconf 86' lang='lat' dir='ltr'><strong>[quod</strong></span> <span class='ocrx_word' id='word_1_138' title='bbox 595 2579 688 2645; x_wconf 89' lang='lat' dir='ltr'><strong>ctiam</strong></span> <span class='ocrx_word' id='word_1_139' title='bbox 716 2579 844 2646; x_wconf 90' lang='lat' dir='ltr'><strong>Heinsio</strong></span> <span class='ocrx_word' id='word_1_140' title='bbox 870 2580 902 2645; x_wconf 92' lang='lat' dir='ltr'><strong>in</strong></span> <span class='ocrx_word' id='word_1_141' title='bbox 930 2581 1056 2644; x_wconf 91' lang='lat' dir='ltr'><strong>menten</strong></span> <span class='ocrx_word' id='word_1_142' title='bbox 1077 2582 1193 2666; x_wconf 82' lang='lat' dir='ltr'><strong>venit]:</strong></span> 
     </span>
     <span class='ocr_line' id='line_1_23' title="bbox 209 2674 1179 2770; baseline 0.004 -20"><span class='ocrx_word' id='word_1_143' title='bbox 209 2696 412 2770; x_wconf 70' lang='lat' dir='ltr'><strong>coccumque</strong></span> <span class='ocrx_word' id='word_1_144' title='bbox 429 2695 612 2769; x_wconf 80' lang='lat' dir='ltr'><strong>patrumque</strong></span> <span class='ocrx_word' id='word_1_145' title='bbox 634 2686 754 2763; x_wconf 82' lang='lat' dir='ltr'><strong>animae,</strong></span> <span class='ocrx_word' id='word_1_146' title='bbox 775 2674 979 2768; x_wconf 87' lang='lat' dir='ltr'><strong>iuvenumque</strong></span> <span class='ocrx_word' id='word_1_147' title='bbox 1002 2693 1179 2768; x_wconf 87' lang='lat' dir='ltr'><strong>senumque.</strong></span> 
     </span>
     <span class='ocr_line' id='line_1_24' title="bbox 277 2785 1055 2875; baseline -0.004 -19"><span class='ocrx_word' id='word_1_148' title='bbox 277 2791 450 2857; x_wconf 84' lang='lat' dir='ltr'><strong>Masculino</strong></span> <span class='ocrx_word' id='word_1_149' title='bbox 471 2809 583 2875; x_wconf 82' lang='lat' dir='ltr'><strong>genere</strong></span> <span class='ocrx_word' id='word_1_150' title='bbox 604 2791 726 2856; x_wconf 84' lang='lat' dir='ltr'><strong>feminae</strong></span> <span class='ocrx_word' id='word_1_151' title='bbox 748 2785 1055 2874; x_wconf 78' lang='lat' dir='ltr'><strong>comprehenduntur.</strong></span> 
     </span>
     <span class='ocr_line' id='line_1_25' title="bbox 228 2896 994 2976; baseline -0.003 -14"><span class='ocrx_word' id='word_1_152' title='bbox 228 2898 298 2976; x_wconf 85' lang='lat' dir='ltr'><strong>Vll,</strong></span> <span class='ocrx_word' id='word_1_153' title='bbox 321 2897 382 2959; x_wconf 83' lang='lat'><strong>687</strong></span> <span class='ocrx_word' id='word_1_154' title='bbox 405 2898 437 2961; x_wconf 91' lang='lat' dir='ltr'><strong>in</strong></span> <span class='ocrx_word' id='word_1_155' title='bbox 460 2898 566 2962; x_wconf 87' lang='lat' dir='ltr'><strong>codice</strong></span> <span class='ocrx_word' id='word_1_156' title='bbox 587 2897 746 2962; x_wconf 85' lang='lat' dir='ltr'><strong>Marciano</strong></span> <span class='ocrx_word' id='word_1_157' title='bbox 767 2896 812 2962; x_wconf 92' lang='lat' dir='ltr'><strong>sic</strong></span> <span class='ocrx_word' id='word_1_158' title='bbox 837 2897 994 2962; x_wconf 79' lang='lat' dir='ltr'><strong>scribitur:</strong></span> 
     </span>
    </p>

    <p class='ocr_par' dir='ltr' id='par_1_5' title="bbox 211 3001 1101 3087">
     <span class='ocr_line' id='line_1_26' title="bbox 211 3001 1101 3087; baseline -0.001 -19"><span class='ocrx_word' id='word_1_159' title='bbox 211 3003 287 3083; x_wconf 80' lang='lat' dir='ltr'><strong>Quae</strong></span> <span class='ocrx_word' id='word_1_160' title='bbox 308 3003 397 3087; x_wconf 73' lang='lat' dir='ltr'><strong>petit,</strong></span> <span class='ocrx_word' id='word_1_161' title='bbox 418 3002 472 3068; x_wconf 88' lang='lat' dir='ltr'><strong>ille</strong></span> <span class='ocrx_word' id='word_1_162' title='bbox 492 3003 588 3067; x_wconf 83' lang='lat' dir='ltr'><strong>refert</strong></span> <span class='ocrx_word' id='word_1_163' title='bbox 609 3003 746 3068; x_wconf 87' lang='lat' dir='ltr'><strong>ceterum</strong></span> <span class='ocrx_word' id='word_1_164' title='bbox 768 3019 891 3068; x_wconf 88' lang='lat' dir='ltr'><strong>narrare</strong></span> <span class='ocrx_word' id='word_1_165' title='bbox 912 3001 1021 3083; x_wconf 84' lang='lat' dir='ltr'><strong>pudori</strong></span> <span class='ocrx_word' id='word_1_166' title='bbox 1044 3004 1101 3079; x_wconf 85' lang='lat' dir='ltr'><strong>est,</strong></span> 
     </span>
    </p>

    <p class='ocr_par' dir='ltr' id='par_1_6' title="bbox 125 3105 1268 3509">
     <span class='ocr_line' id='line_1_27' title="bbox 210 3105 572 3193; baseline -0.017 -17"><span class='ocrx_word' id='word_1_167' title='bbox 210 3129 272 3193; x_wconf 91' lang='lat' dir='ltr'><strong>qua</strong></span> <span class='ocrx_word' id='word_1_168' title='bbox 292 3107 401 3175; x_wconf 90' lang='lat' dir='ltr'><strong>tulerit</strong></span> <span class='ocrx_word' id='word_1_169' title='bbox 421 3105 572 3180; x_wconf 87' lang='lat' dir='ltr'><strong>mercede,</strong></span> 
     </span>
     <span class='ocr_line' id='line_1_28' title="bbox 125 3210 1245 3300; baseline -0.003 -19"><span class='ocrx_word' id='word_1_170' title='bbox 125 3233 228 3300; x_wconf 87' lang='lat' dir='ltr'><strong>equa</strong></span> <span class='ocrx_word' id='word_1_171' title='bbox 248 3215 420 3298; x_wconf 89' lang='lat' dir='ltr'><strong>scriptura,</strong></span> <span class='ocrx_word' id='word_1_172' title='bbox 456 3229 527 3276; x_wconf 88' lang='lat' dir='ltr'><strong>oum</strong></span> <span class='ocrx_word' id='word_1_173' title='bbox 550 3220 678 3276; x_wconf 70' lang='lat' dir='ltr'><strong>neuram</strong></span> <span class='ocrx_word' id='word_1_174' title='bbox 698 3230 805 3278; x_wconf 85' lang='lat' dir='ltr'><strong>versus</strong></span> <span class='ocrx_word' id='word_1_175' title='bbox 828 3231 889 3280; x_wconf 93' lang='lat' dir='ltr'><strong>non</strong></span> <span class='ocrx_word' id='word_1_176' title='bbox 920 3212 1034 3291; x_wconf 78' lang='lat' dir='ltr'><strong>ferret,</strong></span> <span class='ocrx_word' id='word_1_177' title='bbox 1070 3210 1197 3295; x_wconf 77' lang='lat' dir='ltr'><strong>reliqua</strong></span> <span class='ocrx_word' id='word_1_178' title='bbox 1236 3265 1245 3278; x_wconf 90' lang='lat'><strong><em>.</em></strong></span> 
     </span>
     <span class='ocr_line' id='line_1_29' title="bbox 127 3317 1268 3404; baseline 0 -21"><span class='ocrx_word' id='word_1_179' title='bbox 127 3319 342 3404; x_wconf 88' lang='lat' dir='ltr'><strong>interpolando</strong></span> <span class='ocrx_word' id='word_1_180' title='bbox 364 3320 445 3384; x_wconf 77' lang='lat' dir='ltr'><strong>nata</strong></span> <span class='ocrx_word' id='word_1_181' title='bbox 468 3319 551 3384; x_wconf 79' lang='lat' dir='ltr'><strong>sunt.</strong></span> <span class='ocrx_word' id='word_1_182' title='bbox 596 3318 632 3382; x_wconf 93' lang='lat' dir='ltr'><strong>ln</strong></span> <span class='ocrx_word' id='word_1_183' title='bbox 652 3317 706 3384; x_wconf 89' lang='lat' dir='ltr'><strong>illa</strong></span> <span class='ocrx_word' id='word_1_184' title='bbox 720 3320 796 3400; x_wconf 89' lang='lat' dir='ltr'><strong>puto</strong></span> <span class='ocrx_word' id='word_1_185' title='bbox 811 3319 936 3385; x_wconf 89' lang='lat' dir='ltr'><strong>subesse</strong></span> <span class='ocrx_word' id='word_1_186' title='bbox 952 3336 1063 3384; x_wconf 88' lang='lat' dir='ltr'><strong>nomen</strong></span> <span class='ocrx_word' id='word_1_187' title='bbox 1082 3317 1197 3402; x_wconf 78' lang='lat' dir='ltr'><strong>ignota</strong></span> <span class='ocrx_word' id='word_1_188' title='bbox 1265 3323 1268 3330; x_wconf 81' lang='grc'>’</span> 
     </span>
     <span class='ocr_line' id='line_1_30' title="bbox 130 3421 826 3509; baseline 0 -20"><span class='ocrx_word' id='word_1_189' title='bbox 130 3426 230 3492; x_wconf 87' lang='lat' dir='ltr'><strong>Phoco</strong></span> <span class='ocrx_word' id='word_1_190' title='bbox 251 3423 368 3494; x_wconf 86' lang='lat' dir='ltr'><strong>arboris</strong></span> <span class='ocrx_word' id='word_1_191' title='bbox 391 3435 435 3498; x_wconf 81' lang='lat' dir='ltr'><strong>(v.</strong></span> <span class='ocrx_word' id='word_1_192' title='bbox 459 3423 532 3502; x_wconf 79' lang='lat'>672)</span> <span class='ocrx_word' id='word_1_193' title='bbox 554 3421 826 3509; x_wconf 84' lang='lat' dir='ltr'><strong>scribendumque:</strong></span> 
     </span>
    </p>

    <p class='ocr_par' dir='ltr' id='par_1_7' title="bbox 214 3528 1123 3614">
     <span class='ocr_line' id='line_1_31' title="bbox 214 3528 1123 3614; baseline -0.006 -17"><span class='ocrx_word' id='word_1_194' title='bbox 214 3531 289 3612; x_wconf 79' lang='lat' dir='ltr'><strong>Quae</strong></span> <span class='ocrx_word' id='word_1_195' title='bbox 312 3530 402 3614; x_wconf 87' lang='lat' dir='ltr'><strong>petit,</strong></span> <span class='ocrx_word' id='word_1_196' title='bbox 422 3529 476 3594; x_wconf 91' lang='lat' dir='ltr'><strong>ille</strong></span> <span class='ocrx_word' id='word_1_197' title='bbox 497 3529 607 3606; x_wconf 78' lang='lat' dir='ltr'><strong>relert3</strong></span> <span class='ocrx_word' id='word_1_198' title='bbox 631 3529 763 3609; x_wconf 78' lang='lat' dir='ltr'><strong>cedrum,</strong></span> <span class='ocrx_word' id='word_1_199' title='bbox 785 3547 911 3596; x_wconf 86' lang='lat' dir='ltr'><strong>narrare</strong></span> <span class='ocrx_word' id='word_1_200' title='bbox 934 3528 1044 3611; x_wconf 88' lang='lat' dir='ltr'><strong>pudori</strong></span> <span class='ocrx_word' id='word_1_201' title='bbox 1065 3529 1123 3606; x_wconf 75' lang='lat' dir='ltr'><strong>est,</strong></span> 
     </span>
    </p>

    <p class='ocr_par' dir='ltr' id='par_1_8' title="bbox 214 3634 570 3721">
     <span class='ocr_line' id='line_1_32' title="bbox 214 3634 570 3721; baseline -0.008 -20"><span class='ocrx_word' id='word_1_202' title='bbox 214 3655 277 3721; x_wconf 86' lang='lat' dir='ltr'><strong>qus·</strong></span> <span class='ocrx_word' id='word_1_203' title='bbox 294 3635 401 3700; x_wconf 89' lang='lat' dir='ltr'><strong>tulerit</strong></span> <span class='ocrx_word' id='word_1_204' title='bbox 421 3634 570 3700; x_wconf 84' lang='lat' dir='ltr'><strong>mercede.</strong></span> 
     </span>
    </p>

    <p class='ocr_par' dir='ltr' id='par_1_9' title="bbox 231 3738 1154 4020">
     <span class='ocr_line' id='line_1_33' title="bbox 231 3738 1154 3823; baseline -0.008 -15"><span class='ocrx_word' id='word_1_205' title='bbox 231 3741 301 3820; x_wconf 82' lang='lat' dir='ltr'><strong>vn,</strong></span> <span class='ocrx_word' id='word_1_206' title='bbox 324 3740 395 3804; x_wconf 77' lang='grc'><strong>741.</strong></span> <span class='ocrx_word' id='word_1_207' title='bbox 445 3739 547 3806; x_wconf 78' lang='lat' dir='ltr'><strong>Coton</strong></span> <span class='ocrx_word' id='word_1_208' title='bbox 567 3741 744 3806; x_wconf 85' lang='lat' dir='ltr'><strong>Marcianus</strong></span> <span class='ocrx_word' id='word_1_209' title='bbox 765 3741 858 3823; x_wconf 86' lang='lat' dir='ltr'><strong>(apud</strong></span> <span class='ocrx_word' id='word_1_210' title='bbox 879 3739 1007 3805; x_wconf 86' lang='lat' dir='ltr'><strong>Merkel.</strong></span> <span class='ocrx_word' id='word_1_211' title='bbox 1028 3759 1059 3821; x_wconf 85' lang='lat' dir='ltr'><strong>p.</strong></span> <span class='ocrx_word' id='word_1_212' title='bbox 1081 3738 1154 3816; x_wconf 74' lang='lat' dir='ltr'>IVJ:</span> 
     </span>
     <span class='ocr_line' id='line_1_34' title="bbox 257 3835 1089 3916; baseline -0.006 -4"><span class='ocrx_word' id='word_1_213' title='bbox 257 3847 401 3914; x_wconf 74' lang='lat' dir='ltr'><strong>Excbmo</strong></span> <span class='ocrx_word' id='word_1_214' title='bbox 422 3835 504 3914; x_wconf 85' lang='lat' dir='ltr'><strong>rnale</strong></span> <span class='ocrx_word' id='word_1_215' title='bbox 525 3846 612 3912; x_wconf 89' lang='lat' dir='ltr'><strong>fictor</strong></span> <span class='ocrx_word' id='word_1_216' title='bbox 634 3846 723 3912; x_wconf 85' lang='lat' dir='ltr'><strong>adest</strong></span> <span class='ocrx_word' id='word_1_217' title='bbox 743 3846 824 3912; x_wconf 90' lang='lat' dir='ltr'><strong>male</strong></span> <span class='ocrx_word' id='word_1_218' title='bbox 848 3845 938 3912; x_wconf 87' lang='lat' dir='ltr'><strong>fictus</strong></span> <span class='ocrx_word' id='word_1_219' title='bbox 961 3843 1089 3916; x_wconf 70' lang='lat' dir='ltr'><strong>adulto,</strong></span> 
     </span>
     <span class='ocr_line' id='line_1_35' title="bbox 259 3952 699 4020; baseline 0 -2"><span class='ocrx_word' id='word_1_220' title='bbox 259 3971 458 4020; x_wconf 79' lang='lat' dir='ltr'><strong>renuerem</strong></span> <span class='ocrx_word' id='word_1_221' title='bbox 479 3952 618 4020; x_wconf 82' lang='lat' dir='ltr'><strong>coniunx.</strong></span> <span class='ocrx_word' id='word_1_222' title='bbox 695 3996 699 4003; x_wconf 57' lang='lat'>&gt;</span> 
     </span>
    </p>
   </div>
   <div class='ocr_carea' id='block_1_3' title="bbox 0 0 1479 4636">
    <p class='ocr_par' dir='ltr' id='par_1_10' title="bbox 0 0 1479 4636">
     <span class='ocr_line' id='line_1_36' title="bbox 0 0 1479 4636; baseline 0 0"><span class='ocrx_word' id='word_1_223' title='bbox 0 0 1479 4636; x_wconf 95' lang='lat' dir='ltr'><strong> </strong></span> 
     </span>
    </p>
   </div>
  </div>
 </body>
</html>
