2956 4648
285 256 346 320 522
641 255 701 310 ms.
711 255 789 310 vm.
797 255 903 325 capr.

242 458 317 520 vett
339 454 407 520 edd
429 457 511 518 recte
534 453 794 534 expleverunt
841 453 912 518 Alia
944 471 1005 518 uon
1037 471 1134 536 pauca
1152 455 1309 538 reperiet,

242 562 294 645 qui
317 563 436 625 ceteros
457 559 552 624 libros
576 557 808 642 pervestigabit.

343 681 408 748 lbd.
422 681 518 756 124:
538 679 976 761 Leutisscsquimodius
992 681 1156 747 totidem
1170 682 1309 763 operis,

240 793 401 856 occatur
422 804 509 862 una,
539 785 704 850 sarritur
726 782 891 860 duabus,
913 789 1100 850 runcatur
1121 805 1208 864 uua,
1230 788 1308 852 vel-

241 897 337 962 litur
355 910 434 958 una,
457 890 508 954 Sic
516 889 605 955 codd.
613 888 706 971 Sang.
719 891 751 954 et
758 889 921 964 Politiaui;
933 890 1085 956 editiones
1100 892 1182 956 vetti
1192 891 1308 956 habeut

240 1016 394 1084 operas3
410 994 723 1061 adduntroccntiores
743 994 1306 1079 desideratpostoperssmeces·

240 1107 320 1172 sario
334 1103 481 1186 praetcrea
492 1101 706 1166 addidebebat
722 1100 987 1178 bubulcorum,
1008 1102 1103 1166 utlrae
1119 1119 1218 1184 operae
1229 1103 1308 1167 corti

239 1211 362 1296 generis
394 1227 412 1273 a
439 1207 551 1272 ceteris
581 1207 802 1289 separarentur.
860 1207 922 1272 Sed
951 1207 1053 1290 potius
1085 1208 1124 1272 ad
1153 1225 1223 1272 cam
1243 1207 1307 1272 for·

239 1335 343 1390 mam,
387 1331 447 1398 qua
480 1315 512 1376 et
542 1329 636 1392 supra
668 1314 701 1376 et
734 1312 815 1376 iufra
849 1315 961 1395 sapius
992 1313 1167 1378 Columella
1198 1313 1307 1388 utitur,

238 1419 430 1488 scribendum
465 1421 526 1482 cst:
565 1416 731 1480 totidem
763 1419 893 1500 operis
926 1418 1115 1495 obruitur,
1148 1421 1307 1484 occatur

239 1545 312 1593 uua
334 1527 405 1598 oct,
426 1525 462 1588 ut
482 1523 615 1586 alterum
638 1523 765 1587 verbum
787 1523 877 1588 alteri
899 1523 1042 1588 nocuisse
1063 1524 1197 1606 putetur.

339 1645 404 1711 lbd.
430 1645 479 1720 16,
500 1643 535 1707 3:
648 1645 678 1708 si
702 1645 844 1710 macies
865 1646 979 1709 terrae
1000 1645 1195 1728 postulat3
1217 1664 1303 1710 uam

238 1759 275 1818 et
297 1754 333 1816 in
357 1751 474 1816 densa
496 1753 532 1815 et
554 1750 724 1814 resoluta
752 1751 859 1813 humo
882 1751 1055 1832 quamvis
1089 1745 1182 1814 er'ili
1214 1769 1305 1832 pra-

239 1863 319 1922 tum
342 1856 436 1921 lieri
469 1857 614 1938 potest.
644 1873 725 1919 cum
754 1855 925 1920 facultas
954 1855 1147 1939 irrigandi
1175 1856 1301 1922 datur.

238 1964 340 2047 Longe
362 1962 433 2027 hinc
453 1965 572 2026 remota
604 1961 724 2026 densa
747 1962 895 2034 humus,
918 1979 974 2026 nec
997 1962 1185 2027 inresoluta
1208 1963 1301 2027 humo

237 2069 275 2134 fit
298 2071 430 2150 pratum.
485 2067 558 2133 cod.
581 2066 688 2152 Sang.:
730 2065 821 2132 Nam
856 2070 892 2132 et
926 2065 1016 2131 indc
1050 2069 1087 2131 ct
1118 2068 1302 2134 resoluta.

238 2173 336 2239 Scribi
358 2173 464 2238 debet:
508 2173 599 2238 Nam
632 2175 668 2236 et
702 2172 790 2236 inde
822 2177 851 2252 (e
872 2191 978 2238 macra
999 2175 1104 2248 terra),
1127 2173 1303 2238 resoluta

238 2280 349 2346 humo
372 2279 545 2363 quamvis
570 2279 677 2354 exili,
700 2280 853 2362 pratum
873 2279 968 2344 ficri
990 2279 1136 2362 potest,
1160 2280 1217 2343 cet

338 2407 404 2472 Lib.
427 2409 484 2484 111,
520 2410 546 2481 1,
583 2407 619 2472 4:
665 2405 792 2489 Neque
827 2411 886 2473 est
920 2427 1032 2473 unum
1060 2405 1198 2490 stirpis
1220 2405 1301 2472 eius

237 2531 372 2596 genos,
395 2515 570 2597 quodque
592 2512 823 2596 praecipuum
845 2515 904 2578 cst
934 2532 977 2578 ex
999 2511 1193 2588 omuibus,
1228 2530 1301 2576 nou

237 2621 354 2686 facile
376 2620 482 2684 dictu
506 2621 577 2684 est.
623 2617 720 2683 Sorib.
743 2617 975 2700 precipuum
997 2619 1055 2680 sit.

337 2749 402 2816 lbd.
431 2749 465 2826 6,
498 2749 532 2814 2:
567 2748 601 2814 si
633 2747 751 2812 etiam
774 2750 951 2830 nepotum
980 2746 1302 2832 fructugravida

237 2857 298 2920 cst
326 2856 432 2932 (vitis).
484 2853 557 2920 Ood.
583 2853 675 2938 Sacg.
709 2852 741 2918 si
768 2854 885 2922 etiam
917 2873 1010 2920 nuno
1039 2856 1164 2920 totum
1193 2854 1301 2918 fruc·

236 2962 345 3026 tuum
376 2959 541 3044 gravida
568 2959 638 3024 est.
687 2957 818 3041 Opin'or:
855 2961 886 3026 si
915 2961 1033 3026 etiam
1062 2959 1301 3023 novellorum

236 3067 431 3132 fructuum
452 3063 614 3148 gravida
636 3067 706 3130 est.

337 3193 402 3258 lbd.
432 3193 461 3268 9,
490 3193 508 3252 9
539 3193 571 3256 st
594 3191 641 3264 10,
672 3193 704 3256 1:
747 3191 857 3258 Nunc
877 3192 989 3258 illud
1024 3193 1178 3276 proprie
1209 3211 1301 3274 spe-

235 3300 397 3366 cialiter
422 3307 493 3374 (scr.
524 3296 683 3379 proprie
719 3307 751 3359 et
782 3306 901 3381 spec),
931 3299 971 3362 ut
1001 3317 1071 3365 uon
1099 3298 1223 3363 solum
1257 3315 1300 3362 ex

235 3404 518 3492 fecundissima
566 3403 660 3480 vite,
708 3404 773 3468 sed
822 3404 938 3469 etiam
986 3421 1002 3470 e
1045 3405 1155 3478 vitis,
1190 3405 1299 3488 parte

234 3509 480 3576 feracissima
541 3509 692 3574 semina
755 3509 959 3593 eligantur.
1037 3510 1300 3576 Feracissima

235 3618 360 3680 autem
394 3616 540 3681 semina
572 3617 678 3691 sunt,
721 3633 809 3690 non,
854 3619 894 3680 ut
926 3617 1079 3680 veteres
1116 3617 1299 3681 auctores

234 3721 496 3802 tradiderunt,
549 3724 718 3786 extrema
759 3740 847 3803 pars
896 3722 996 3797 cius,
1047 3721 1142 3805 quod
1185 3726 1300 3805 caput

234 3827 330 3893 vitis
352 3815 554 3912 ¹appellant
575 3829 633 3894 cet.
678 3823 750 3892 Ood.
774 3827 865 3910 Saog.
898 3845 988 3908 pars
1011 3829 1087 3901 est,
1122 3845 1181 3892 nou
1203 3845 1315 3910 pars·

234 3935 326 4001 eius.
371 3934 595 4010 Additamento
625 3933 746 3998 sublato
779 3932 975 3999 scribendum
1006 3935 1070 3998 est:
1116 3932 1300 3998 Feracis-
