2956 4648
521 319 552 372 L.
572 316 676 372 Senecae
695 317 832 386 Epistola.
1098 318 1160 382 483

141 519 318 591 scrutor,
340 516 486 582 deinde
509 517 610 579 hunc
632 515 824 579 mundum.
869 516 1007 580 Priora
1029 537 1127 601 neque
1149 539 1202 604 per

141 640 173 686 se
203 626 321 688 rectum
354 627 402 688 est
431 630 496 706 (pro
524 621 647 704 prius)
686 638 783 702 neque
812 624 935 704 propter
956 623 1086 704 prius,
1122 625 1202 708 qued

140 728 285 809 sequitur.
330 729 488 810 Peliique
520 727 637 792 codices
665 725 816 808 peiore,
849 728 1041 808 ppeiura.
1085 729 1202 811 Opinor

141 834 213 897 olim
237 833 385 915 scriptum
408 833 518 897 luisse:
563 831 641 914 Ego
664 830 822 913 quidem
839 853 886 914 pe
907 831 1087 919 [certiori]
1111 859 1201 900 eura

139 938 214 1002 illa
236 957 307 1021 ago
337 957 379 1003 ac
401 940 636 1014 tractc,-cet.

238 1043 292 1125 Dp.
308 1045 419 1118 66,19
434 1042 498 1125 Pp:
522 1062 604 1106 cum
712 1043 823 1108 dicat
844 1045 1063 1126 Epicurus,
1084 1045 1200 1112 dulce

138 1158 222 1215 esse
244 1151 416 1215 terroris
439 1150 562 1214 ethcc
589 1149 881 1231 respondeocet.
905 1149 1060 1214 Efficitur:
1084 1148 1199 1215 dulce

139 1275 227 1320 esse
260 1256 406 1318 terreri
436 1254 495 1336 (sic
528 1255 618 1320 lenus
651 1258 684 1320 et
719 1253 869 1324 Haasius;
903 1254 1071 1334 superiores
1111 1258 1198 1320 tor-

138 1361 278 1444 queri);
300 1362 364 1424 sed
385 1362 455 1425 hoc
477 1361 691 1444 respondeo
714 1362 771 1435 cet,
815 1360 895 1422 Tum
918 1362 937 1438 ἕ
961 1356 1000 1420 23
1023 1359 1089 1441 (22)
1113 1379 1198 1427 revo-

138 1467 268 1532 candum
298 1466 487 1548 simpliciter,
524 1465 603 1549 qnod
634 1466 666 1530 in
698 1466 744 1548 Pp
777 1466 818 1542 (in
841 1466 931 1547 pah
964 1464 1061 1531 altera
1092 1473 1197 1543 manu)

138 1572 264 1654 aliisque
286 1573 434 1654 scriptum
457 1575 521 1636 est:
568 1555 669 1656 Drgc
697 1573 805 1636 tuam
831 1589 981 1653 quoque
1003 1571 1197 1636 virtutem

136 1695 210 1740 non
244 1679 370 1760 magis
403 1673 612 1750 laudabis,
641 1677 675 1740 si
708 1695 853 1757 corpus
875 1675 939 1737 olli
970 1677 1104 1749 (virtuti,
1131 1697 1198 1760 quee

137 1785 261 1865 corpere
283 1785 392 1859 utitur)
414 1785 525 1846 tuum
557 1784 763 1865 integrum
792 1781 956 1846 fortune
987 1782 1197 1862 praestite-

136 1889 199 1962 rit,
223 1907 336 1971 quam
359 1889 392 1952 si
414 1909 456 1952 en
478 1890 616 1970 alique
638 1888 753 1972 parte
775 1885 1017 1950 mutilatum.
1054 1885 1197 1952 Siccnim

136 1996 303 2058 extremum
317 1993 498 2059 vocabulum
521 2012 591 2057 cum
615 1993 703 2056 PAb
724 1991 918 2056 scribendum
941 1991 998 2066 est,
1021 2011 1078 2056 non
1101 1995 1197 2059 mul·

135 2103 276 2173 catum,
302 2099 381 2182 quod
404 2118 439 2164 ex
461 2117 563 2164 errore
580 2099 696 2164 codicis
718 2119 737 2181 p
760 2099 792 2162 et
813 2098 939 2161 eliorum
958 2097 1195 2176 (multatum)

135 2205 277 2270 effectum
315 2207 371 2270 est.
427 2204 596 2268 Mulcetum
637 2223 743 2286 corpus
780 2203 881 2268 brevis
918 2201 1011 2266 hebet
1048 2204 1195 2287 temporis

136 2310 280 2386 dolorem,
319 2310 495 2374 mutilatum
531 2311 710 2392 perpetuam
744 2308 947 2383 debilitatem,
985 2306 1022 2370 de
1055 2327 1114 2390 qua
1145 2309 1196 2378 ,hic

135 2415 245 2497 agitur.
300 2415 393 2501 §diu
415 2415 467 2478 nbi
498 2433 552 2498 prc
576 2422 613 2479 et
644 2415 678 2479 si
711 2415 781 2478 hoc
818 2415 894 2484 est,
928 2412 1006 2494 quod
1036 2416 1196 2480 sententies

134 2539 300 2603 repugnare
326 2521 620 2604 Schweighaenserus
643 2520 870 2594 animaduertit,
901 2518 1034 2582 Hessius
1057 2521 1194 2602 scripsit:

134 2628 216 2699 aut,
241 2627 273 2690 si
295 2627 367 2690 hoc
389 2627 468 2698 est,
491 2625 618 2690 fortasse
641 2623 834 2690 scribendum
857 2628 920 2688 est:
943 2623 1025 2684 nisi
1045 2623 1114 2686 hoc
1136 2627 1196 2687 est
1268 2647 1271 2652 ·

134 2731 337 2814 (precedente
359 2738 410 2810 m).

233 2837 288 2919 Ep.
311 2837 361 2911 67,
385 2837 403 2898 5
426 2837 486 2913 (ηε
523 2835 693 2911 Deinde,
717 2833 882 2900 etiamsi
903 2834 1195 2900 tormentorum

133 2942 254 3007 fortis
277 2941 482 3026 patientia
503 2939 800 3023 optabilis-est,
823 2931 1195 3004 eti'amnuucinter·

132 3065 241 3130 rogo:
284 3045 432 3130 Nempe
475 3046 678 3112 fortitudo
719 3042 920 3126 optabilis
958 3045 1035 3118 est;
1080 3045 1195 3127 atqui

132 3152 318 3234 pericula
351 3153 577 3217 contemnit
614 3154 653 3216 et
684 3151 888 3233 provocat.
933 3147 1026 3212 Recte
1058 3149 1193 3216 Hessius

131 3257 301 3330 intellexit,
336 3277 507 3334 summam,
555 3253 621 3338 quae
666 3276 702 3320 ex
737 3255 941 3337 superioribus
976 3252 1195 3336 progrediendo

132 3362 335 3441 concluditur,
369 3362 551 3444 pravissime
584 3379 652 3426 cum
686 3361 878 3424 concessione
911 3359 1101 3437 (etiamsi)
1124 3359 1194 3441 poni

130 3471 278 3550 tanquam
290 3467 473 3532 contrariam
496 3466 582 3530 initio
606 3485 689 3530 noves
712 3465 912 3530 conclusionis
936 3466 1042 3530 eodem
1055 3468 1195 3545 spectan-

59 3575 64 3584 '
131 3574 183 3637 tis.
228 3572 288 3637 Sed
311 3573 391 3655 quod
405 3570 518 3634 edidit:
541 3570 706 3642 Deinde,
730 3571 894 3634 etiamsi
918 3571 999 3608 *Η
1022 3571 1193 3634 tormen·

129 3682 260 3743 torum
282 3678 302 3741 l.
315 3697 344 3760 p.
367 3679 442 3757 opt.
467 3678 546 3748 est,
567 3675 779 3739 nihilomnino
796 3674 996 3753 desideratur,
1019 3675 1073 3738 sed
1088 3677 1194 3755 aperte

131 3801 168 3846 ex
189 3783 328 3864 proxime
342 3781 532 3864 praecedenti
555 3782 706 3846 sententie
728 3787 860 3858 (omnem
882 3779 1025 3843 virtutem
1050 3797 1116 3842 esse
1138 3779 1194 3841 bo-

129 3906 215 3963 num,
238 3907 327 3953 omne
352 3887 466 3951 bonum
488 3885 636 3966 optabile)
653 3887 711 3950 hoc
733 3885 879 3949 efficitur:
901 3884 1055 3948 Deinde
1079 3883 1194 3944 etiarn

128 3986 417 4062 tormentorum
461 3991 584 4055 fortis
627 3991 834 4072 patientia
877 3988 1079 4070 optabilis
1122 3989 1194 4052 est,

128 4097 360 4162 Etiamnunc
392 4099 449 4161 cet.
517 4096 550 4182 (ξ
596 4096 761 4160 lO'recte
805 4093 973 4176 Schweigh.
1018 4090 1197 4157 fortasse

948 4199 994 4251 ar*
