2918 4652
535 309 632 380 serpe
653 309 723 364 nra
739 309 811 378 Arg.
1099 305 1160 370 633

140 507 270 574 ritiam
292 525 373 572 esse
395 505 696 572 acerbissimum
721 507 871 572 malum.
902 505 1127 583 Pertinacem,
1150 505 1203 588 qni
1229 484 1231 490 ⁵

140 614 297 696 aliquanto
330 614 399 694 post
420 613 721 678 Antoninimor'tem
743 613 910 696 imperator
931 611 999 688 luit,
1031 610 1081 675 hic
1102 611 1205 675 nomi·

140 719 208 784 uari
230 739 289 784 non
320 717 457 802 potuisse
492 737 586 802 appar
603 719 626 782 t.
692 719 752 783 Sed
779 717 960 800 simpliciter
982 713 1083 781 delere
1115 717 1202 782 Per·
1299 744 1301 749 ·

121 821 271 890 'tineos
303 829 340 890 et
360 843 421 890 non
443 825 525 890 licet.
570 824 784 890 Scribendrrm:
818 822 1013 890 Etiam-de
1029 822 1207 906 pernicie

140 933 196 1010 (dc
226 931 407 1014 pernicie
442 953 484 993 ac
517 933 648 1011 eoedci)
688 927 823 995 Galba
845 930 965 1020 ¹paria
996 928 1200 994 sentiebat.

140 1036 303 1121 Superiora
334 1027 410 1102 sarra
452 1037 606 1112 videntur,
632 1037 777 1102 semicolo
805 1037 876 1119 post
897 1024 1070 1117 Caligulam
1089 1034 1201 1117 posito.
1285 1020 1288 1027 ¹

139 1143 292 1208 Neronem
325 1143 484 1221 meruisse,
522 1142 694 1226 Caligulam
724 1143 866 1208 debuisse
900 1139 997 1205 occidi
1030 1139 1204 1205 Antoninus

141 1250 277 1324 dicebat;
300 1247 452 1313 Othonem
476 1250 508 1313 et
535 1247 706 1313 Vitellium
724 1249 808 1330 ipsos
828 1247 991 1330 imperium
1013 1247 1145 1311 retinere
1168 1265 1205 1311 ae
1263 1254 1266 1256 ’
1376 1241 1378 1245 ’

139 1356 302 1421 defendere
324 1354 468 1420 noluisse.
575 1389 580 1400 ·

240 1459 305 1530 lbd.
350 1459 385 1524 9:
429 1462 726 1535 Antiochensis,
770 1460 831 1544 qui
881 1455 1024 1523 Avidio
1068 1458 1205 1523 Cassio

140 1571 424 1643 consenserant
446 1569 514 1632 sed
536 1571 573 1634 et
594 1568 656 1632 his
678 1568 716 1630 et
737 1567 828 1631 aliis
851 1563 1104 1640 civitatibus,
1123 1581 1204 1646 quae

139 1671 258 1735 illum
294 1673 498 1751 iuverant,
530 1675 694 1759 ignovit.
766 1671 914 1737 londanus
948 1670 1065 1734 lacunae
1099 1672 1204 1732 notam

138 1779 240 1860 posuit
272 1781 342 1861 post
383 1784 682 1855 consenserant;
727 1780 818 1842 Peter
860 1775 1206 1854 Antiochensibus

139 1884 262 1966 scripsit
284 1888 316 1950 et
337 1904 426 1952 voees
459 1887 526 1952 sed
560 1890 600 1952 ct
630 1886 691 1950 his
724 1884 845 1948 delevit.
904 1879 1103 1947 scribendum
1138 1881 1204 1944 est:

139 1989 419 2054 Antiochenses
461 2013 610 2077 quoqne
651 1991 792 2056 Avidio
832 1989 865 2053 O.
905 1988 1202 2062 consenserant,

139 2094 206 2159 sed
237 2092 276 2160 et
308 2097 368 2162 his
391 2101 429 2161 et
462 2099 558 2162 aliis
591 2098 660 2162 civ.
767 2095 937 2179 ignovit.
995 2093 1103 2171 (Paulo
1136 2093 1206 2175 post

139 2200 216 2266 mire
237 2202 459 2269 Mommsenius
489 2205 521 2268 et
543 2201 692 2269 Iordanns
725 2203 774 2266 hic
808 2201 956 2266 damnant
984 2200 1131 2276 amitae,
1169 2198 1201 2262 in

140 2307 252 2371 Anien.
287 2307 366 2374 Phil.
397 2309 437 2371 26
469 2310 546 2373 nihil
580 2309 699 2374 offensi.
758 2308 913 2372 Nimirum
950 2325 1026 2371 suae
1065 2305 1206 2382 (amitae

138 2404 215 2477 sum
238 2414 388 2492 marito)
416 2415 546 2480 refertur
568 2433 625 2479 non
649 2413 688 2478 ad
711 2414 883 2484 subiectum
906 2411 1203 2484 sedadobieotum,

139 2518 388 2602 significaturque
410 2519 540 2584 maritus
563 2519 666 2584 arnitae
690 2518 859 2582 Druncieni
881 2519 912 2582 et
936 2516 1149 2592 Alexandrino.)
1240 2535 1241 2543 ¹

239 2623 406 2690 Commod,
438 2625 476 2688 5:
533 2625 805 2707 trecentisque
849 2624 942 2687 aliis
982 2622 1205 2704 'puberibus

139 2730 318 2807 exoletis,
344 2751 435 2814 quos
458 2749 563 2814 aeque
587 2731 766 2812 explebe
788 2747 829 2794 ac
853 2728 1069 2792 nobilitate
1091 2729 1204 2809 niep·
1277 2769 1279 2774 .

138 2841 285 2919 tueque
311 2838 367 2913 (sic
391 2838 432 2912 B;
456 2838 481 2900 P
503 2833 744 2919 nuptiisque)
768 2835 894 2899 forma
915 2833 1206 2916 disceptatrice

140 2941 371 3026 collegerat.
408 2943 537 3026 'Neque
574 2943 642 3007 aliae
675 2941 904 3006 emendationes
938 2941 1100 3023 quiequam
1137 2957 1206 3022 pro·

139 3049 278 3112 iecerunt
299 3067 406 3131 neque,
429 3068 519 3131 quarn
544 3049 634 3113 Peter
656 3048 803 3130 seqnitur,
825 3046 960 3111 Turnebi
981 3047 1203 3128 vultusque;

140 3156 347 3236 dematque
369 3155 518 3230 abundat,
539 3155 571 3218 et
590 3155 714 3219 forma
736 3153 834 3218 multo
861 3153 974 3217 rectius
996 3171 1051 3234 per
1072 3170 1106 3216 se
1128 3150 1207 3216 diei-

139 3265 190 3324 tur
212 3279 302 3342 quam
338 3260 471 3324 voltus
495 3261 620 3325 forma
648 3259 719 3336 (hec
741 3261 798 3334 est,
820 3253 903 3338 bris).
948 3256 1205 3340 NequeOverdi·

141 3367 208 3430 chio
242 3365 445 3443 (Zeitsohrnf.
468 3365 498 3430 d.
521 3366 706 3431 meterreieh.
737 3365 937 3448 Gymnesios,
963 3363 1053 3436 1865,
1077 3383 1105 3444 p.
1129 3361 1207 3442 740)

140 3489 189 3535 res
212 3473 368 3537 suecessit.
412 3471 583 3536 Lenissime
605 3471 770 3536 adiuvandi
792 3471 965 3535 litterarum
987 3471 1018 3534 in
1043 3469 1069 3532 B
1096 3468 1208 3531 doctus

142 3579 229 3642 sunt:
250 3578 288 3638 ci
314 3578 541 3662 pretiisque,
565 3577 688 3641 forma
713 3576 1013 3658 disceptatrice,
1035 3573 1206 3656 college·

12 3667 13 3672 ἵ
141 3685 212 3746 rat.
257 3682 330 3759 (Cir.
368 3684 480 3748 Pertin.
514 3684 549 3746 7:
596 3683 777 3774 exeeptis
811 3683 887 3760 his,
926 3683 991 3764 qui
1027 3698 1097 3761 per
1131 3677 1207 3760 vim

143 3788 300 3864 Palatio
322 3783 557 3854 videbantur
579 3789 746 3868 inserti)
778 3821 780 3826 ·

243 3895 309 3961 Ibd.
334 3895 369 3957 ll
394 3896 504 3971 oratio,
536 3913 597 3958 une
618 3894 723 3959 littera
745 3895 777 3958 irr
790 3893 939 3958 'codicum
965 3891 1116 3973 scriptura
1137 3908 1207 3954 mu·

142 4003 226 4078 tata,
269 4001 313 4066 sic
348 3999 590 4083 interpungenda
631 4002 693 4065 est:
737 4019 847 4083 quem
882 3998 1072 4079 (preelectum
1105 3998 1208 4078 praet.)

20 4194 24 4198 ⁵
143 4100 1208 4194 saltareetiarnnudum...iussit,...def0rmatovultu
