<?xml version="1.0" encoding="UTF-8"?>
<!DOCTYPE html PUBLIC "-//W3C//DTD XHTML 1.0 Transitional//EN"
    "http://www.w3.org/TR/xhtml1/DTD/xhtml1-transitional.dtd">
<html xmlns="http://www.w3.org/1999/xhtml" xml:lang="en" lang="en">
 <head>
  <title>
</title>
<meta http-equiv="Content-Type" content="text/html;charset=utf-8" />
  <meta name='ocr-system' content='tesseract 3.04.00' />
  <meta name='ocr-capabilities' content='ocr_page ocr_carea ocr_par ocr_line ocrx_word'/>
</head>
<body>
  <div class='ocr_page' id='page_1' title='image "./adversariacriti03madvgoog/adversariacriti03madvgoog_0105.png"; bbox 0 0 2918 4636; ppageno 0'>
   <div class='ocr_carea' id='block_1_1' title="bbox 290 299 912 370">
    <p class='ocr_par' dir='ltr' id='par_1_1' title="bbox 290 299 912 370">
     <span class='ocr_line' id='line_1_1' title="bbox 290 299 912 370; baseline -0.011 -7"><span class='ocrx_word' id='word_1_1' title='bbox 290 299 330 363; x_wconf 78' lang='lat'>92</span> <span class='ocrx_word' id='word_1_2' title='bbox 649 299 709 356; x_wconf 83' lang='lat' dir='ltr'>Lib.</span> <span class='ocrx_word' id='word_1_3' title='bbox 728 299 775 356; x_wconf 82' lang='lat' dir='ltr'>vl.</span> <span class='ocrx_word' id='word_1_4' title='bbox 794 299 858 370; x_wconf 82' lang='lat' dir='ltr'>Gap.</span> <span class='ocrx_word' id='word_1_5' title='bbox 875 301 912 356; x_wconf 89' lang='lat'>11.</span> 
     </span>
    </p>
   </div>
   <div class='ocr_carea' id='block_1_2' title="bbox 108 497 1445 3970">
    <p class='ocr_par' dir='ltr' id='par_1_2' title="bbox 108 497 1445 3970">
     <span class='ocr_line' id='line_1_2' title="bbox 247 497 1315 584; baseline 0 -18"><span class='ocrx_word' id='word_1_6' title='bbox 247 501 316 578; x_wconf 90' lang='lat' dir='ltr'>bus,</span> <span class='ocrx_word' id='word_1_7' title='bbox 338 519 404 584; x_wconf 86' lang='lat' dir='ltr'>quoe</span> <span class='ocrx_word' id='word_1_8' title='bbox 426 519 459 566; x_wconf 85' lang='lat' dir='ltr'>ss</span> <span class='ocrx_word' id='word_1_9' title='bbox 484 497 522 564; x_wconf 86' lang='lat' dir='ltr'>ad</span> <span class='ocrx_word' id='word_1_10' title='bbox 544 497 676 580; x_wconf 86' lang='lat' dir='ltr'>patriam</span> <span class='ocrx_word' id='word_1_11' title='bbox 706 517 743 563; x_wconf 83' lang='lat' dir='ltr'>ex</span> <span class='ocrx_word' id='word_1_12' title='bbox 770 498 895 564; x_wconf 88' lang='lat' dir='ltr'>oreoulo</span> <span class='ocrx_word' id='word_1_13' title='bbox 919 501 1006 581; x_wconf 88' lang='lat' dir='ltr'>peste</span> <span class='ocrx_word' id='word_1_14' title='bbox 1028 497 1220 564; x_wconf 76' lang='lat' dir='ltr'>liberandam</span> <span class='ocrx_word' id='word_1_15' title='bbox 1241 501 1315 566; x_wconf 83' lang='lat' dir='ltr'>telre</span> 
     </span>
     <span class='ocr_line' id='line_1_3' title="bbox 246 604 1315 689; baseline 0.002 -19"><span class='ocrx_word' id='word_1_16' title='bbox 246 605 460 672; x_wconf 76' lang='lat' dir='ltr'><strong>instrumentis</strong></span> <span class='ocrx_word' id='word_1_17' title='bbox 486 604 718 686; x_wconf 86' lang='lat' dir='ltr'>interemerant)</span> <span class='ocrx_word' id='word_1_18' title='bbox 747 604 792 669; x_wconf 90' lang='lat' dir='ltr'>sio</span> <span class='ocrx_word' id='word_1_19' title='bbox 819 604 1016 670; x_wconf 86' lang='lat' dir='ltr'>seribendum</span> <span class='ocrx_word' id='word_1_20' title='bbox 1032 605 1091 669; x_wconf 67' lang='lat' dir='ltr'>&#39;est</span> <span class='ocrx_word' id='word_1_21' title='bbox 1117 605 1253 689; x_wconf 87' lang='lat' dir='ltr'>proxime</span> <span class='ocrx_word' id='word_1_22' title='bbox 1274 606 1315 672; x_wconf 88' lang='lat' dir='ltr'>ad</span> 
     </span>
     <span class='ocr_line' id='line_1_4' title="bbox 108 699 1233 778; baseline -0.017 1"><span class='ocrx_word' id='word_1_23' title='bbox 108 715 111 718; x_wconf 80' lang='grc'><strong>’</strong></span> <span class='ocrx_word' id='word_1_24' title='bbox 248 711 383 778; x_wconf 80' lang='lat' dir='ltr'><strong>codicem</strong></span> <span class='ocrx_word' id='word_1_25' title='bbox 406 712 455 776; x_wconf 89' lang='lat' dir='ltr'>M:</span> <span class='ocrx_word' id='word_1_26' title='bbox 736 699 739 704; x_wconf 74' lang='grc'><strong>’</strong></span> <span class='ocrx_word' id='word_1_27' title='bbox 1231 753 1233 760; x_wconf 82' lang='grc'>,</span> 
     </span>
     <span class='ocr_line' id='line_1_5' title="bbox 368 814 1215 894; baseline -0.001 -12"><span class='ocrx_word' id='word_1_28' title='bbox 368 817 446 882; x_wconf 82' lang='lat' dir='ltr'>Eooe</span> <span class='ocrx_word' id='word_1_29' title='bbox 467 816 542 880; x_wconf 82' lang='lat' dir='ltr'>fauit</span> <span class='ocrx_word' id='word_1_30' title='bbox 564 815 687 894; x_wconf 82' lang='lat' dir='ltr'>(Aleon)</span> <span class='ocrx_word' id='word_1_31' title='bbox 709 815 821 880; x_wconf 86' lang='lat' dir='ltr'>modiis</span> <span class='ocrx_word' id='word_1_32' title='bbox 843 816 932 880; x_wconf 73' lang='lat' dir='ltr'>natm</span> <span class='ocrx_word' id='word_1_33' title='bbox 955 814 1065 880; x_wconf 81' lang='lat' dir='ltr'>Orione</span> <span class='ocrx_word' id='word_1_34' title='bbox 1087 815 1215 894; x_wconf 81' lang='lat' dir='ltr'>Thebis,</span> 
     </span>
     <span class='ocr_line' id='line_1_6' title="bbox 369 919 1315 1008; baseline -0.003 -19"><span class='ocrx_word' id='word_1_35' title='bbox 369 943 481 1008; x_wconf 81' lang='lat' dir='ltr'>agmen</span> <span class='ocrx_word' id='word_1_36' title='bbox 504 921 589 1001; x_wconf 83' lang='lat' dir='ltr'>(cett.</span> <span class='ocrx_word' id='word_1_37' title='bbox 613 919 698 986; x_wconf 81' lang='lat' dir='ltr'>codd.</span> <span class='ocrx_word' id='word_1_38' title='bbox 722 923 753 984; x_wconf 86' lang='lat' dir='ltr'>et</span> <span class='ocrx_word' id='word_1_39' title='bbox 777 920 846 984; x_wconf 87' lang='lat' dir='ltr'>edd.</span> <span class='ocrx_word' id='word_1_40' title='bbox 870 919 948 982; x_wconf 83' lang='lat' dir='ltr'>bauo</span> <span class='ocrx_word' id='word_1_41' title='bbox 969 925 1041 996; x_wconf 82' lang='lat' dir='ltr'>nou)</span> <span class='ocrx_word' id='word_1_42' title='bbox 1063 919 1247 1000; x_wconf 80' lang='lat' dir='ltr'>femineum,</span> <span class='ocrx_word' id='word_1_43' title='bbox 1267 921 1315 985; x_wconf 91' lang='lat' dir='ltr'>iu·</span> 
     </span>
     <span class='ocr_line' id='line_1_7' title="bbox 764 1025 1213 1109; baseline 0.007 -20"><span class='ocrx_word' id='word_1_44' title='bbox 764 1026 836 1109; x_wconf 86' lang='lat' dir='ltr'>gulo</span> <span class='ocrx_word' id='word_1_45' title='bbox 859 1025 933 1090; x_wconf 85' lang='lat' dir='ltr'>dare</span> <span class='ocrx_word' id='word_1_46' title='bbox 956 1027 1067 1092; x_wconf 82' lang='lat' dir='ltr'>vulnus</span> <span class='ocrx_word' id='word_1_47' title='bbox 1090 1027 1213 1108; x_wconf 79' lang='lat' dir='ltr'>apert03</span> 
     </span>
     <span class='ocr_line' id='line_1_8' title="bbox 369 1129 1314 1213; baseline -0.002 -15"><span class='ocrx_word' id='word_1_48' title='bbox 369 1133 440 1198; x_wconf 88' lang='lat' dir='ltr'>illas</span> <span class='ocrx_word' id='word_1_49' title='bbox 454 1133 538 1210; x_wconf 88' lang='lat' dir='ltr'>(oett.</span> <span class='ocrx_word' id='word_1_50' title='bbox 555 1131 643 1198; x_wconf 88' lang='lat' dir='ltr'>oodd.</span> <span class='ocrx_word' id='word_1_51' title='bbox 657 1133 690 1196; x_wconf 91' lang='lat' dir='ltr'>et</span> <span class='ocrx_word' id='word_1_52' title='bbox 704 1129 774 1197; x_wconf 81' lang='lat' dir='ltr'>edd.</span> <span class='ocrx_word' id='word_1_53' title='bbox 797 1129 897 1210; x_wconf 80' lang='lat' dir='ltr'>illam)</span> <span class='ocrx_word' id='word_1_54' title='bbox 913 1131 1047 1197; x_wconf 87' lang='lat' dir='ltr'>demisso</span> <span class='ocrx_word' id='word_1_55' title='bbox 1062 1149 1115 1213; x_wconf 91' lang='lat' dir='ltr'>per</span> <span class='ocrx_word' id='word_1_56' title='bbox 1130 1133 1220 1194; x_wconf 69' lang='lat' dir='ltr'>dauri</span> <span class='ocrx_word' id='word_1_57' title='bbox 1234 1132 1314 1209; x_wconf 87' lang='lat' dir='ltr'>(eod.</span> 
     </span>
     <span class='ocr_line' id='line_1_9' title="bbox 627 1237 1249 1320; baseline 0.003 -20"><span class='ocrx_word' id='word_1_58' title='bbox 627 1237 662 1300; x_wconf 93' lang='lat' dir='ltr'>M</span> <span class='ocrx_word' id='word_1_59' title='bbox 684 1237 804 1314; x_wconf 75' lang='lat' dir='ltr'>laertia,</span> <span class='ocrx_word' id='word_1_60' title='bbox 825 1237 885 1301; x_wconf 89' lang='lat' dir='ltr'>oet.</span> <span class='ocrx_word' id='word_1_61' title='bbox 903 1237 1016 1320; x_wconf 72' lang='lat' dir='ltr'>ybrre&#39;a)</span> <span class='ocrx_word' id='word_1_62' title='bbox 1038 1237 1165 1302; x_wconf 86' lang='lat' dir='ltr'>vulnera</span> <span class='ocrx_word' id='word_1_63' title='bbox 1186 1237 1249 1302; x_wconf 89' lang='lat' dir='ltr'>telo</span> 
     </span>
     <span class='ocr_line' id='line_1_10' title="bbox 371 1333 1301 1434; baseline 0.001 -27"><span class='ocrx_word' id='word_1_64' title='bbox 371 1362 426 1426; x_wconf 91' lang='lat' dir='ltr'>pro</span> <span class='ocrx_word' id='word_1_65' title='bbox 449 1343 561 1426; x_wconf 89' lang='lat' dir='ltr'>populo</span> <span class='ocrx_word' id='word_1_66' title='bbox 586 1333 731 1408; x_wconf 85' lang='lat' dir='ltr'>oeoidisse</span> <span class='ocrx_word' id='word_1_67' title='bbox 754 1361 808 1408; x_wconf 83' lang='lat' dir='ltr'>suo</span> <span class='ocrx_word' id='word_1_68' title='bbox 832 1341 1027 1424; x_wconf 80' lang='lat' dir='ltr'>pulchrisque</span> <span class='ocrx_word' id='word_1_69' title='bbox 1048 1360 1103 1424; x_wconf 90' lang='lat' dir='ltr'>per</span> <span class='ocrx_word' id='word_1_70' title='bbox 1124 1343 1233 1408; x_wconf 89' lang='lat' dir='ltr'>urbem</span> <span class='ocrx_word' id='word_1_71' title='bbox 1298 1428 1301 1434; x_wconf 25' lang='grc' dir='ltr'>Ι</span> 
     </span>
     <span class='ocr_line' id='line_1_11' title="bbox 360 1447 1144 1530; baseline -0.003 -16"><span class='ocrx_word' id='word_1_72' title='bbox 360 1450 529 1514; x_wconf 74' lang='lat' dir='ltr'>¹funeribus</span> <span class='ocrx_word' id='word_1_73' title='bbox 551 1448 625 1512; x_wconf 87' lang='lat' dir='ltr'>ferri</span> <span class='ocrx_word' id='word_1_74' title='bbox 647 1447 817 1530; x_wconf 79' lang='lat' dir='ltr'>celebrique</span> <span class='ocrx_word' id='word_1_75' title='bbox 841 1449 873 1512; x_wconf 90' lang='lat' dir='ltr'>iu</span> <span class='ocrx_word' id='word_1_76' title='bbox 894 1448 983 1530; x_wconf 88' lang='lat' dir='ltr'>parte</span> <span class='ocrx_word' id='word_1_77' title='bbox 1005 1449 1144 1526; x_wconf 84' lang='lat' dir='ltr'>eremari,</span> 
     </span>
     <span class='ocr_line' id='line_1_12' title="bbox 369 1552 1051 1639; baseline -0.003 -21"><span class='ocrx_word' id='word_1_78' title='bbox 369 1555 437 1620; x_wconf 89' lang='lat' dir='ltr'>tum</span> <span class='ocrx_word' id='word_1_79' title='bbox 456 1555 494 1619; x_wconf 93' lang='lat' dir='ltr'>de</span> <span class='ocrx_word' id='word_1_80' title='bbox 516 1555 653 1639; x_wconf 83' lang='lat' dir='ltr'>virginea</span> <span class='ocrx_word' id='word_1_81' title='bbox 673 1555 812 1638; x_wconf 84' lang='lat' dir='ltr'>geminos</span> <span class='ocrx_word' id='word_1_82' title='bbox 834 1554 915 1619; x_wconf 82' lang='lat' dir='ltr'>exire</span> <span class='ocrx_word' id='word_1_83' title='bbox 937 1552 1051 1632; x_wconf 83' lang='lat' dir='ltr'>favilla,</span> 
     </span>
     <span class='ocr_line' id='line_1_13' title="bbox 369 1659 930 1743; baseline -0.002 -19"><span class='ocrx_word' id='word_1_84' title='bbox 369 1678 407 1724; x_wconf 89' lang='lat' dir='ltr'>ue</span> <span class='ocrx_word' id='word_1_85' title='bbox 429 1679 526 1743; x_wconf 85' lang='lat' dir='ltr'>genus</span> <span class='ocrx_word' id='word_1_86' title='bbox 548 1661 689 1733; x_wconf 89' lang='lat' dir='ltr'>intereat,</span> <span class='ocrx_word' id='word_1_87' title='bbox 710 1661 846 1736; x_wconf 88' lang='lat' dir='ltr'>iuvenes,</span> <span class='ocrx_word' id='word_1_88' title='bbox 871 1659 930 1724; x_wconf 88' lang='lat' dir='ltr'>eet.</span> 
     </span>
     <span class='ocr_line' id='line_1_14' title="bbox 250 1763 1318 1847; baseline -0.001 -17"><span class='ocrx_word' id='word_1_89' title='bbox 250 1765 390 1831; x_wconf 90' lang='lat' dir='ltr'>Primum</span> <span class='ocrx_word' id='word_1_90' title='bbox 425 1767 534 1831; x_wconf 79' lang='lat' dir='ltr'>artifex</span> <span class='ocrx_word' id='word_1_91' title='bbox 573 1768 764 1847; x_wconf 84' lang='lat' dir='ltr'>expresserat</span> <span class='ocrx_word' id='word_1_92' title='bbox 798 1763 920 1830; x_wconf 85' lang='lat' dir='ltr'>Orionis</span> <span class='ocrx_word' id='word_1_93' title='bbox 952 1763 1032 1828; x_wconf 87' lang='lat' dir='ltr'>fillas</span> <span class='ocrx_word' id='word_1_94' title='bbox 1061 1783 1094 1829; x_wconf 92' lang='lat' dir='ltr'>se</span> <span class='ocrx_word' id='word_1_95' title='bbox 1115 1764 1199 1846; x_wconf 86' lang='lat' dir='ltr'>ipsas</span> <span class='ocrx_word' id='word_1_96' title='bbox 1220 1763 1318 1829; x_wconf 88' lang='lat' dir='ltr'>inter·</span> 
     </span>
     <span class='ocr_line' id='line_1_15' title="bbox 249 1869 1319 1954; baseline -0.001 -18"><span class='ocrx_word' id='word_1_97' title='bbox 249 1870 398 1949; x_wconf 88' lang='lat' dir='ltr'>imentes;</span> <span class='ocrx_word' id='word_1_98' title='bbox 423 1871 533 1937; x_wconf 87' lang='lat' dir='ltr'>deinde</span> <span class='ocrx_word' id='word_1_99' title='bbox 555 1871 616 1936; x_wconf 85' lang='lat' dir='ltr'>alia</span> <span class='ocrx_word' id='word_1_100' title='bbox 637 1871 773 1954; x_wconf 85' lang='lat' dir='ltr'>imagine</span> <span class='ocrx_word' id='word_1_101' title='bbox 795 1871 942 1946; x_wconf 84' lang='lat' dir='ltr'>finxerat,</span> <span class='ocrx_word' id='word_1_102' title='bbox 961 1869 1033 1934; x_wconf 88' lang='lat' dir='ltr'>illas</span> <span class='ocrx_word' id='word_1_103' title='bbox 1053 1869 1233 1935; x_wconf 80' lang='lat' dir='ltr'>interfectas</span> <span class='ocrx_word' id='word_1_104' title='bbox 1254 1870 1319 1935; x_wconf 90' lang='lat' dir='ltr'>iam</span> 
     </span>
     <span class='ocr_line' id='line_1_16' title="bbox 250 1974 1317 2060; baseline 0 -22"><span class='ocrx_word' id='word_1_105' title='bbox 250 1977 419 2059; x_wconf 70' lang='lat' dir='ltr'>(deciduae,</span> <span class='ocrx_word' id='word_1_106' title='bbox 447 1977 487 2041; x_wconf 91' lang='lat' dir='ltr'>ad</span> <span class='ocrx_word' id='word_1_107' title='bbox 510 1978 596 2042; x_wconf 88' lang='lat' dir='ltr'>euius</span> <span class='ocrx_word' id='word_1_108' title='bbox 618 1978 703 2042; x_wconf 88' lang='lat' dir='ltr'>verbi</span> <span class='ocrx_word' id='word_1_109' title='bbox 725 1979 848 2060; x_wconf 87' lang='lat' dir='ltr'>tempus</span> <span class='ocrx_word' id='word_1_110' title='bbox 871 1976 1003 2042; x_wconf 89' lang='lat' dir='ltr'>editores</span> <span class='ocrx_word' id='word_1_111' title='bbox 1025 1994 1083 2040; x_wconf 93' lang='lat' dir='ltr'>non</span> <span class='ocrx_word' id='word_1_112' title='bbox 1106 1974 1317 2052; x_wconf 85' lang='lat' dir='ltr'>attenderunt)</span> 
     </span>
     <span class='ocr_line' id='line_1_17' title="bbox 251 2078 1319 2165; baseline -0.002 -19"><span class='ocrx_word' id='word_1_113' title='bbox 251 2081 383 2165; x_wconf 90' lang='lat' dir='ltr'>sepeliri,</span> <span class='ocrx_word' id='word_1_114' title='bbox 416 2083 449 2146; x_wconf 88' lang='lat' dir='ltr'>et</span> <span class='ocrx_word' id='word_1_115' title='bbox 480 2083 574 2148; x_wconf 88' lang='lat' dir='ltr'>simul</span> <span class='ocrx_word' id='word_1_116' title='bbox 601 2083 728 2148; x_wconf 89' lang='lat' dir='ltr'>iuvenes</span> <span class='ocrx_word' id='word_1_117' title='bbox 751 2101 767 2148; x_wconf 91' lang='lat' dir='ltr'>e</span> <span class='ocrx_word' id='word_1_118' title='bbox 787 2081 895 2148; x_wconf 85' lang='lat' dir='ltr'>favilla</span> <span class='ocrx_word' id='word_1_119' title='bbox 922 2099 1053 2165; x_wconf 82' lang='lat' dir='ltr'>surgere.</span> <span class='ocrx_word' id='word_1_120' title='bbox 1103 2078 1192 2142; x_wconf 78' lang='lat' dir='ltr'>Iners</span> <span class='ocrx_word' id='word_1_121' title='bbox 1214 2079 1319 2145; x_wconf 88' lang='lat' dir='ltr'>autem</span> 
     </span>
     <span class='ocr_line' id='line_1_18' title="bbox 251 2177 1320 2270; baseline 0.003 -23"><span class='ocrx_word' id='word_1_122' title='bbox 251 2185 342 2248; x_wconf 73' lang='lat' dir='ltr'>ulum</span> <span class='ocrx_word' id='word_1_123' title='bbox 376 2205 433 2270; x_wconf 90' lang='lat' dir='ltr'>per</span> <span class='ocrx_word' id='word_1_124' title='bbox 467 2189 596 2254; x_wconf 87' lang='lat' dir='ltr'>vulnera</span> <span class='ocrx_word' id='word_1_125' title='bbox 640 2188 849 2266; x_wconf 79' lang='lat' dir='ltr'>demiserunt,</span> <span class='ocrx_word' id='word_1_126' title='bbox 885 2187 1006 2252; x_wconf 91' lang='lat' dir='ltr'>radium</span> <span class='ocrx_word' id='word_1_127' title='bbox 1041 2184 1206 2250; x_wconf 84' lang='lat' dir='ltr'>textorium</span> <span class='ocrx_word' id='word_1_128' title='bbox 1243 2177 1320 2269; x_wconf 67' lang='grc' dir='ltr'>(τήν</span> 
     </span>
     <span class='ocr_line' id='line_1_19' title="bbox 251 2289 1321 2378; baseline -0.002 -20"><span class='ocrx_word' id='word_1_129' title='bbox 251 2291 399 2378; x_wconf 74' lang='grc' dir='ltr'>κερκίδα,</span> <span class='ocrx_word' id='word_1_130' title='bbox 421 2293 535 2360; x_wconf 80' lang='lat' dir='ltr'>Aulon.</span> <span class='ocrx_word' id='word_1_131' title='bbox 556 2294 658 2360; x_wconf 86' lang='lat' dir='ltr'>Liber.</span> <span class='ocrx_word' id='word_1_132' title='bbox 686 2293 753 2372; x_wconf 76' lang='lat'><strong>25).</strong></span> <span class='ocrx_word' id='word_1_133' title='bbox 807 2293 928 2376; x_wconf 77' lang='lat' dir='ltr'>Apmeu</span> <span class='ocrx_word' id='word_1_134' title='bbox 945 2291 1115 2376; x_wconf 80' lang='lat' dir='ltr'>femineum</span> <span class='ocrx_word' id='word_1_135' title='bbox 1144 2289 1181 2354; x_wconf 85' lang='lat' dir='ltr'>de</span> <span class='ocrx_word' id='word_1_136' title='bbox 1204 2289 1321 2356; x_wconf 80' lang='lat' dir='ltr'>duabus</span> 
     </span>
     <span class='ocr_line' id='line_1_20' title="bbox 252 2395 1323 2484; baseline 0 -20"><span class='ocrx_word' id='word_1_137' title='bbox 252 2400 346 2465; x_wconf 87' lang='lat' dir='ltr'>simul</span> <span class='ocrx_word' id='word_1_138' title='bbox 368 2399 495 2465; x_wconf 86' lang='lat' dir='ltr'>Ovidius</span> <span class='ocrx_word' id='word_1_139' title='bbox 520 2399 596 2465; x_wconf 85' lang='lat' dir='ltr'>dixit</span> <span class='ocrx_word' id='word_1_140' title='bbox 616 2399 747 2484; x_wconf 83' lang='lat' dir='ltr'>Vergilii</span> <span class='ocrx_word' id='word_1_141' title='bbox 770 2400 908 2480; x_wconf 86' lang='lat' dir='ltr'>exemplo</span> <span class='ocrx_word' id='word_1_142' title='bbox 930 2397 999 2462; x_wconf 84' lang='lat' dir='ltr'>AEn.</span> <span class='ocrx_word' id='word_1_143' title='bbox 1029 2397 1082 2472; x_wconf 90' lang='lat' dir='ltr'>II,</span> <span class='ocrx_word' id='word_1_144' title='bbox 1116 2395 1197 2473; x_wconf 79' lang='lat'>212,</span> <span class='ocrx_word' id='word_1_145' title='bbox 1231 2413 1323 2478; x_wconf 87' lang='lat' dir='ltr'>quem</span> 
     </span>
     <span class='ocr_line' id='line_1_21' title="bbox 166 2500 1321 2589; baseline 0 -19"><span class='ocrx_word' id='word_1_146' title='bbox 166 2576 168 2582; x_wconf 56' lang='grc'>,</span> <span class='ocrx_word' id='word_1_147' title='bbox 251 2506 354 2570; x_wconf 89' lang='lat' dir='ltr'>Iooum</span> <span class='ocrx_word' id='word_1_148' title='bbox 376 2506 434 2571; x_wconf 90' lang='lat' dir='ltr'>soli</span> <span class='ocrx_word' id='word_1_149' title='bbox 456 2505 540 2570; x_wconf 82' lang='lat' dir='ltr'>reete</span> <span class='ocrx_word' id='word_1_150' title='bbox 574 2509 733 2580; x_wconf 87' lang='lat' dir='ltr'>enarrant,</span> <span class='ocrx_word' id='word_1_151' title='bbox 768 2504 820 2589; x_wconf 91' lang='lat' dir='ltr'>qui</span> <span class='ocrx_word' id='word_1_152' title='bbox 854 2503 891 2568; x_wconf 91' lang='lat' dir='ltr'>de</span> <span class='ocrx_word' id='word_1_153' title='bbox 925 2503 1095 2568; x_wconf 86' lang='lat' dir='ltr'>uouiunotis</span> <span class='ocrx_word' id='word_1_154' title='bbox 1128 2500 1321 2584; x_wconf 73' lang='lat' dir='ltr'>serpentibus</span> 
     </span>
     <span class='ocr_line' id='line_1_22' title="bbox 253 2609 1445 2694; baseline -0.003 -17"><span class='ocrx_word' id='word_1_155' title='bbox 253 2613 338 2677; x_wconf 80' lang='lat' dir='ltr'>certa</span> <span class='ocrx_word' id='word_1_156' title='bbox 359 2611 410 2676; x_wconf 85' lang='lat' dir='ltr'>via</span> <span class='ocrx_word' id='word_1_157' title='bbox 426 2611 637 2677; x_wconf 85' lang='lat' dir='ltr'>incedentibus</span> <span class='ocrx_word' id='word_1_158' title='bbox 660 2612 825 2692; x_wconf 81' lang='lat' dir='ltr'>accipiunt.</span> <span class='ocrx_word' id='word_1_159' title='bbox 1052 2617 1054 2620; x_wconf 82' lang='grc'><strong>’</strong></span> <span class='ocrx_word' id='word_1_160' title='bbox 1444 2609 1445 2694; x_wconf 45' lang='lat' dir='ltr'>l</span> 
     </span>
     <span class='ocr_line' id='line_1_23' title="bbox 214 2703 1445 2801; baseline -0.004 -19"><span class='ocrx_word' id='word_1_161' title='bbox 214 2725 216 2730; x_wconf 81' lang='grc'>’</span> <span class='ocrx_word' id='word_1_162' title='bbox 353 2717 446 2794; x_wconf 85' lang='lat' dir='ltr'>XIII,</span> <span class='ocrx_word' id='word_1_163' title='bbox 470 2717 540 2792; x_wconf 81' lang='lat'>794,</span> <span class='ocrx_word' id='word_1_164' title='bbox 573 2718 625 2782; x_wconf 92' lang='lat' dir='ltr'>ubi</span> <span class='ocrx_word' id='word_1_165' title='bbox 652 2716 780 2801; x_wconf 77' lang='lat' dir='ltr'>Cyclops</span> <span class='ocrx_word' id='word_1_166' title='bbox 804 2715 942 2782; x_wconf 75' lang='lat' dir='ltr'>Galatea</span> <span class='ocrx_word' id='word_1_167' title='bbox 964 2715 1071 2780; x_wconf 86' lang='lat' dir='ltr'>leudes</span> <span class='ocrx_word' id='word_1_168' title='bbox 1094 2713 1322 2797; x_wconf 75' lang='lat' dir='ltr'>comparatione</span> <span class='ocrx_word' id='word_1_169' title='bbox 1444 2703 1445 2710; x_wconf 61' lang='lat'><em>&#39;</em></span> 
     </span>
     <span class='ocr_line' id='line_1_24' title="bbox 251 2821 959 2906; baseline -0.001 -19"><span class='ocrx_word' id='word_1_170' title='bbox 251 2823 419 2906; x_wconf 79' lang='lat' dir='ltr'>multiplici</span> <span class='ocrx_word' id='word_1_171' title='bbox 442 2824 570 2901; x_wconf 75' lang='lat' dir='ltr'>extollit,</span> <span class='ocrx_word' id='word_1_172' title='bbox 594 2824 659 2888; x_wconf 88' lang='lat' dir='ltr'>hseo</span> <span class='ocrx_word' id='word_1_173' title='bbox 681 2841 799 2905; x_wconf 86' lang='lat' dir='ltr'>quoque</span> <span class='ocrx_word' id='word_1_174' title='bbox 822 2821 959 2904; x_wconf 90' lang='lat' dir='ltr'>ponitur:</span> 
     </span>
     <span class='ocr_line' id='line_1_25' title="bbox 405 2925 1255 3010; baseline -0.004 -18"><span class='ocrx_word' id='word_1_175' title='bbox 405 2926 533 2993; x_wconf 84' lang='lat' dir='ltr'>nobilior</span> <span class='ocrx_word' id='word_1_176' title='bbox 555 2929 667 3007; x_wconf 85' lang='lat' dir='ltr'>forma,</span> <span class='ocrx_word' id='word_1_177' title='bbox 692 2929 816 3010; x_wconf 85' lang='lat' dir='ltr'>platano</span> <span class='ocrx_word' id='word_1_178' title='bbox 839 2925 1028 3008; x_wconf 87' lang='lat' dir='ltr'>eonspeotior</span> <span class='ocrx_word' id='word_1_179' title='bbox 1050 2925 1122 2990; x_wconf 91' lang='lat' dir='ltr'>alta.</span> <span class='ocrx_word' id='word_1_180' title='bbox 1252 2932 1255 2938; x_wconf 86' lang='lat'>&#39;</span> 
     </span>
     <span class='ocr_line' id='line_1_26' title="bbox 256 3029 1324 3115; baseline 0 -17"><span class='ocrx_word' id='word_1_181' title='bbox 256 3033 385 3098; x_wconf 88' lang='lat' dir='ltr'>Prorsus</span> <span class='ocrx_word' id='word_1_182' title='bbox 422 3051 564 3115; x_wconf 85' lang='lat' dir='ltr'>perverse</span> <span class='ocrx_word' id='word_1_183' title='bbox 595 3032 676 3100; x_wconf 90' lang='lat' dir='ltr'>inter</span> <span class='ocrx_word' id='word_1_184' title='bbox 698 3032 816 3098; x_wconf 85' lang='lat' dir='ltr'>medias</span> <span class='ocrx_word' id='word_1_185' title='bbox 837 3031 1074 3114; x_wconf 84' lang='lat' dir='ltr'>pulchritudinis</span> <span class='ocrx_word' id='word_1_186' title='bbox 1102 3032 1134 3096; x_wconf 91' lang='lat' dir='ltr'>et</span> <span class='ocrx_word' id='word_1_187' title='bbox 1155 3029 1324 3098; x_wconf 69' lang='lat' dir='ltr'>venustabit</span> 
     </span>
     <span class='ocr_line' id='line_1_27' title="bbox 257 3137 1326 3221; baseline -0.003 -18"><span class='ocrx_word' id='word_1_188' title='bbox 257 3139 365 3204; x_wconf 88' lang='lat' dir='ltr'>laudes</span> <span class='ocrx_word' id='word_1_189' title='bbox 386 3137 589 3220; x_wconf 83' lang='lat' dir='ltr'>interponitur</span> <span class='ocrx_word' id='word_1_190' title='bbox 611 3138 677 3202; x_wconf 86' lang='lat' dir='ltr'>haeo</span> <span class='ocrx_word' id='word_1_191' title='bbox 698 3138 799 3204; x_wconf 85' lang='lat' dir='ltr'>neseio</span> <span class='ocrx_word' id='word_1_192' title='bbox 822 3157 890 3221; x_wconf 86' lang='lat' dir='ltr'>quae</span> <span class='ocrx_word' id='word_1_193' title='bbox 912 3137 1077 3213; x_wconf 86' lang='lat' dir='ltr'>nobilitas,</span> <span class='ocrx_word' id='word_1_194' title='bbox 1100 3155 1155 3217; x_wconf 94' lang='lat' dir='ltr'>pro</span> <span class='ocrx_word' id='word_1_195' title='bbox 1177 3153 1238 3218; x_wconf 84' lang='lat' dir='ltr'>que</span> <span class='ocrx_word' id='word_1_196' title='bbox 1260 3153 1326 3200; x_wconf 89' lang='lat' dir='ltr'>oer-</span> 
     </span>
     <span class='ocr_line' id='line_1_28' title="bbox 255 3239 1326 3328; baseline -0.004 -20"><span class='ocrx_word' id='word_1_197' title='bbox 255 3245 323 3309; x_wconf 88' lang='lat' dir='ltr'>tum</span> <span class='ocrx_word' id='word_1_198' title='bbox 346 3243 394 3308; x_wconf 86' lang='lat' dir='ltr'>est</span> <span class='ocrx_word' id='word_1_199' title='bbox 416 3243 583 3318; x_wconf 87' lang='lat' dir='ltr'>Ovidium,</span> <span class='ocrx_word' id='word_1_200' title='bbox 617 3263 678 3308; x_wconf 85' lang='lat' dir='ltr'>una</span> <span class='ocrx_word' id='word_1_201' title='bbox 704 3244 809 3310; x_wconf 89' lang='lat' dir='ltr'>littera</span> <span class='ocrx_word' id='word_1_202' title='bbox 832 3243 922 3308; x_wconf 87' lang='lat' dir='ltr'>aliter</span> <span class='ocrx_word' id='word_1_203' title='bbox 945 3242 1080 3323; x_wconf 85' lang='lat' dir='ltr'>serIpto,</span> <span class='ocrx_word' id='word_1_204' title='bbox 1117 3239 1326 3328; x_wconf 81' lang='lat' dir='ltr'>mobilitatem</span> 
     </span>
     <span class='ocr_line' id='line_1_29' title="bbox 257 3347 1326 3437; baseline -0.005 -23"><span class='ocrx_word' id='word_1_205' title='bbox 257 3367 529 3424; x_wconf 72' lang='lat' dir='ltr'>commemorasse3</span> <span class='ocrx_word' id='word_1_206' title='bbox 570 3367 639 3414; x_wconf 86' lang='lat' dir='ltr'>oum</span> <span class='ocrx_word' id='word_1_207' title='bbox 660 3349 770 3437; x_wconf 82' lang='lat' dir='ltr'>fermo</span> <span class='ocrx_word' id='word_1_208' title='bbox 802 3350 925 3434; x_wconf 90' lang='lat' dir='ltr'>quidem</span> <span class='ocrx_word' id='word_1_209' title='bbox 948 3347 1220 3430; x_wconf 75' lang='lat' dir='ltr'>comparationem,</span> <span class='ocrx_word' id='word_1_210' title='bbox 1243 3363 1326 3428; x_wconf 84' lang='lat' dir='ltr'>quae-</span> 
     </span>
     <span class='ocr_line' id='line_1_30' title="bbox 258 3449 1326 3538; baseline -0.004 -20"><span class='ocrx_word' id='word_1_211' title='bbox 258 3472 388 3537; x_wconf 89' lang='lat' dir='ltr'>eumque</span> <span class='ocrx_word' id='word_1_212' title='bbox 410 3455 451 3519; x_wconf 90' lang='lat' dir='ltr'>sit</span> <span class='ocrx_word' id='word_1_213' title='bbox 473 3457 558 3533; x_wconf 88' lang='lat' dir='ltr'>laus,</span> <span class='ocrx_word' id='word_1_214' title='bbox 576 3455 727 3538; x_wconf 85' lang='lat' dir='ltr'>¹ineptum</span> <span class='ocrx_word' id='word_1_215' title='bbox 750 3474 815 3520; x_wconf 89' lang='lat' dir='ltr'>esse</span> <span class='ocrx_word' id='word_1_216' title='bbox 838 3471 944 3520; x_wconf 85' lang='lat' dir='ltr'>omnes</span> <span class='ocrx_word' id='word_1_217' title='bbox 967 3449 1179 3528; x_wconf 80' lang='lat' dir='ltr'>consentiunt;</span> <span class='ocrx_word' id='word_1_218' title='bbox 1218 3449 1326 3516; x_wconf 89' lang='lat' dir='ltr'>sedin</span> 
     </span>
     <span class='ocr_line' id='line_1_31' title="bbox 257 3557 1326 3643; baseline -0.004 -19"><span class='ocrx_word' id='word_1_219' title='bbox 257 3558 417 3625; x_wconf 90' lang='lat' dir='ltr'>nobilitate</span> <span class='ocrx_word' id='word_1_220' title='bbox 439 3559 564 3627; x_wconf 79' lang='lat' dir='ltr'>difficile</span> <span class='ocrx_word' id='word_1_221' title='bbox 589 3563 669 3638; x_wconf 81' lang='lat' dir='ltr'>erat,</span> <span class='ocrx_word' id='word_1_222' title='bbox 693 3560 765 3643; x_wconf 90' lang='lat' dir='ltr'>quid</span> <span class='ocrx_word' id='word_1_223' title='bbox 787 3559 825 3626; x_wconf 92' lang='lat' dir='ltr'>ad</span> <span class='ocrx_word' id='word_1_224' title='bbox 849 3558 1087 3641; x_wconf 82' lang='lat' dir='ltr'>comperandum</span> <span class='ocrx_word' id='word_1_225' title='bbox 1104 3557 1326 3634; x_wconf 86' lang='lat' dir='ltr'>adsumeretur,</span> 
     </span>
     <span class='ocr_line' id='line_1_32' title="bbox 258 3661 1327 3750; baseline -0.005 -19"><span class='ocrx_word' id='word_1_226' title='bbox 258 3666 405 3746; x_wconf 90' lang='lat' dir='ltr'>reperire;</span> <span class='ocrx_word' id='word_1_227' title='bbox 430 3675 628 3750; x_wconf 88' lang='lat' dir='ltr'>(quamquam</span> <span class='ocrx_word' id='word_1_228' title='bbox 650 3685 726 3732; x_wconf 88' lang='lat' dir='ltr'>rarae</span> <span class='ocrx_word' id='word_1_229' title='bbox 749 3669 796 3732; x_wconf 90' lang='lat' dir='ltr'>est</span> <span class='ocrx_word' id='word_1_230' title='bbox 818 3667 850 3731; x_wconf 90' lang='lat' dir='ltr'>et</span> <span class='ocrx_word' id='word_1_231' title='bbox 871 3665 972 3730; x_wconf 89' lang='lat' dir='ltr'>omnia</span> <span class='ocrx_word' id='word_1_232' title='bbox 995 3662 1167 3746; x_wconf 89' lang='lat' dir='ltr'>superantis</span> <span class='ocrx_word' id='word_1_233' title='bbox 1189 3661 1327 3742; x_wconf 83' lang='lat' dir='ltr'>pravita-</span> 
     </span>
     <span class='ocr_line' id='line_1_33' title="bbox 258 3764 1328 3856; baseline -0.007 -20"><span class='ocrx_word' id='word_1_234' title='bbox 258 3771 299 3836; x_wconf 90' lang='lat' dir='ltr'>tis</span> <span class='ocrx_word' id='word_1_235' title='bbox 314 3773 444 3856; x_wconf 83' lang='lat' dir='ltr'>fordom</span> <span class='ocrx_word' id='word_1_236' title='bbox 465 3773 573 3838; x_wconf 90' lang='lat' dir='ltr'>bovem</span> <span class='ocrx_word' id='word_1_237' title='bbox 594 3773 627 3837; x_wconf 91' lang='lat' dir='ltr'>in</span> <span class='ocrx_word' id='word_1_238' title='bbox 649 3772 819 3839; x_wconf 86' lang='lat' dir='ltr'>nobilitatis</span> <span class='ocrx_word' id='word_1_239' title='bbox 845 3770 1070 3853; x_wconf 77' lang='lat' dir='ltr'>comparatione</span> <span class='ocrx_word' id='word_1_240' title='bbox 1086 3785 1210 3851; x_wconf 84' lang='lat' dir='ltr'>ponere,</span> <span class='ocrx_word' id='word_1_241' title='bbox 1233 3764 1328 3830; x_wconf 86' lang='lat' dir='ltr'>etiam</span> 
     </span>
     <span class='ocr_line' id='line_1_34' title="bbox 253 3872 1328 3970; baseline -0.006 -28"><span class='ocrx_word' id='word_1_242' title='bbox 253 3877 383 3970; x_wconf 80' lang='lat' dir='ltr'>surdum</span> <span class='ocrx_word' id='word_1_243' title='bbox 415 3882 515 3947; x_wconf 88' lang='lat' dir='ltr'>solum</span> <span class='ocrx_word' id='word_1_244' title='bbox 546 3895 602 3959; x_wconf 90' lang='lat' dir='ltr'>pro</span> <span class='ocrx_word' id='word_1_245' title='bbox 635 3877 850 3954; x_wconf 84' lang='lat' dir='ltr'>substantivo).</span> <span class='ocrx_word' id='word_1_246' title='bbox 904 3877 1038 3958; x_wconf 78' lang='lat' dir='ltr'>Reperio</span> <span class='ocrx_word' id='word_1_247' title='bbox 1063 3875 1095 3939; x_wconf 92' lang='lat' dir='ltr'>in</span> <span class='ocrx_word' id='word_1_248' title='bbox 1130 3872 1228 3938; x_wconf 88' lang='lat' dir='ltr'>altera</span> <span class='ocrx_word' id='word_1_249' title='bbox 1255 3887 1328 3936; x_wconf 83' lang='lat' dir='ltr'>vore</span> 
     </span>
    </p>
   </div>
   <div class='ocr_carea' id='block_1_3' title="bbox 228 3982 884 4152">
    <p class='ocr_par' dir='ltr' id='par_1_3' title="bbox 228 3982 884 4152">
     <span class='ocr_line' id='line_1_35' title="bbox 228 3982 708 4050; baseline -0.004 -2"><span class='ocrx_word' id='word_1_250' title='bbox 228 4027 231 4034; x_wconf 83' lang='lat'>·</span> <span class='ocrx_word' id='word_1_251' title='bbox 258 4001 330 4049; x_wconf 82' lang='lat' dir='ltr'>vero</span> <span class='ocrx_word' id='word_1_252' title='bbox 353 3985 545 4050; x_wconf 78' lang='lat' dir='ltr'>scribendum</span> <span class='ocrx_word' id='word_1_253' title='bbox 568 3982 708 4048; x_wconf 89' lang='lat' dir='ltr'>videtur:</span> 
     </span>
     <span class='ocr_line' id='line_1_36' title="bbox 564 4085 884 4152; baseline 0 -2"><span class='ocrx_word' id='word_1_254' title='bbox 564 4092 568 4101; x_wconf 90' lang='lat'>&#39;</span> <span class='ocrx_word' id='word_1_255' title='bbox 610 4086 757 4152; x_wconf 77' lang='lat' dir='ltr'>Mobilior</span> <span class='ocrx_word' id='word_1_256' title='bbox 781 4085 884 4150; x_wconf 83' lang='lat' dir='ltr'>doma.</span> 
     </span>
    </p>
   </div>
   <div class='ocr_carea' id='block_1_4' title="bbox 0 0 1479 4636">
    <p class='ocr_par' dir='ltr' id='par_1_4' title="bbox 0 0 1479 4636">
     <span class='ocr_line' id='line_1_37' title="bbox 0 0 1479 4636; baseline 0 0"><span class='ocrx_word' id='word_1_257' title='bbox 0 0 1479 4636; x_wconf 95' lang='lat' dir='ltr'> </span> 
     </span>
    </p>
   </div>
  </div>
 </body>
</html>
