2956 4648
557 281 587 336 L.
610 279 714 336 Seneca
731 279 869 349 Epistola.
1139 279 1201 342 479
1296 313 1304 334 s

177 477 382 560 Succurre,
438 481 620 564 quicquid
670 480 879 554 lacessivit,
924 480 1242 561 respondentium

177 584 311 667 poeuis.
356 584 560 669 (Quicquid
589 586 714 670 flacii
739 588 860 659 uenti,
887 584 1243 669 respondentiumi)

277 690 332 774 Ep.
355 690 407 764 49,
440 690 474 755 6:
519 691 616 770 Quid
638 695 675 758 ὴθ
697 696 855 776 torques
879 694 917 757 et
938 709 1116 758 maceras
1138 692 1174 754 in
1200 707 1246 754 ca

178 797 410 879 quastione,
459 816 570 880 quam
613 799 804 864 subtilius
858 800 917 863 est
958 797 1243 878 contempsisse

177 920 289 984 quam
322 903 495 968 solvere?
537 903 644 987 Neque
677 906 833 970 subtilitas
865 905 929 969 ulla
957 905 1024 968 crat
1052 904 1082 968 in
1105 905 1243 968 contem·

177 1006 277 1086 nendo
299 1021 396 1091 neque
418 1009 600 1075 subtilitatis
626 1011 751 1080 laudem
772 1011 877 1094 appeti
899 1009 1015 1074 Seneca
1041 1010 1116 1074 vult.
1160 1009 1243 1074 Scri·

177 1112 333 1179 bendum:
368 1133 479 1196 quam
502 1115 639 1178 atilius
660 1118 724 1181 θεὴ
745 1118 803 1180 θθὴ.
847 1117 928 1181 Vita
955 1115 1045 1180 utilia
1066 1133 1085 1178 a
1106 1115 1243 1195 pbiloso-

177 1219 237 1300 pho
278 1217 405 1284 tractari
456 1223 550 1287 iubet.
611 1219 644 1308 (ξ
688 1221 728 1284 10
770 1222 958 1298 adolescens,
1000 1220 1132 1286 nondum
1176 1220 1244 1286 visa

178 1323 461 1409 Schweighaeuseri
497 1326 646 1405 editione,
682 1328 896 1406 emendaram,
933 1330 968 1392 ut
999 1327 1026 1393 is
1067 1325 1157 1393 fecit:
1187 1325 1244 1388 de

178 1431 526 1512 aequanimitatem
569 1433 766 1498 adversus
817 1432 1095 1498 inevitabilia.
1159 1430 1242 1507 Fuit,

179 1535 230 1617 qui
261 1537 378 1618 potius,
411 1557 502 1620 quam
534 1540 581 1604 da
601 1558 656 1620 pro
691 1539 736 1604 de
770 1540 925 1611 scriberet,
958 1539 1017 1603 duo
1051 1539 1145 1604 verba
1172 1537 1242 1602 tolli

175 1637 270 1707 vellet
291 1647 323 1708 et
345 1644 438 1708 simul
459 1647 697 1710 concinnitatem
720 1646 890 1723 orationis.)
1295 1694 1300 1704 .

275 1749 331 1834 Ilp.
369 1748 420 1828 50,
453 1750 490 1814 4:
544 1743 708 1829 Quando
746 1754 813 1817 tot
854 1752 1017 1816 morbos·
1049 1740 1242 1815 tantasvc

178 1837 449 1936 egritudines
487 1857 786 1922 discutiemus?
839 1853 990 1940 Quicquid
1024 1858 1071 1920 est
1093 1854 1242 1928 codicum,

176 1963 369 2028 tantusve
402 1981 465 2028 res
498 1963 770 2028 discutiemus
804 1964 928 2037 habent,
956 1981 992 2026 er
1020 1980 1077 2043 quo
1105 1959 1242 2024 Haasius

176 2067 279 2132 effecit
311 2072 395 2133 tam
423 2073 617 2141 veteres,
639 2069 793 2152 Hauptius
822 2070 849 2153 (l
872 2089 902 2150 p.
926 2068 978 2149 ll)
1006 2067 1096 2149 paulo
1124 2065 1240 2130 violen-

176 2171 237 2236 tius
261 2175 456 2240 tantosve
479 2175 604 2251 (omisso
626 2183 709 2252 res),
737 2176 768 2240 iu
791 2193 851 2258 quo
872 2175 1017 2239 vitiosum
1039 2174 1151 2236 estve
1173 2175 1242 2250 (pro

177 2279 503 2363 tottantosque).
548 2279 776 2348 Scribidebet:
812 2283 875 2346 tot
910 2278 1080 2354 morbos,
1104 2277 1242 2340 tantas

170 2383 303 2467 febres
335 2387 502 2462 (uebres)
537 2386 829 2452 discutiemus?
878 2382 1089 2471 Deinde§9,
1123 2383 1175 2447 ubi
1197 2382 1243 2447 sic

176 2491 304 2574 legitur:
337 2492 503 2557 initium
538 2492 584 2556 ad
617 2491 715 2558 illas
739 2495 895 2570 (virtutes)
919 2492 1039 2556 eundi
1060 2491 1242 2568 arduum,

177 2597 270 2678 quia
291 2597 363 2662 hoc
384 2597 553 2680 primum
576 2595 796 2662 imbecillae
818 2598 967 2664 mentis
990 2599 1113 2680 atque
1130 2616 1242 2682 agrae

176 2705 254 2781 est,
276 2704 496 2769 formidare
519 2703 752 2785 inexperta,
775 2703 1017 2770 restituendum:
1053 2703 1242 2786 quiahoc

173 2813 385 2893 propriam
407 2811 625 2876 imbecillae
649 2812 707 2874 cet.

276 2915 331 2997 Ep.
354 2914 406 2994 53,
428 2915 464 2980 7:
507 2916 602 2982 Nam
634 2917 698 3000 qui
720 2915 875 2980 lovitcr
896 2914 1062 2993 dormit,
1168 2915 1242 2979 ali-

176 3021 335 3102 quando
372 3023 548 3088 dormire
581 3043 620 3088 ee
654 3023 854 3088 dormiens
895 3023 1070 3106 cogitat;
1106 3021 1242 3105 gravis

176 3143 287 3208 sopor
312 3129 428 3193 etiam
449 3130 598 3195 somnia
618 3126 840 3212 exstinguit
856 3115 1239 3210 'animumquealtius

176 3233 322 3315 mergit
343 3252 450 3316 quam
474 3235 533 3299 uti
555 3234 894 3301 nullointellectu
915 3234 977 3298 sui
999 3237 1069 3299 θεὴ.
1093 3233 1241 3299 Siccodd.

176 3337 257 3402 boni.
293 3339 404 3404 Deleta
426 3359 555 3422 quam,
579 3341 659 3424 quod
681 3359 773 3424 prave
796 3340 1003 3424 comparativo
1026 3340 1165 3405 additum
1184 3339 1242 3412 cst,

177 3445 268 3508 scribi
290 3445 397 3510 debet:
430 3445 556 3510 altius
587 3447 743 3528 mergit,
765 3446 831 3511 ubi
851 3443 984 3508 nullut
1016 3442 1242 3508 intellectus

178 3550 238 3614 sui
262 3555 331 3616 est.
375 3551 549 3628 Ablativus,
584 3571 619 3616 ex
656 3569 714 3634 quo
741 3552 817 3618 nibil
844 3551 910 3616 sani
941 3553 1024 3618 effici
1053 3553 1172 3633 potest,
1200 3552 1243 3629 et,

175 3655 332 3722 distractis
353 3658 440 3722 initio
461 3658 585 3733 litteris,
608 3677 643 3722 er
675 3662 715 3722 ut
747 3659 784 3722 in
814 3661 846 3723 θὴ
868 3677 904 3722 cr
932 3658 1242 3735 intellectuum,

176 3763 272 3828 semel
294 3765 406 3847 scripto
427 3787 450 3838 θ,
474 3767 559 3830 ortus
581 3783 647 3830 cese
670 3765 781 3847 potest.
820 3762 963 3851 (Quon
985 3764 1004 3826 9
1027 3763 1243 3829 emendaram:

164 3870 306 3932 adesse
336 3870 445 3934 iubet
478 3890 533 3953 pro
566 3871 677 3935 adest
711 3871 750 3933 et
786 3869 911 3947 iubet,
947 3871 979 3933 in
1015 3870 1098 3936 idern
1130 3870 1243 3934 incidit

177 3975 311 4041 Haaaius
332 3975 416 4058 praei.
440 3997 469 4060 p.
491 3975 618 4051 XXVI.)
