3000 4638
620 301 744 356 Valerius
762 301 830 358 llan.
1156 301 1218 366 327

183 499 384 570 stabatis
407 520 545 563 corona
577 499 761 578 (auditorum
790 500 870 566 droa
891 499 1052 581 indicium)
1075 501 1259 567 videbat-

189 625 276 692 que.
319 604 637 684 (dfr.V111,10,2.)

131 727 133 734 ‘
207 757 211 766 ·
294 713 361 781 lbd.
399 713 434 778 7:
468 729 538 795 qno
574 709 717 785 evenit,
754 711 794 774 nt
825 711 969 778 Antius
997 714 1131 778 statim
1160 731 1260 797 quae·

188 817 318 886 rendae
358 815 642 884 incolumitatis
686 815 925 882 occasionem
962 815 1258 901 adsequeretur.

191 921 280 991 Nihil
300 924 341 990 ad
361 942 427 990 rom
449 923 593 990 atatim.
645 922 671 985 B
693 921 789 986 habet
814 922 958 986 statum
980 926 1062 1008 (post
1081 925 1120 1008 s).
1178 925 1258 990 uffi-

185 1031 282 1110 dtu,
303 1029 460 1098 vocalibus
482 1026 690 1110 transpositis:
716 1036 838 1092 ruram
944 1030 1196 1096 occasionem.

294 1135 362 1205 lhd.
386 1135 462 1200 91⁴³„
485 1132 520 1198 3:
565 1131 730 1200 Cimonis
752 1152 844 1200 vero
865 1134 1105 1202 incunabula
1130 1136 1259 1218 opini-

188 1261 261 1310 ene
285 1239 473 1308 stultitia
494 1239 650 1306 luerunt
671 1238 833 1316 reforta3
874 1237 1045 1307 eiusdem
1071 1240 1258 1308 stultitiae

189 1347 361 1431 imperia
408 1346 603 1412 salutaria
642 1344 901 1412 Athenienses
945 1348 1157 1414 senscrunt
1221 1347 1257 1412 In

194 1455 291 1526 altero
327 1450 519 1521 stultitia
557 1451 655 1516 latere
698 1449 813 1534 aliquid
849 1451 1039 1519 incunabulis
1072 1451 1258 1518 contrarium

186 1560 277 1624 recte
305 1559 401 1626 sensit
431 1555 591 1632 Halmium
624 1557 704 1625 latet
734 1559 840 1622 numm
870 1575 931 1622 non
967 1557 1258 1628 adulescentiae.

192 1663 249 1730 sed
270 1663 467 1743 (eiusdem)
490 1661 624 1738 adulti,
648 1659 728 1744 qnod
749 1663 781 1726 et
802 1662 841 1728 ad
864 1663 985 1730 litteras
1013 1663 1113 1746 (ulti)
1134 1664 1258 1748 propius

185 1771 241 1836 -est
262 1770 295 1834 et
316 1773 361 1834 rei
382 1769 499 1853 aptius:
533 1785 631 1852 neque
653 1769 734 1832 enim
757 1767 969 1844 adolescentis,
997 1769 1052 1833 sed
1073 1770 1132 1834 viri
1155 1769 1258 1834 Cimo-

190 1873 241 1940 nis
261 1873 391 1958 imperia
413 1873 633 1956 significantur.
692 1874 813 1958 (Itaque
842 1891 879 1938 ex
899 1873 963 1948 ΙΙΙ,
991 1872 1021 1949 4,
1046 1875 1061 1936 1
1085 1875 1259 1940 validior

183 1982 286 2046 -aetas
307 1979 358 2044 hio
379 1979 583 2064 comparanda
604 1978 687 2058 fuit)
1156 2045 1159 2052 Δ

253 2127 257 2134 -
292 2083 360 2150 lod.
391 2085 426 2148 ll.
468 2084 505 2148 7:
558 2084 697 2168 Itaque
735 2103 853 2168 neque
885 2084 1101 2153 existimari
1135 2104 1257 2170 neque

191 2190 267 2256 dici
288 2191 427 2256 debent
461 2190 575 2264 bona,
606 2208 684 2272 quae
716 2192 758 2254 ut
790 2188 1033 2256 inflictorum
1066 2191 1256 2256 malornm

191 2295 458 2362 amaritudine
486 2294 721 2360 desiderium
744 2295 804 2361 sui
823 2294 1043 2377 duplicent.
1099 2296 1167 2360 Non
1191 2297 1257 2382 agi·

189 2404 243 2466 tur
264 2400 302 2467 de
322 2400 504 2484 duplicando
527 2399 686 2474 desiderio,
710 2399 766 2465 sed
788 2399 825 2464 de
849 2419 940 2466 sensu
965 2402 1116 2468 melorum
1137 2421 1257 2468 memo-

190 2507 238 2572 ria
287 2508 321 2572 et
362 2506 512 2574 desiderio
553 2507 701 2572 bonorum
735 2511 815 2589 (quae
860 2508 1020 2590 putantur)
1063 2506 1255 2590 duplicando.

187 2612 409 2680 Senbendnm:
431 2631 510 2696 qna
543 2611 621 2677 uim
652 2610 901 2677 inflictorum
932 2609 1121 2682 malornm
1151 2631 1255 2676 amn-

186 2717 365 2784 ·ritudine
387 2717 577 2782 desiderii
600 2715 661 2782 sui
682 2715 894 2803 duplicant.
949 2715 1035 2782 Nihil
1055 2718 1150 2802 igitur
1170 2736 1255 2800 pror-

189 2841 244 2888 sus
266 2823 362 2890 deest
405 2825 534 2908 Propter
570 2825 614 2887 ut
639 2823 759 2900 (natrm
793 2840 829 2888 ex
851 2821 888 2886 ni
912 2823 984 2886 ante
1011 2822 1062 2902 in)
1085 2823 1186 2888 ortum
1209 2823 1257 2888 est

185 2927 390 3011 duplicent
411 2932 443 2996 et
463 2927 708 2996 desiderium.

291 3034 359 3100 Lib.
382 3035 453 3110 Vll,
475 3035 495 3098 2
516 3035 552 3100 ll.
577 3034 617 3096 10
637 3033 748 3118 positis
759 3033 900 3100 Valerius
922 3033 1056 3118 Philippi
1078 3034 1256 3101 Macedouis

192 3140 380 3222 exaeepistcla
406 3140 446 3206 ad
467 3139 677 3208 Alexandrum
704 3139 816 3216 verbis,
844 3139 953 3224 quibus
975 3158 1035 3206 non
1057 3140 1166 3208 fideles
1188 3159 1255 3207 esse

188 3245 347 3334 amicitias
366 3245 496 3328 pecnnia
519 3248 639 3328 emptas
661 3245 808 3322 declarat,
835 3245 959 3310 subiicit
980 3244 1196 3328 epiphonema:
1225 3247 1254 3310 A

191 3337 360 3416 caritate
389 3351 494 3418 istud
520 3353 645 3434 pater,
675 3369 768 3418 avus
805 3368 822 3416 o
854 3348 1081 3432 Philippus,
1112 3351 1255 3417 maiore

192 3473 233 3519 ex
259 3457 368 3538 parte
399 3458 595 3522 mercator
621 3456 777 3521 Gracia
805 3473 913 3539 qnam
942 3453 1076 3522 victor.
1128 3455 1256 3521 Frustra

190 3559 367 3628 Perizonius
390 3562 423 3626 et
442 3559 628 3627 Fcertschius
649 3561 804 3634 laborant,
843 3560 912 3626 aliis
936 3559 1176 3641 desperantibus.
1219 3563 1255 3626 ln

191 3665 327 3748 proximo
353 3685 477 3746 vernm;
499 3665 676 3734 huiusmodi
702 3666 784 3731 enim
808 3668 869 3731 est:
900 3666 929 3730 A
955 3666 1120 3730 caritate
1149 3665 1255 3730 istud

191 3773 315 3852 pater,
351 3774 396 3836 ab
420 3796 488 3836 usu
509 3772 733 3856 Philippus,
766 3771 912 3840 maiore
945 3789 987 3834 ex
1017 3771 1128 3852 parte
1153 3790 1255 3836 mer·

192 3877 305 3942 oator
335 3877 396 3944 Gr.
419 3899 448 3964 q.
470 3898 498 3943 v.
531 3877 689 3958 Quatenus
710 3877 800 3960 pater
820 3877 876 3942 hoo
899 3875 1022 3958 scripsit
1044 3875 1083 3939 ad
1104 3873 1213 3950 filium,
1236 3895 1255 3940 a

188 3979 323 4051 suiten
345 3985 487 4067 sumpsit,
509 3985 659 4068 quatenns
681 3981 852 4066 Philippus
874 3981 913 4046 ab
935 4000 993 4048 usu
1017 3981 1049 4045 et
1061 3979 1256 4062 experientia,

172 4105 284 4168 -puam
306 4105 451 4173 magnam
473 4090 563 4155 hnins
584 4087 630 4154 rei
652 4087 767 4152 habuit.
