2938 4630
603 266 721 324 Ouidius.
1108 267 1147 330 67

124 463 287 546 (epistolas
332 465 491 531 heroidum
528 463 621 530 etiam
659 483 729 528 cum
767 465 1013 532 adolescentibus
1053 469 1191 549 pertrac-

122 572 246 645 tarem,
278 589 346 644 eas‚
374 589 440 653 quae
462 588 541 635 verae
567 572 666 646 sunt),
689 569 750 634 alia
771 573 867 636 semel
890 575 922 638 11
944 573 1089 650 celerius,
1110 573 1190 638 infra

120 695 260 760 ponam,
299 676 448 742 librorum
483 677 624 757 tempora
658 677 690 740 et
724 676 861 745 ordinem
894 695 1032 760 sequens.
1104 678 1190 743 Non-

122 783 229 856 nulla,
264 781 296 846 in
326 801 393 866 quac
415 781 562 866 putabam
583 799 634 846 111
655 779 788 864 primum
809 782 964 864 incidisse,
999 785 1062 849 iam
1085 802 1190 869 margo

122 886 271 952 editionis
305 887 487 954 Bersmanni
519 891 716 971 praeceperat,
749 888 829 971 quod
866 889 934 955 ideo
967 889 1045 968 dico,
1076 909 1116 955 ne
1150 893 1190 958 ab

123 991 195 1058 aliis
229 1011 267 1058 ea
296 993 477 1077 negligatur.
533 993 645 1058 Rectus
675 994 880 1077 scripturasa
907 995 1055 1062 Merkelio
1077 996 1190 1061 eiectas

121 1099 275 1183 plurimas
297 1099 414 1164 omitto.

226 1205 382 1272 Amorum
402 1205 455 1269 lib.
480 1205 504 1280 l,
529 1205 557 1278 6,
582 1202 621 1264 23
639 1223 704 1287 sqq.
726 1202 860 1286 primum
873 1205 1013 1271 codicum
1029 1206 1188 1290 scriptura,

123 1327 219 1394 quam
232 1309 399 1376 Merkelius
411 1310 552 1384 mutavit,
567 1307 737 1384 retinenda,
750 1310 804 1374 sed
817 1310 861 1374 sic
872 1310 1114 1395 interpungenda
1124 1315 1188 1378 est:

224 1415 333 1482 Redde
355 1416 454 1482 vicem
477 1414 613 1490 meritis;
635 1416 722 1498 grato
739 1414 812 1480 licet
834 1435 912 1499 esse,
935 1418 1016 1500 quod
1038 1421 1137 1502 optas.

274 1521 424 1603 Tempora
446 1520 544 1586 noctis
567 1523 650 1586 eunt.

130 1625 232 1709 Ipsum
267 1625 430 1691 ianitorem
451 1629 576 1711 gratum
599 1645 665 1692 esse
688 1645 799 1710 cupere
822 1626 910 1711 dicit3
944 1627 1009 1693 eius
1042 1631 1088 1694 rei
1109 1648 1190 1696 nunc

129 1733 318 1798 decadonem
342 1751 418 1800 esse.
462 1733 523 1799 Sed
545 1732 624 1816 qnod
646 1732 801 1816 sequitur:

730 1839 835 1904 excute
856 1840 942 1922 poste
963 1859 1074 1918 seram,

261 1946 382 2011 excute!
405 1942 449 2010 sic
470 1963 617 2028 umquam
640 1945 733 2028 longa
752 1945 887 2011 relevere
908 1946 1025 2022 catena,

123 2051 195 2116 ferri
225 2051 259 2127 in
281 2050 413 2132 optando
434 2072 571 2134 uuquam
595 2069 649 2132 pro
675 2049 841 2134 aliquando
863 2051 947 2116 nullo
968 2051 1057 2132 paolo
1077 2051 1189 2134 potest,

123 2155 279 2240 scribique
304 2156 397 2222 (lebet
414 2155 542 2218 utinum.

225 2261 294 2325 Ibd.
316 2261 342 2337 Ι,
365 2261 394 2334 7,
418 2261 475 2324 58:

261 2366 483 2450 Suspensaeque
505 2367 558 2430 diu
581 2367 717 2432 lacrimae
739 2369 851 2434 fluxere
875 2387 1014 2452 perora,

306 2473 437 2556 qualiter
459 2471 579 2538 abiecta
601 2473 638 2537 de
659 2473 728 2538 nive
749 2475 857 2540 manat
876 2493 965 2558 aqua.

226 2576 278 2642 Sic
300 2578 420 2644 codices
442 2578 522 2652 boni,
544 2579 575 2642 in
598 2579 714 2642 abiecta
735 2580 877 2663 corrupti,
906 2598 960 2662 pro
982 2597 1041 2660 quo
1063 2578 1186 2644 Merke-

120 2683 180 2750 lius
203 2694 323 2746 umecta
344 2685 464 2767 posuit,
499 2703 606 2750 uocem
628 2684 717 2750 valde
742 2683 926 2750 dissimilem
947 2701 1005 2747 111
1028 2682 1186 2748 Ouidianae

122 2791 224 2856 aetatis
248 2809 304 2855 nec
326 2791 401 2856 satis
424 2791 545 2873 aptam3
580 2790 775 2854 scribendum
797 2791 864 2855 erat
884 2787 1014 2871 adfecta,
1050 2789 1107 2853 hoc
1129 2790 1187 2866 est,

122 2898 197 2963 solis
220 2897 253 2962 vi
273 2896 336 2962 iam
358 2897 444 2960 tacta
464 2896 497 2960 et
515 2894 702 2960 labefactata
722 2895 946 2980 (ccpepccffea).

224 3001 292 3068 lod.
314 3004 339 3078 I,
362 3003 392 3081 8,
415 3001 452 3064 31
477 3001 574 3066 oratio
594 3002 639 3067 sic
660 3001 904 3087 interpungendu
925 3001 989 3065 est:

564 3105 656 3191 Signo
678 3128 758 3174 nunc
782 3109 886 3174 Venus
909 3109 981 3191 apta
1004 3123 1067 3170 suo.

260 3211 365 3278 Prosit
385 3213 420 3275 nt
441 3211 617 3290 adveniens,
639 3232 676 3278 en
699 3215 814 3297 aspice!
857 3215 951 3280 Dives
974 3217 1092 3280 amator

298 3321 330 3382 11
352 3317 454 3401 cupiit.

122 3424 262 3490 Effectus
285 3423 333 3488 hic
355 3425 403 3488 est
417 3423 545 3488 Veneris
567 3424 766 3490 advenientis.
779 3426 805 3503 1)
855 3425 923 3510 [Sic
946 3426 1086 3508 quaedam
1106 3425 1187 3509 edd]

150 3781 175 3847 ¹)
194 3778 343 3848 Indignum
361 3783 410 3843 est,
430 3781 520 3850 sperni
537 3797 564 3835 v.
582 3782 619 3837 45
641 3779 778 3858 egregiam
801 3781 829 3834 et
847 3780 1023 3834 necessariam
1040 3779 1189 3834 Burmanni

194 3871 411 3926 emendationem
442 3873 503 3938 (etsi
537 3873 613 3927 nulla
642 3872 712 3928 bona
741 3874 801 3936 est,
837 3871 890 3926 nisi
925 3872 1096 3940 necessarialz
1133 3873 1191 3924 Has

194 3983 296 4033 quoquc,
314 3983 368 4030 quoa
389 3967 483 4032 frontus
500 3985 574 4034 repca
592 3969 616 4017 iu
634 3969 719 4018 vertice
745 3976 845 4032 portant
873 3967 931 4033 (pro
952 3984 1013 4032 quus
1031 4003 1039 4018 .
1058 4003 1064 4016 .
1082 3967 1188 4032 portus),

195 4069 286 4111 excute.
319 4055 380 4110 Non
407 4073 469 4112 suas
487 4057 586 4127 puella,
605 4074 685 4127 quam
704 4058 802 4138 Dipsas
819 4073 899 4128 maga
916 4056 1072 4126 alloquitur,
1092 4056 1189 4126 praeter

958 4149 992 4201 ᾗ*
