2972 4706
658 229 952 302 mmmm

455 429 546 494 Nune
567 429 643 496 vivii
664 430 790 512 necuter
811 428 871 496 sibi
883 429 1048 518 'bonosque

459 536 540 602 soles
563 535 698 620 effugere
720 534 812 618 atque
835 535 918 601 ubire
941 533 1044 598 sentit.

357 641 408 706 Sia
441 639 700 718 Schneidewiuua
732 660 811 706 nova
842 659 915 706 vaae
942 659 1003 706 non
1028 641 1109 706 recte
1140 641 1232 719 fiata3
1267 661 1326 708 nea

257 746 317 813 sibi
339 747 441 814 vivere
456 745 610 812 Martialis
632 747 726 829 negat
748 764 781 812 se
803 747 836 812 ut
856 745 999 824 amicum,
1022 746 1075 812 sed
1098 746 1208 812 vivers.
1242 748 1323 814 Boni

256 853 374 920 tudites
409 851 545 919 habent:
583 849 677 914 Naue
713 851 787 914 vivia
817 872 871 914 aee
899 860 933 914 ut
960 851 1023 914 eiua
1050 851 1131 914 seito
1160 853 1323 938 tonosque.
1379 919 1380 922 ,

257 958 429 1042 Sumpserat
450 955 619 1022 Martialis:

455 1063 532 1128 Hau
554 1063 657 1128 essent
679 1061 746 1126 ioca
768 1079 899 1145 semper,
920 1061 953 1126 hi
973 1063 1102 1128 laboras.

455 1168 545 1234 Nunc
566 1167 628 1230 aivi
648 1187 750 1230 aecem
768 1168 894 1251 uterque
915 1168 972 1230 seit
993 1168 1149 1254 bonosque

455 1273 536 1340 solas
559 1273 692 1356 effugare
714 1273 806 1356 utque
827 1273 911 1338 abira
934 1275 1038 1340 sentit.

255 1381 374 1446 Nucem
395 1381 475 1446 hane
497 1395 579 1452 vare,
601 1396 660 1442 non
679 1378 789 1457 vitam,
811 1377 887 1444 diuit
908 1397 986 1446 esse.

354 1484 487 1560 Addam,
520 1483 553 1547 in
586 1483 731 1565 epistola,
768 1503 834 1568 quaa
861 1484 940 1551 libro
969 1486 1104 1566 seeundo
1126 1487 1322 1571 praeponitur,

255 1589 452 1656 scribendum
475 1607 560 1656 esse:
604 1588 710 1666 Video,
743 1591 1054 1674 quarataapoedioe
1076 1603 1166 1678 utque
1191 1613 1324 1670 eomm-

256 1693 326 1756 dioe
368 1693 525 1777 epistolam
564 1693 731 1778 acceptaret,
772 1695 826 1761 ubi
869 1695 969 1762 editur
1011 1689 1200 1781 taayoedi
1232 1709 1323 1784 utque

257 1798 421 1863 commati.
473 1799 683 1866 Histriouibus
716 1819 813 1883 neque
846 1801 980 1885 epistula
1010 1821 1086 1888 opus
1117 1807 1193 1883 erat,
1223 1823 1321 1890 nsque

255 1905 279 1970 ii
309 1921 380 1981 aum
412 1903 644 1988 epigrammatis
680 1906 852 1988 comparari
882 1910 1032 1990 poterant.
1091 1910 1260 1994 Tragoedia
1289 1913 1324 1978 et

256 2009 428 2089 comaediae,
465 2028 532 2093 quae
553 2029 614 2075 nou
638 2011 726 2092 ipsae,
757 2014 792 2076 ut
821 2011 1056 2096 epigrammata,
1092 2029 1321 2102 προσφωνεῖν,

256 2117 305 2182 cui
336 2115 552 2195 mittebantur,
591 2117 732 2198 poterant
772 2119 818 2194 (in
852 2119 920 2201 ipso
954 2119 1095 2184 contextu
1139 2122 1316 2205 poematis),

256 2220 389 2304 epistula
411 2221 660 2288 sommendandae
683 2224 778 2288 erant.
831 2259 834 2264 ·
