2870 4668
296 289 359 354 m
656 269 923 358 mmmm

255 487 367 554 excidit
378 486 580 572 familiam
601 488 797 571 etquattuor
819 489 970 552 eunomus
984 483 1105 550 litterae
1120 485 1247 560 (iiam)
1260 505 1333 550 oas-

255 593 335 659 dem.
386 592 447 659 Gir.
471 593 541 659 Ver.
578 593 614 658 2:
647 595 756 677 patre
790 589 1049 669 aleHudriouo
1080 589 1272 672 adoptato
1292 590 1332 654 in

140 703 147 718 ·
212 683 218 694 “
253 696 450 764 familiam
494 697 634 763 AEliann
684 697 850 763 devenit
892 696 963 774 (llll.
999 695 1036 761 2:
1067 694 1108 758 in
1135 695 1331 761 AEliorurn

253 803 473 887 familiam.)
516 805 713 887 Antiquioroo
735 805 886 888 gentem
908 797 1065 868 diiieeent.

355 909 422 976 ibt.
457 904 522 973 lile¹
555 909 658 974 Tunc
690 911 818 974 eutem
855 908 1043 974 Antonini
1071 907 1179 990 leges
1207 925 1331 990 sepe·

253 1009 787 1098 liendivsepulchrorumque
824 1014 1061 1097 asperrimae
1091 1017 1333 1089 sanxerunt3

254 1122 404 1207 quando
431 1121 587 1205 quidem
606 1122 814 1198 caverunt,
840 1139 884 1186 ne
914 1118 1128 1206 quispelle
1149 1119 1333 1184 abfebri·

253 1230 408 1294 caretur
447 1227 718 1309 sepulchrum,
754 1228 851 1309 quod
894 1226 1087 1308 hodieq-ue
1126 1227 1330 1290 servatur.

254 1333 421 1400 infeliciter
455 1332 621 1416 corrigunt.
675 1331 831 1413 Scriptum
867 1333 963 1398 luisse
994 1330 1128 1415 opinare
1155 1350 1201 1418 ne
1237 1333 1332 1414 quis

251 1439 354 1504 oilla
376 1437 594 1524 applicaret
616 1437 885 1521 sepulchrum
909 1438 968 1503 nisi
990 1438 1057 1521 quia
1090 1436 1331 1503 adfabrica-

229 1557 231 1562 '
252 1549 362 1612 retur
383 1547 515 1611 rotinere
537 1544 640 1608 audet.

353 1651 421 1716 lon.
469 1651 520 1713 ll:
586 1648 732 1714 Contra
775 1649 988 1715 Germanos
1032 1667 1091 1712 res
1133 1647 1332 1714 feliciter

251 1759 389 1843 gessit.
433 1756 617 1840 Specialo
652 1755 739 1838 ipso
784 1755 929 1821 bellum
963 1754 1329 1820 Marcomannicum
1420 1787 1421 1794 κ

251 1864 320 1930 eod
342 1866 529 1947 quantum
555 1863 612 1937 (nic
634 1863 717 1926 recte
739 1861 832 1927 Peter
855 1880 890 1926 ox
915 1862 1062 1944 Eutropio
1086 1879 1139 1942 pro
1161 1865 1330 1942 quanto)
1420 1887 1421 1946 3

182 2030 186 2036 .
243 1971 359 2036 'nulle
388 1987 549 2052 unquam
577 1969 762 2033 memoria
786 1966 881 2041 luit,
919 1987 999 2032 curn
1038 1967 1203 2042 virtute,
1242 1969 1327 2032 turn

188 2080 190 2086 '
252 2077 370 2141 etiem
408 2074 853 2157 felicit-atetraueegit.
912 2071 1330 2157 Sorib.8pceialiipne

251 2183 392 2248 bollum
416 2181 528 2245 Maro.
639 2197 721 2243 cum
744 2179 906 2254 virtute,
942 2182 1020 2244 turn
1043 2177 1161 2244 etiarn
1184 2177 1329 2244 lelici-

250 2290 330 2354 tute
352 2285 557 2370 traneegit.
608 2284 677 2371 [Sic
699 2283 859 2367 Carent]

292 2433 293 2438 κ
350 2391 417 2459 lbd.
442 2387 496 2457 18:
540 2391 648 2458 Unde
680 2389 799 2454 etium
834 2389 1024 2471 templum
1063 2389 1326 2455 eiconstitu-

248 2500 346 2572 tum,
383 2498 466 2563 dati
499 2495 721 2562 sacerdotes
755 2496 1011 2561 Antoniniani
1043 2493 1263 2561 eteodalee
1287 2502 1327 2562 ct
1419 2529 1420 2532 ¹

248 2605 431 2670 flamines
453 2604 491 2668 ct
513 2603 647 2675 omnia,
669 2619 748 2684 quoe
770 2601 814 2666 de
836 2601 1054 2679 secreta(B;
1077 2602 1103 2664 P
1124 2605 1323 2677 socratas)

249 2709 425 2775 decrevit
447 2709 673 2791 antiquitas.
718 2707 770 2772 Sic
791 2705 925 2783 codicee;
949 2707 1108 2772 eduntote
1129 2710 1326 2784 sacraria

248 2817 303 2882 sed
325 2818 393 2880 tum
423 2814 627 2880 omittendum
658 2815 726 2877 eret
755 2812 818 2886 de,
854 2831 926 2877 nam
956 2813 1140 2879 consecratis
1175 2813 1243 2877 herc
1268 2817 1323 2880 dc-
1419 2841 1420 2846 ¹

247 2923 458 2988 comebantur.
509 2920 536 2984 u
570 2920 635 2984 eod.
672 2917 695 2982 B
729 2918 862 2983 efficitur
894 2922 1082 3004 perspicuez·
1108 2919 1146 2982 et
1178 2923 1324 2999 omnia,
1419 2945 1420 2988 r

247 3045 327 3110 qnae
351 3027 424 3088 eade
445 3021 797 3092 sacrata·decrevit
818 3022 1047 3106 antiquitus.
1100 3022 1203 3088 Semel
1221 3027 1325 3109 scrip-
1419 3039 1420 3106 p

248 3134 315 3196 turn
338 3135 386 3196 est
409 3153 443 3208 ce,
467 3150 536 3196 cum
559 3131 606 3196 bis
628 3129 763 3195 deberet.

347 3237 412 3303 lbd.
436 3237 492 3301 25:
526 3235 649 3301 Simul
673 3234 791 3316 petit,
816 3251 860 3298 ue
884 3235 947 3317 qui
969 3235 1122 3300 senator
1142 3235 1324 3317 tempore

246 3341 492 3427 principatus
528 3343 589 3407 eui
610 3340 871 3415 occideretur,
904 3359 950 3407 ue
972 3339 1055 3405 eius
1077 3339 1322 3422 pollueretur

246 3447 466 3531 imperium.
510 3447 596 3512 Ferri
614 3445 722 3529 nequit
744 3446 828 3510 eius
849 3465 902 3528 pro
924 3463 1042 3520 uuum,
1064 3447 1323 3530 prasertimpoet

247 3554 306 3620 eni
329 3553 386 3637 (ue
408 3553 466 3619 aui
487 3602 515 3619 ..
535 3572 582 3617 ue
605 3553 711 3624 eius).
735 3551 886 3616 Videntur
898 3552 1010 3618 litterae
1022 3555 1096 3626 tres,
1109 3570 1171 3616 une
1186 3553 1322 3632 adiecta,

246 3659 455 3744 geminanda:
479 3655 633 3722 ne‘nece
655 3657 738 3721 eius
762 3658 941 3736 (senatoria)
966 3659 1055 3740 poll.
1078 3659 1165 3738 imp.

347 3763 438 3828 Avid.
476 3763 561 3830 Casa.
604 3763 648 3848 ὃς
699 3762 832 3828 diceus
883 3763 1070 3828 meruisse
1109 3763 1318 3840 Neronem,

247 3870 431 3935 debuisse
463 3869 701 3956 Caligulam,
734 3866 923 3934 Othonem
956 3869 993 3934 et
1022 3868 1228 3934 Vitellium
1253 3891 1321 3936 nec
1418 3877 1419 3904 ¹

246 3975 441 4057 imperare
463 3975 646 4040 voluisse.
692 3973 888 4044 Etiamne
910 3973 1114 4038 Pertinace
1136 3976 1173 4039 et
1196 3975 1321 4041 Galba

245 4081 357 4164 paria
378 4081 591 4156 sentiebat,
628 4097 711 4144 curn
735 4078 885 4144 diceret
914 4079 951 4142 iu
974 4080 1212 4163 imperatore
1236 4101 1318 4148 ava·
