2924 4660
328 351 389 416 598
704 352 764 408 Lib.
775 349 898 424 [Leap.
909 351 932 406 1.

285 553 421 620 bellandi
451 551 556 618 luisse.
605 549 707 616 Unum
745 550 922 615 etiamnunc
958 551 1065 628 restat,
1099 553 1186 632 §41
1216 553 1298 638 quod
1319 553 1352 617 in

285 659 440 726 codicibus
462 659 511 724 est
529 657 703 740 editusque:
728 657 961 740 precavisse
982 659 1132 726 iustum
1155 662 1217 727 est
1237 676 1352 745 quam

285 765 589 849 exspectavisse,
612 767 720 828 natum
745 781 813 828 esse
835 781 872 828 ex
892 763 1084 832 iussiones.
1127 767 1188 845 (Do
1208 787 1235 832 c.
1261 767 1312 839 11,
1332 764 1353 827 9

284 871 401 937 dictum
430 872 479 937 est
507 871 522 934 l
553 891 583 954 p.
608 867 658 934 38.
702 869 766 954 [lta
788 869 913 955 Aldus]
957 871 1017 954 §7
1047 876 1079 937 ln
1101 873 1201 939 verbis
1231 870 1354 937 Claudii

284 975 478 1062 Quadrigarii
514 976 753 1060 persuadent
793 995 848 1060 pro
892 977 1151 1059 persuadenti
1192 977 1356 1061 occupavit

283 1083 430 1152 Peterin
452 1082 683 1167 reliqniisbist
706 1081 775 1148 Lat.
818 1083 957 1148 Nemone
980 1085 1105 1160 anteat)

384 1189 449 1256 lbd.
488 1187 538 1266 13,
570 1187 607 1251 2:
651 1189 713 1272 qni
750 1191 899 1254 minore
931 1207 1075 1254 summa
1109 1190 1213 1262 aeris,
1251 1189 1355 1273 quod

283 1313 397 1377 snpra
438 1295 532 1374 dixi,
574 1296 844 1362 censebantur.
902 1295 1021 1360 Praeter
1059 1314 1173 1379 quam
1218 1313 1355 1378 supro,

282 1403 361 1486 qnod
383 1400 567 1483 simpliciter
589 1421 606 1466 e
627 1401 835 1484 superioribus
864 1401 1051 1466 editionibus
1074 1398 1280 1466 revocandum
1297 1401 1354 1472 est

282 1509 355 1590 puto
378 1507 472 1571 etiam
495 1506 643 1590 scriptum
666 1527 684 1572 a
706 1507 806 1574 Gellio
842 1527 909 1574 esse
938 1508 1125 1570 minorem
1152 1499 1354 1572 sommam.

282 1613 333 1680 Sic
354 1614 437 1678 enim
463 1631 586 1695 semper
607 1604 726 1678 locutos
748 1617 869 1680 veteres
892 1615 1019 1698 (eernere
1038 1635 1212 1701 sommam„
1239 1613 1359 1673 censeri

282 1729 325 1783 tot
344 1719 454 1800 millia,
488 1741 636 1803 moyseum
658 1721 730 1804 apri
747 1721 874 1783 modum
895 1723 969 1795 eet.)
992 1720 1084 1785 fidem
1104 1719 1221 1784 faciunt
1244 1717 1354 1783 Cicero

281 1827 313 1891 in
347 1825 481 1890 oratione
514 1845 567 1908 pro
599 1825 707 1890 llaeco
734 1827 898 1907 (quattor),
931 1827 1096 1906 Horatius,
1130 1825 1250 1892 Gellius
1281 1826 1350 1907 ipse

281 1930 389 2015 paucis
421 1931 559 1996 versibus
592 1933 678 2008 aute;
712 1933 757 2008 tat
789 1933 896 1997 contra
927 1950 1083 2015 nunquam
1107 1917 1207 2016 'caput
1234 1935 1352 1994 cessem·

283 2055 337 2120 pro
358 2055 404 2113 eo,
426 2035 505 2120 quod
528 2039 577 2101 est
602 2037 719 2120 capite).
1132 2097 1136 2123 ¹

385 2143 449 2206 lbd.
475 2141 524 2214 14,
546 2142 564 2202 7
574 2167 580 2203 :
616 2144 874 2228 magnifieum
906 2145 945 2208 in
967 2141 1081 2208 Ulixe
1104 2144 1140 2207 et
1161 2143 1355 2215 ubertum,

283 2248 429 2314 subtile
450 2247 487 2311 in
510 2247 687 2314 Menelao
715 2250 752 2313 et
773 2248 1001 2324 cohibitum,
1034 2249 1198 2313 mixtum
1221 2249 1355 2314 mode·
1437 2269 1438 2276 ¹

283 2357 489 2437 ratumque
514 2353 552 2419 in
575 2351 752 2420 Nestore.
812 2355 989 2420 lnanditnm
1023 2356 1055 2419 et
1076 2353 1221 2420 inaudita
1245 2356 1355 2420 formae

284 2460 470 2528 adieetienm
493 2459 673 2524 ubertum
696 2463 781 2540 (nem
804 2461 972 2524 ubertim
1000 2464 1103 2525 uotum
1126 2453 1220 2526 babet
1243 2464 1352 2528 adver·

283 2570 403 2636 biorum
433 2565 681 2632 terminationem
706 2563 792 2641 tim)
813 2563 931 2631 tollitur
953 2565 1059 2632 divisis
1081 2565 1211 2632 litteris:
1252 2587 1357 2652 meg·

285 2673 446 2741 uilicum
469 2673 507 2736 iu
528 2667 642 2736 Ulire
675 2669 834 2747 secter,
868 2681 942 2734 tom
975 2672 1124 2738 subtile
1158 2672 1217 2737 cet.
1262 2672 1352 2756 [Vct.

286 2781 416 2863 exempl.
440 2775 614 2861 Stephani]
725 2809 728 2814 ,

385 2885 452 2949 Lib.
483 2883 543 2948 vil
565 2883 653 2964 (olim
685 2881 760 2965 Vl),
796 2884 828 2956 1,
861 2883 896 2947 8:
933 2901 1124 2968 nunquam
1156 2883 1259 2948 enim
1282 2884 1354 2948 hoc

285 2990 516 3057 convenisse
548 2989 694 3053 naturae
725 2988 877 3054 auctori
911 2989 1148 3081 parentique
1182 2993 1356 3056 omnium

284 3115 411 3161 rernm
433 3097 628 3161 bonarum.
681 3093 778 3160 Scrib.
803 3115 921 3180 oeque
944 3096 1042 3161 enim
1064 3096 1143 3161 boo.
1188 3096 1354 3180 Temporis

284 3201 469 3285 significatio
494 3219 587 3284 prava
609 3205 665 3266 ost.

384 3306 450 3372 Ibd.
476 3308 525 3384 14,
547 3308 582 3373 4:
629 3305 740 3376 Tum.
778 3307 962 3390 quioquid
983 3308 1039 3372 ite
1061 3307 1262 3374 delictum
1286 3311 1354 3374 est

284 3429 356 3478 nou
379 3432 472 3478 sane
495 3413 655 3498 dignum
678 3431 762 3478 esse
783 3412 1002 3495 imponendi
1030 3433 1148 3498 poenae
1171 3413 1352 3480 studium

284 3521 411 3585 visum
444 3522 503 3585 est
527 3519 708 3597 (maioribus
731 3519 866 3595 nostris).
919 3518 1026 3604 Neque
1049 3521 1226 3605 imponendo·
1248 3541 1352 3604 poeuae

285 3625 403 3692 Gelbes
425 3625 502 3690 dixit
538 3626 720 3710 (superiores
750 3623 997 3707 imponendae
1026 3646 1062 3692 er
1089 3625 1353 3709 interpolatione),

285 3749 382 3814 neque
414 3731 542 3814 dipoum
571 3731 705 3794 studium
728 3737 801 3815 (qna
835 3723 907 3813 rei)
928 3733 1026 3794 visum
1048 3753 1109 3794 esse
1128 3751 1230 3814 poenoe
1254 3731 1354 3814 impo-

284 3837 399 3901 nendo.
453 3838 653 3903 Scribeudnm
678 3841 740 3902 est:
778 3855 850 3901 non
879 3855 970 3902 sane
1004 3836 1163 3920 dignum
1186 3834 1234 3917 (id
1259 3835 1355 3908 delio·
1433 3821 1434 3845 ¹

283 3944 486 4024 tum)·esse
523 3942 751 4025 imponendi
790 3963 924 4026 poenos
958 3941 1085 4005 studio
1120 3944 1247 4007 visum
1286 3945 1356 4006 est.

287 4045 380 4132 Origo
409 4047 518 4112 mendi·
545 4048 688 4130 apparet;
721 4066 794 4112 nam
827 4047 936 4112 elisum
966 4049 1014 4110 est
1041 4070 1055 4109 s
1083 4050 1155 4112 cute
1183 4047 1355 4112 alterumn
1432 4039 1433 4050 ’

289 4161 437 4234 (poena),
451 4154 483 4217 et
504 4153 691 4218 adnisum
714 4147 981 4219 accommodatum
1004 4155 1051 4219 est
1070 4152 1254 4219 studium.
