2956 4648
302 251 363 314 506
657 249 718 306 ιιι.
732 248 941 320 V111.Cap.1v.

262 452 374 536 igitur:
408 467 531 534 quare
554 467 628 512 non
650 448 835 531 protinus
862 449 1154 526 rescriberem?
1196 452 1257 526 Ιιι,
1281 452 1327 519 dc

260 576 335 640 quo
366 555 592 639 quaerebas,
629 553 814 619 veniebat
841 554 862 617 ι.
889 573 913 620 c.
938 573 965 619 ο.
988 575 1030 620 m.
1084 555 1185 622 Semel
1208 557 1325 640 scripto

262 663 284 726 d
307 661 411 744 (ide),
448 658 625 743 corrigendo
648 661 765 726 nutum
791 661 841 724 est
862 661 897 724 ei
919 661 1045 739 (eide).
1094 662 1240 730 Extremo
1261 663 1327 745 epi·

260 769 344 834 stola
378 769 445 846 (11)
479 765 596 832 editur:
652 763 733 830 Non
769 765 930 831 iaciunt
965 767 1086 834 bonos
1121 769 1221 847 ista,
1256 767 1327 834 scd

261 875 417 947 doctos3
451 871 633 955 apertior
669 889 731 936 res
763 873 824 936 est
846 889 1003 954 sapere,
1025 874 1142 941 immo
1164 874 1326 956 simpli-

260 981 357 1056 cior;
383 967 526 1061 paucis
557 977 619 1041 est
653 976 696 1040 ad
722 978 893 1041 mentem
915 978 1053 1044 bonam
1075 978 1135 1044 uti
1154 979 1324 1044 litteris.

262 1085 322 1152 Sed
346 1103 444 1168 neque
477 1093 519 1146 eet
540 1083 586 1144 oti
606 1081 724 1148 Seneca
745 1082 831 1158 dixit,
864 1084 900 1148 ut
924 1086 1006 1150 esset
1037 1084 1103 1148 ιιιοι
1131 1085 1192 1162 οι,Ι
1227 1104 1325 1168 neque

262 1194 347 1258 recto
369 1190 526 1257 sententia
546 1189 689 1263 efficitur,
721 1187 784 1252 sive
809 1187 845 1252 de
867 1189 973 1271 peucis
1004 1189 1118 1256 litteris
1139 1191 1324 1274 interpreta-

261 1317 330 1364 mur·
363 1298 429 1362 sive
459 1295 575 1373 (dativo
609 1299 694 1371 casu)
723 1293 759 1358 de
788 1294 893 1377 puucis
928 1295 1111 1362 bominibus.
1171 1297 1270 1364 Codex
1299 1299 1325 1370 B

261 1404 356 1468 babet
376 1403 530 1478 faucis,
562 1402 618 1468 sub
640 1419 699 1483 quo
723 1419 829 1466 verum
852 1401 939 1476 latet,
962 1401 1041 1483 quod
1063 1401 1129 1468 boe.
1153 1408 1189 1468 ut
1208 1405 1325 1486 opinor

260 1509 337 1574 ιιιιι.
394 1507 515 1570 Vacci
556 1509 621 1572 est
657 1507 751 1583 (eiua,
794 1507 846 1589 qui
882 1506 958 1571 nihil
992 1510 1108 1590 nogotii
1140 1510 1244 1587 babet)
1219 1510 1325 1577 tad
1455 1515 1456 1522 ι

261 1618 432 1682 mentem
454 1615 594 1680 bonam
617 1612 677 1678 uti
699 1611 871 1678 litteris.

361 1721 416 1802 up.
444 1719 514 1795 107,
547 1719 660 1783 lsic'
652 1737 683 1784 ru
706 1706 859 1784 codicibus
881 1719 1025 1788 scribitur
1048 1720 1161 1802 partim
1183 1721 1324 1789 omnibus

262 1825 531 1910 pertimoptime:
576 1821 998 1906 Servioccupationes
1028 1825 1326 1892 tuaaoccasic·
1455 1855 1456 1912 j

263 1951 347 1998 uem
391 1932 493 2015 fugae
539 1931 787 2011 putauerunt
834 1929 1038 2014 silamici
1088 1931 1350 2013 deciperent·
1455 1967 1456 2008 ι

262 2037 432 2104 habeant
464 2028 562 2100 eninr
599 2053 691 2102 sane
720 2051 855 2102 nomen
890 2035 990 2117 qued
1019 2037 1112 2102 illis
1144 2009 1280 2105 noster
1309 2057 1325 2102 e
1455 2051 1456 2098 ι

262 2142 390 2226 priori
413 2142 472 2219 (sic
495 2142 537 2215 Β;
571 2141 665 2208 ceteri
697 2142 729 2204 et
750 2140 817 2205 edd.
850 2145 987 2208 noster
1017 2143 1232 2225 Epicurus)
1255 2145 1325 2211 im-

262 2248 399 2332 posuit
430 2250 467 2312 et
497 2249 696 2314 nocentur
728 2265 800 2330 qno
831 2249 988 2331 turpius
1021 2269 1097 2319 non
1130 2251 1215 2319 sint
1246 2269 1324 2322 om-

263 2355 381 2424 nibus
403 2355 523 2420 rebus
545 2353 792 2423 tuisdesunt
813 2351 881 2416 illi
902 2355 968 2436 qui
990 2358 1201 2438 etopcram
1221 2359 1324 2430 tuem

259 2461 532 2528 conterebant
564 2462 602 2524 et
634 2462 673 2526 te
700 2460 797 2526 aliis
831 2459 1043 2528 molestum
1072 2480 1161 2530 esse
1184 2461 1325 2526 crede-

262 2568 365 2632 bant.
432 2566 572 2631 Primum
605 2583 699 2648 prava
741 2567 773 2632 et
804 2565 912 2646 inepta
942 2569 991 2632 est
1022 2566 1242 2635 condicionalis
1272 2566 1325 2632 illa

262 2674 416 2740 nenena
448 2672 481 2738 ei
515 2672 635 2737 amici
670 2671 924 2754 deciperent,
958 2672 1082 2738 etiamsi
1107 2672 1203 2739 addas
1233 2671 1325 2754 qnid

264 2778 384 2860 (quid,
415 2779 450 2844 si
471 2796 539 2842 arn.
574 2777 838 2858 deciperent),
872 2778 1017 2860 quonism
1040 2795 1098 2844 non
1121 2777 1220 2844 maior
1241 2777 1325 2850 cala·

265 2885 365 2950 mites·
392 2885 489 2948 vitate
522 2884 738 2954 consolationis
773 2902 865 2950 causa
896 2883 1025 2965 ponitur,
1063 2883 1116 2950 sed
1145 2884 1202 2949 boc
1223 2883 1324 2966 ipsum

262 2989 376 3056 lactum
412 3009 480 3056 esse
516 2989 652 3072 proxime
682 2989 872 3077 significatur
904 2973 1063 3074 (desunt
1081 2989 1148 3055 illi
1175 2989 1265 3072 ιιι),
1296 2991 1326 3052 et

263 3095 386 3160 omnine
407 3095 456 3162 bic
478 3096 720 3178 ceuseeaogocis
743 3095 972 3174 enumerentur,
994 3095 1103 3162 deinde
1125 3095 1164 3161 ad
1188 3115 1240 3162 eas
1254 3113 1324 3162 oon·

262 3200 440 3267 siderandae
473 3202 622 3268 transitur
658 3203 782 3279 (Nibil
821 3203 956 3269 horum
992 3203 1201 3269 insolitum
1240 3205 1325 3277 cet).

265 3305 382 3373 Deinde
405 3307 529 3388 Epicuri
561 3326 682 3382 nomen,
715 3309 793 3391 qued
825 3307 961 3391 optimus
983 3309 1079 3377 codex
1101 3309 1248 3388 removet,
1274 3323 1327 3390 per

261 3431 297 3478 se
318 3411 543 3481 alienissimum
566 3415 627 3490 est;
659 3433 757 3498 neqrre
779 3415 909 3482 enimin
932 3416 1031 3498 magis
1052 3431 1146 3498 quem
1168 3413 1250 3478 Zeno
1273 3415 1327 3479 aut

264 3518 363 3599 quivis
385 3518 464 3583 alius
497 3533 535 3586 'ex
557 3520 741 3604 adequitare
762 3520 958 3604 philosophus
980 3521 1042 3588 illis
1065 3520 1250 3593 bominibus,
1275 3518 1327 3600 quai

263 3623 418 3688 Lucilium
452 3627 653 3709 deceperant,
699 3626 868 3691 amicorum
903 3644 1014 3692 nomen
1047 3628 1251 3708 imposueram
1289 3643 1327 3690 ne

265 3730 446 3812 permiserat
468 3732 604 3815 quidem,
627 3731 795 3801 uitalibus
817 3733 1034 3814 imponeretur,
1062 3731 1206 3798 amicitiae
1228 3730 1327 3794 fidelis

264 3853 389 3902 severus
417 3837 516 3902 iudex.
572 3837 638 3902 Nec
659 3825 843 3903 ¹nostrum
864 3837 1031 3919 Epicurum
1053 3838 1168 3902 Seneca
1190 3835 1328 3920 appelle

263 3944 320 4008 ret.
374 3941 517 4010 Extrema
549 3945 641 4008 vorin
674 3941 808 4008 editores
835 3943 895 4026 ipsi
917 3945 998 4010 male
1024 3942 1195 4027 separando
1219 3943 1327 4007 obscu-

264 4051 418 4114 carente
418 4051 529 4114 tnon
555 4048 711 4114 intellecta
678 4049 948 4131 toorrupernnt,
981 4049 1040 4116 nisi
1072 4048 1153 4132 quod
1186 4046 1323 4114 crede-
