2970 4648
417 289 419 295 ’
533 296 564 353 L.
584 295 683 353 Seneca
701 297 736 353 ad
754 297 850 370 Polyb.
1122 299 1185 366 403

155 493 324 560 auunculus
357 493 425 560 linit.
475 493 619 564 Codices:
661 494 854 562 avunculi
892 496 970 560 mei
1006 517 1050 565 ac
1088 519 1223 585 nepos.

155 598 376 666 Scribendnm:
412 603 603 666 avunculi
634 601 710 668 mei
741 602 880 685 mopsi
900 615 1039 688 nepos.
1083 606 1161 673 Onm
1182 609 1222 675 ui

154 705 227 768 ante
249 724 295 772 ne
317 705 491 784 excidisset,
526 725 562 772 ex
586 726 674 791 meg
702 707 853 773 remansit
881 728 932 774 ae.
976 709 1056 791 Mox,
1078 711 1133 778 nbi
1155 714 1221 780 edi-

152 809 221 874 tur:
272 809 421 892 Gaesar,
457 815 627 897 patruus
657 831 785 889 mens,
821 815 994 910 necessario
1023 815 1221 884 scribendum

153 915 238 998 (post
258 916 399 998 tulin:
447 917 498 980 Ti.
523 917 672 996 Caeser3
694 920 833 984 senserat
853 917 886 984 id
905 919 1038 1002 Lipsius.

253 1021 321 1088 lbd.
346 1021 395 1096 16,
417 1021 453 1086 5:
497 1023 711 1090 Faciamus
739 1023 840 1089 lieet
861 1023 929 1089 illi
949 1025 1104 1108 (fortuna)
1127 1046 1222 1095 con·

152 1125 305 1192 vicium
343 1174 433 1208 ...‚
464 1147 539 1194 uon
574 1133 708 1195 tamen
740 1129 987 1209 mutabitur;
1024 1132 1223 1201 adversus

151 1251 289 1298 omnes
333 1252 373 1300 se
412 1253 557 1317 preces
584 1252 810 1317 omnesque
846 1235 1126 1318 querimonias
1162 1240 1223 1321 (sic

149 1339 235 1404 recte
258 1337 424 1405 Pincianus
447 1341 479 1405 et
490 1341 631 1406 Muretus
653 1358 707 1424 pro
729 1341 995 1417 cerimonias,
1017 1341 1096 1424 qnod
1118 1345 1220 1410 ortum

150 1447 199 1508 est
220 1444 318 1509 altero
340 1465 412 1530 qne
434 1447 556 1523 extrito)
585 1445 726 1530 eriget.
777 1443 846 1511 Hoc
874 1465 982 1512 verum
1013 1447 1108 1523 esset,
1133 1449 1158 1514 si
1182 1443 1221 1515 de

121 1529 317 1615 'evertenda
332 1602 335 1608 .
350 1554 383 1617 et
414 1552 569 1618 obruenda
589 1551 713 1616 fortuna
734 1553 893 1636 ageretur:
930 1570 1010 1616 nunc
1041 1552 1146 1638 agitur
1178 1554 1217 1619 de

149 1653 302 1721 flectenda
324 1657 466 1740 precibus
489 1660 521 1724 ct
541 1656 739 1740 querimoniis
763 1659 795 1722 et
816 1655 991 1723 avertenda
1038 1657 1218 1725 Restitnen-

149 1758 224 1825 dnm
255 1760 351 1846 igitur
383 1763 468 1830 exB
499 1765 531 1828 et
561 1763 659 1828 tribus
693 1761 762 1828 aliis
792 1761 947 1827 codicibus
970 1762 1126 1848 exiget,
1162 1765 1220 1830 boc

149 1866 215 1941 est,
247 1868 422 1950 penetrabit
453 1871 501 1945 et,
532 1886 590 1953 quo
620 1869 665 1934 irc
693 1867 883 1943 intenderat,
917 1871 1034 1952 perget.
1087 1867 1132 1935 Ut
1167 1869 1217 1936 hic

148 1970 311 2055 exigere
332 1993 392 2053 se,
426 1974 470 2040 aic
491 1993 560 2057 per
590 1973 757 2040 dolores
787 1973 986 2058 exigenda
1016 1973 1159 2040 dicuntur
1180 1975 1220 2042 de

147 2076 202 2143 vit.
227 2077 363 2158 beati,
388 2080 415 2143 1.

248 2183 315 2249 Ibd.
341 2183 394 2262 18,
427 2185 464 2250 2:
496 2184 579 2252 Hoc
612 2185 713 2251 enim
746 2203 864 2251 unum
893 2186 956 2250 est
985 2184 1109 2250 rebus
1143 2185 1219 2251 hu-

149 2289 277 2354 manis
299 2308 412 2375 opns,
448 2291 511 2357 oni
532 2290 645 2356 nulla
672 2292 898 2374 tempestas
921 2292 1076 2356 noceat.
1120 2291 1216 2359 Scrib.

151 2396 215 2460 est
236 2415 278 2458 ec
298 2398 418 2463 rebus
438 2397 626 2462 humanis
645 2414 750 2478 opus.

94 2672 97 2678 ,
249 2603 371 2672 (tonsol.
393 2605 436 2673 ad
457 2605 601 2674 Helviam
623 2606 659 2682 7,
693 2605 730 2670 7:
776 2605 832 2671 Ad
861 2606 962 2671 banc
993 2607 1220 2672 eommuta-

146 2709 301 2775 tionem
337 2711 515 2778 locorum
550 2713 736 2780 libentes
779 2711 939 2776 nomine
984 2709 1137 2775 dabant
1178 2711 1218 2776 et
1333 2701 1335 2706 ’

146 2814 315 2882 relictis
337 2819 419 2884 aris
441 2819 526 2885 snis
548 2820 663 2885 treus
685 2817 815 2882 maria
837 2815 1090 2899 sequebatur
1112 2815 1216 2880 colo·

146 2937 218 2984 nos
254 2940 384 2990 senex.
431 2921 482 2989 Sic
513 2926 588 2991 AB
622 2923 734 3002 (ceteri
766 2922 932 2988 colonos
966 2921 1218 3005 sequebatur

146 3031 294 3107 senex).
346 3028 422 3109 Quis
461 3031 564 3114 (unns)
593 3051 703 3110 senex,
732 3029 849 3095 relictis
878 3028 939 3093 aris
971 3025 1053 3104 anis,
1094 3027 1217 3093 colonos

147 3131 286 3208 (invenes
318 3152 424 3200 omnes
454 3154 513 3201 nec
546 3157 615 3205 aras
649 3135 870 3221 relinquentes)
904 3133 1113 3217 sequebatur?
1155 3131 1215 3213 Qui

145 3255 243 3320 nuper
263 3238 328 3303 haec
350 3240 535 3323 probarunt,
564 3239 713 3310 ‘udonus
734 3241 780 3308 sic
801 3239 973 3323 accepisse,
1006 3236 1094 3321 quasi
1116 3236 1215 3322 scrip-

144 3343 214 3408 tum
236 3345 334 3410 esset:
369 3347 421 3426 ,et
443 3348 566 3415 colonos
595 3349 713 3414 relictis
735 3345 797 3413 eris
819 3345 883 3411 suis
904 3343 1133 3429 proficiscentes
1166 3363 1215 3411 se·
1254 3435 1257 3440 Ι

145 3448 316 3531 qnebautur
339 3455 559 3519 exacta'aetate
580 3455 753 3538 parentes“.
804 3451 886 3517 Nam
907 3467 998 3514 senes
1020 3450 1113 3516 multi
1134 3449 1214 3516 colo·

144 3572 253 3618 norum
276 3555 337 3640 ipsi
359 3560 463 3635 erant:
498 3579 686 3645 quamquam
721 3575 810 3622 nemo
840 3556 930 3639 pater
949 3553 1049 3618 lilium
1071 3553 1214 3622 colonum

144 3660 328 3743 sequebatur
361 3663 420 3729 nisi
441 3663 508 3746 ipse
530 3666 662 3733 colonus.
716 3663 794 3728 Haec
817 3678 886 3727 cum
907 3676 1002 3748 prava
1031 3677 1100 3726 esse
1123 3677 1213 3744 snpe-

142 3763 238 3830 riores
266 3765 399 3834 editores
431 3769 592 3849 sentirent,
619 3770 827 3853 scripserant:
857 3764 1027 3842 colonus
1059 3782 1214 3849 seque-

142 3867 264 3934 batur
283 3889 420 3951 senex,
452 3875 485 3940 in
520 3895 579 3960 qua
612 3877 763 3960 scriptura
790 3869 955 3938 manifesto
976 3866 1089 3934 vitiose
1110 3869 1212 3935 obiec-

131 3973 210 4040 tum
234 3974 321 4042 deest
352 3981 384 4044 et
404 3995 510 4045 omues
539 3982 638 4048 coloni
671 3981 761 4046 senes
790 3979 877 4042 fiunt.
933 3971 1123 4054 Expelleuda
1144 3992 1211 4039 om-

142 4078 216 4144 nino
238 4081 406 4149 senectutis
427 4087 543 4153 mentio
566 4086 838 4171 querendumqne,
861 4072 934 4162 qnid
955 4076 1054 4143 coloni
1075 4077 1210 4146 Romani

955 4204 1007 4254 es*
