3000 4638
303 296 366 360 378
646 295 707 350 Lib.
726 294 804 350 VIII.
822 292 889 363 Cap.
905 292 944 349 ll.

260 517 322 564 non
345 516 421 581 opus
447 496 498 568 sit
528 494 701 560 adscribam
723 495 828 558 tamen
851 489 984 556 similem
1006 487 1108 554 Ovidii
1134 487 1324 554 sententiam

262 623 298 670 er
319 605 419 669 Ponto
440 602 483 678 ΙΙ,
507 601 536 678 l,
557 597 599 662 43
622 599 654 663 et
673 597 730 663 44:
778 597 891 682 Totque
921 595 1081 672 (narrasti)
1113 594 1216 658 alae
1237 594 1328 658 dacer

262 710 389 795 captivis
401 707 510 770 addita
522 704 606 768 collis
616 703 747 782 υἰησιιὶα,
766 723 854 788 poene
867 701 963 766 doctae
983 711 1057 786 quot
1076 702 1154 764 aad&
1175 721 1236 764 coac
1249 700 1328 786 ficit.

262 817 363 896 Quam
384 813 473 880 facile
494 812 593 878 satis
615 809 763 876 exciderit
783 809 854 874 ante
875 808 1093 886 satellites,
1121 809 1218 891 patet.
1264 807 1328 874 Sed

261 920 382 987 viderat
402 937 509 984 rerum
529 919 592 982 iam
613 915 735 1000 Lipsius
768 915 842 997 (uisi
864 915 945 999 quod
970 916 1034 980 sat
1060 915 1211 997 scripsit),
1241 914 1328 980 euius

263 1027 470 1093 coniecturam
503 1043 573 1088 cum
607 1023 765 1089 Fickertus
797 1039 858 1086 non
895 1023 1182 1101 commemorasset,
1214 1021 1329 1086 iterum

262 1130 404 1198 iacienda
425 1129 578 1194 mihiiuit.
613 1128 631 1211 ᾗ
650 1127 670 1192 3
692 1126 774 1211 quod
796 1126 955 1193 scribitur:
980 1128 1019 1192 et
1039 1127 1078 1190 in
1100 1125 1264 1192 florenti
1287 1143 1330 1191 ac

262 1239 377 1304 beata
399 1241 488 1318 (rep.)
509 1235 725 1317 pecuniam,
761 1232 963 1309 invidiam,
995 1231 1104 1297 mille
1126 1231 1204 1298 alia
1224 1232 1331 1298 iner-

263 1343 339 1410 mia
368 1340 468 1407 vitia
496 1359 678 1424 regnare,
709 1339 793 1404 recte
827 1337 995 1404 Pincianus
1031 1337 1144 1423 aliique
1175 1336 1330 1418 uiderunt,

263 1447 462 1532 pecuniam
495 1465 557 1512 non
589 1464 656 1510 esse
684 1445 796 1510 uitium
826 1463 883 1511 nec
910 1462 1001 1526 posse
1023 1461 1095 1510 cum
1116 1443 1233 1510 inuidia
1254 1462 1329 1508 cou-

262 1552 358 1637 iuugi.
389 1550 591 1618 Scribondum
602 1549 725 1616 ridetur
738 1547 1330 1631 calumniacuiusvocisduaeprimae

263 1660 374 1726 litterae
395 1661 464 1740 post
498 1659 537 1722 ta
558 1657 697 1722 excidere
719 1656 892 1740 potuerunt,
926 1647 984 1721 sed
1002 1658 1152 1739 praeterea
1175 1653 1331 1732 inertia,

263 1784 332 1849 quae
356 1762 506 1830 eorrectio
524 1764 555 1827 in
578 1763 717 1847 margine
742 1763 856 1828 codicis
880 1761 1086 1827 recentissimi
1100 1762 1246 1827 annotata
1267 1760 1329 1837 est3

264 1889 337 1936 nam
360 1888 459 1953 neque
482 1871 601 1934 murata
622 1887 723 1952 neque
743 1868 876 1934 inermia
894 1868 971 1933 vitia
991 1867 1075 1933 recte
1097 1866 1159 1932 dici
1176 1865 1328 1933 ridentur.

263 1976 311 2042 De
333 1967 351 2059 ξ
372 1976 392 2037 b
415 1982 539 2058 (quam
570 1993 730 2058 nequam
755 1975 901 2053 vivere)
922 1974 985 2040 diri
1006 1974 1065 2040 rol.
1088 1975 1104 2038 Ι
1126 1993 1158 2057 p.
1178 1971 1221 2034 44
1242 1971 1330 2037 ride·

265 2101 358 2166 orque
380 2081 458 2146 mihi
478 2080 599 2147 felicior
619 2081 713 2148 luisse
738 2098 830 2165 quam
853 2081 1007 2165 Hauptius
1029 2081 1059 2164 (Ι
1079 2099 1109 2164 p.
1131 2078 1182 2157 6);
1213 2095 1271 2142 neo
1290 2078 1332 2144 ut

265 2188 414 2270 opinor,
460 2187 541 2270 quod
574 2205 643 2254 cum
678 2187 794 2253 ironica
825 2187 957 2271 quadam
997 2185 1172 2252 urbanitate
1209 2184 1331 2258 dicitur

266 2293 358 2360 credo
380 2310 457 2368 esse,
480 2311 533 2358 cur
554 2312 573 2358 a
594 2293 800 2375 superioribus
822 2292 1048 2376 abiungatnr.¹)

365 2397 440 2462 lbd:
466 2399 587 2464 initium
624 2399 734 2483 capitis
767 2399 786 2462 9
823 2399 938 2464 frustra
970 2397 1151 2464 coniecturis
1182 2398 1332 2462 tentatur.

266 2505 340 2571 Sine
374 2505 557 2588 parsimonia
593 2525 648 2572 nec
682 2506 754 2572 ullae
786 2523 859 2589 opes
896 2505 1040 2572 sufficere
1073 2503 1232 2578 dicuntur,
1278 2502 1332 2570 sed

266 2631 388 2695 semper
411 2612 543 2678 maiores
573 2611 753 2678 necessariae
785 2629 853 2678 csse
886 2610 1056 2697 querique,
1088 2627 1146 2676 nec
1178 2610 1249 2676 ullas
1270 2628 1332 2676 non

136 2778 145 2800 ,
193 2751 195 2754 ·
266 2720 342 2786 satis
363 2723 468 2802 patere
496 2720 542 2797 (et
570 2737 676 2786 omnes
703 2717 780 2784 satis
801 2718 917 2800 patere,
950 2720 986 2783 ut
1018 2716 1098 2784 exire
1127 2715 1331 2800 dissipatique

266 2827 320 2892 aut
340 2825 407 2908 rapi
439 2825 479 2890 ab
499 2824 569 2890 aliis
590 2823 732 2907 possint).
778 2822 839 2888 Sed
859 2823 891 2889 in
914 2824 932 2906 ς
955 2825 974 2886 2
995 2822 1154 2890 manifesti
1175 2826 1208 2888 st·
1228 2823 1332 2907 gravis

265 2931 370 2997 mendi
421 2948 527 2996 eorum
571 2930 748 3004 verborum,
792 2948 858 3012 queo
905 2931 950 2995 sic
990 2929 1022 2994 in
1063 2931 1094 3013 A
1136 2927 1330 2994 scribuntur:

265 3037 466 3102 Disoamus
494 3083 561 3102 ...
590 3035 858 3120 frugalitatem
881 3035 1006 3100 colere
1027 3033 1181 3100 etiamsi
1204 3031 1331 3098 mulos

265 3142 425 3226 pudebit
447 3142 490 3206 ei·
505 3129 592 3224 plus
614 3147 810 3219 (manassae.
824 3161 917 3226 supra
941 3160 980 3208 os
1001 3140 1125 3224 scripsit
1146 3139 1177 3218 h,
1198 3137 1280 3204 unda
1303 3137 1329 3202 B

265 3252 298 3314 et
317 3247 384 3314 Pal.
407 3248 428 3310 4
449 3247 564 3312 simul
591 3247 681 3324 bos),
715 3247 785 3314 ideo
813 3247 969 3314 difficilius
998 3249 1047 3314 est
1070 3246 1186 3312 certam
1209 3261 1329 3310 correc-

285 3471 294 3502 ¹
392 3510 443 3530 ·‚
667 3471 674 3484 '
895 3465 1332 3532 ¹..,olisad·

296 3469 307 3541 )
334 3470 904 3634 {2¹09isicssmgelarfflgsffiwwffiffiss
927 3470 1055 3620 :gildislsep
1084 3471 1155 3631 {bala
1179 3466 1206 3626 g,
1220 3469 1331 3618 tdIrecte

335 3656 471 3711 Muretum
498 3671 589 3712 omues
606 3659 670 3712 ante
688 3657 844 3712 Fickertum
871 3662 900 3713 et
917 3656 1048 3712 Haasium
1066 3654 1151 3710 secuti
1168 3655 1247 3709 eraut
1265 3651 1330 3706 scri·

336 3747 454 3804 beatam:
474 3749 543 3804 nisi
561 3753 612 3802 eoi
630 3749 664 3816 (A
682 3750 776 3820 quid)
796 3749 970 3806 facillime
988 3750 1104 3818 negat,
1124 3745 1203 3802 sibi.
1251 3742 1331 3798 Nihil
1381 3743 1383 3748 ’

335 3857 397 3896 sane
423 3841 565 3898 felicitatis
596 3845 654 3896 erat
677 3841 716 3908 id,
748 3843 818 3912 quod
853 3843 1008 3906 deberetur,
1035 3840 1089 3896 sibi
1119 3854 1217 3909 negare
1245 3851 1330 3907 posse,

332 3935 386 3989 nisi
405 3935 531 3992 creditori
550 3935 644 4004 negari
662 3937 760 4004 posset.
809 3935 849 3990 De
873 3951 969 4005 genere
993 3933 1085 3989 mendi
1112 3930 1169 3985 dixi
1193 3929 1245 3984 rol.
1266 3929 1279 3982 Ι
1298 3943 1325 3998 p.

334 4031 377 4085 68.
413 4027 531 4084 cfr-111
551 4028 584 4082 de
602 4027 689 4081 benef.
709 4030 752 4093 26,
783 4029 800 4083 2
824 4027 871 4082 ubi
897 4031 968 4084 recte
993 4026 1137 4082 edebatur:
1160 4023 1247 4087 aius,
1275 4019 1331 4074 oui

333 4120 419 4186 (codd.
437 4120 547 4191 quod).
