2918 4652
496 269 497 272 ¹
519 206 521 210 Δ
569 287 571 292 ,
613 253 743 317 Iustinus.
1111 254 1173 316 619

150 453 276 532 etopus
311 471 371 516 non
404 454 486 517 reste
515 471 550 517 ox
583 471 669 534 aequo
698 453 928 536 coniunguntur.
972 452 1108 518 librario
1135 455 1214 518 osei-

149 557 229 620 tonti
252 553 347 622 enimi
370 577 480 622 nomen
504 559 637 639 eorporis
659 559 751 624 etiem
775 560 938 642 suggessit.

106 671 108 676 '
250 663 316 728 Lib.
340 665 354 726 Ι
376 683 402 728 o.
426 647 472 734 9,
500 663 551 724 122
594 664 722 747 Igitur
749 665 853 748 magi
883 664 929 729 od
957 665 1124 731 favorem
1147 685 1213 749 po-

147 768 228 850 puli
261 769 552 833 conciliandum
590 769 742 835 tributo
775 773 814 834 et
846 770 1000 834 militiae
1035 772 1213 836 voratio-

146 891 229 938 nem
259 875 296 938 in
328 875 543 941 triennium
569 877 813 957 permittunt.
870 875 966 940 Sorib.
991 877 1135 947 tributi
1152 873 1226 972 ⁴(sio'

145 979 207 1044 iam
246 981 312 1054 alii)
357 982 395 1046 et
441 981 593 1046 militiae
638 983 879 1047 vacationem
919 983 957 1046 in
995 983 1211 1050 triennium

141 1088 382 1170 promittuut.
436 1086 503 1165 Quo
525 1088 665 1168 exempla
687 1106 704 1151 a
726 1088 828 1169 lespio
851 1089 1006 1173 adscripta
1028 1091 1212 1172 pertineant,

146 1193 268 1257 omnino
304 1213 365 1259 non
410 1193 565 1276 intellig03
621 1193 659 1256 ud
704 1193 936 1271 doolarandum,
980 1196 1032 1277 qui
1074 1196 1211 1260 favorem

146 1301 259 1381 captet,
287 1300 437 1364 tributa
478 1301 714 1383 permittere
748 1298 809 1365 diei
831 1303 885 1366 aut
920 1301 1042 1366 omnino
1070 1302 1126 1366 hoo
1150 1303 1211 1366 La-

145 1404 245 1468 tinum
268 1424 346 1481 esso,
381 1405 459 1468 nihil
480 1405 644 1486 pertinent,
678 1423 732 1469 neo
759 1405 798 1470 ad
820 1407 1041 1472 ostendendum
1064 1408 1144 1473 reste
1175 1427 1211 1472 ex

147 1529 233 1592 aequo
256 1511 399 1594 coniungi
432 1511 581 1576 tributa
614 1499 822 1576 er'militiae
845 1515 1103 1587 vocationem,
1135 1533 1211 1597 quo-

145 1636 213 1680 rum
236 1616 312 1682 illud
335 1637 410 1682 onus
432 1636 533 1700 grave,
560 1616 616 1682 hoo
639 1619 751 1683 bonum
773 1619 805 1682 et
825 1619 1035 1684 levamentum
1053 1622 1109 1692 est,
1133 1619 1210 1683 illud
1303 1662 1312 1680 .

143 1722 328 1799 remittitur,
350 1724 408 1788 hoo
431 1724 569 1786 donatur.
785 1730 787 1738 ’

242 1829 363 1901 Lib.ll,
379 1830 406 1905 l,
423 1828 478 1892 20:
501 1829 705 1914 AEgyptnm
727 1834 865 1903 eutem,
881 1849 959 1912 quae
975 1832 1035 1894 tot
1059 1849 1208 1913 regum,

143 1936 376 1999 soeculorum
411 1953 502 2000 oure
525 1936 780 2018 impensaque
812 1933 963 2001 munita
998 1937 1051 2000 sit
1085 1935 1209 2000 etad·
1242 1931 1244 1936 ’

142 2043 383 2105 versumvim
398 2042 689 2114 incurrentium
712 2061 888 2124 uquarum
913 2043 1038 2108 tantis
1060 2044 1210 2106 structa

141 2148 322 2226 molibus,
354 2143 415 2214 'tot
447 2148 773 2221 fossisoonoiso,
810 2150 867 2224 ut,
901 2167 984 2212 oum
1012 2149 1075 2221 his
1097 2166 1208 2213 aroe-

141 2257 273 2327 antur,
306 2253 391 2317 illis
414 2254 659 2337 recipiantur
693 2273 808 2336 uquae,
843 2254 1108 2330 nihilominus
1131 2255 1208 2320 ooli

43 2342 48 2352 ¹
141 2360 216 2424 nisi
250 2356 410 2424 exoluso
438 2361 529 2424 Nilo
562 2379 632 2424 non
664 2361 842 2441 potuerit
872 2377 939 2449 neo
971 2362 1110 2441 possit,
1151 2362 1207 2426 vi·

142 2467 226 2530 deri
259 2466 452 2542 hominum
490 2466 688 2529 vetustate
723 2464 880 2539 ultima,
925 2483 1004 2547 quae
1044 2484 1207 2549 aggero-

140 2573 318 2638 tionib'us
351 2590 478 2654 regum
513 2572 595 2634 sive
616 2570 699 2634 Nili
731 2571 928 2634 trahentis
960 2571 1095 2636 limum
1128 2576 1206 2637 ter·

141 2697 268 2742 rarum
306 2678 582 2741 recentissima
614 2677 807 2740 videatur.
857 2677 1047 2742 Pravissima
1080 2679 1207 2743 effeetus

117 2787 172 2864 ,et
195 2784 416 2848 consecutionis
447 2783 629 2866 significatio
659 2783 713 2846 est
733 2783 763 2846 in
798 2785 858 2860 ut,
893 2783 980 2866 quasi
1012 2785 1154 2864 operibus
1177 2787 1208 2848 et

140 2890 230 2955 fossis
264 2889 421 2954 diffieilior
441 2889 600 2972 AEgyptus
630 2889 670 2952 od
693 2889 852 2954 nolendum
884 2890 968 2954 laeta
990 2891 1039 2954 sit.
1084 2891 1208 2973 Perspi-

141 3015 195 3060 oue
218 3015 254 3061 er
275 2997 396 3080 magnis
425 2995 566 3078 operibus
600 2995 807 3070 oonoluditur,
839 2995 1002 3076 antequem
1031 3015 1067 3060 eo
1097 2997 1208 3062 effecta

141 3105 212 3179 sint,
237 3104 296 3168 ooli
318 3103 487 3185 AEgyptum
521 3120 578 3164 non
615 3101 767 3183 potuisse;
804 3101 907 3184 itaque
930 3103 1022 3166 stiam
1047 3102 1206 3178 hominum

141 3211 294 3274 vetustate
327 3211 468 3274 ultimam
493 3208 714 3284 (novissimam)
737 3226 813 3283 esse,
848 3228 941 3291 quum
964 3209 1032 3290 ipsa
1053 3211 1135 3272 terra
1156 3227 1206 3271 re-

141 3317 319 3380 centissimo
351 3315 400 3378 sit.
445 3313 730 3388 Nihilominus,
768 3315 847 3396 quod
883 3333 1009 3380 omnem
1044 3315 1206 3379 sententies

140 3421 275 3505 speeiem
300 3421 411 3484 evertit
434 3423 544 3501 (nequo
569 3420 652 3483 enim
674 3419 735 3483 alia
757 3419 879 3484 est'Nili
902 3422 1044 3497 exclusio,
1069 3421 1126 3486 nisi
1138 3440 1205 3504 quae

140 3535 231 3610 supra
254 3527 425 3610 significato
455 3529 524 3604 est),
558 3530 667 3591 notum
695 3529 743 3590 ost
765 3545 799 3590 ex
828 3525 917 3590 Nili
939 3531 970 3591 et
1002 3527 1078 3591 ooli
1107 3527 1204 3600 nisi3

138 3633 242 3714 itaque
263 3631 295 3694 in
319 3633 461 3708 Aeoli,
484 3632 563 3714 qnod
586 3633 618 3695 in
641 3631 694 3697 illo
717 3633 804 3709 latet,
826 3653 886 3698 non
905 3632 1064 3713 reperitur.
1103 3631 1206 3708 (Nisi

139 3737 242 3802 omitti
254 3757 315 3802 non
327 3737 514 3815 adnotatur.)
537 3735 736 3802 scribendum
748 3739 842 3822 igitur
854 3741 916 3802 est:
938 3737 977 3800 AE
983 3757 1004 3821 g
1010 3741 1156 3824 yptum.
1169 3788 1177 3802 .
1192 3788 1199 3802 .

139 3863 220 3928 quae
347 3843 494 3909 munita
526 3844 583 3908 sit
615 3848 652 3908 et
782 3846 907 3912 tantis
938 3847 1097 3909 structa
1131 3851 1204 3922 (er-

19 3963 22 3969 ·
138 3951 320 4028 strnotai)
353 3951 538 4023 molibus,
576 3952 635 4015 tot
678 3951 797 4017 fossis
834 3951 1006 4024 connisa,
1049 3961 1204 4042 et‚oum

138 4055 198 4120 his
222 4056 446 4123 arceantur.
480 4055 564 4119 illis
598 4058 846 4140 recipiantur
869 4076 972 4140 aquae
994 4056 1095 4137 Nili,
1128 4059 1205 4124 ooli
