2938 4630
585 297 736 354 Terentius.
1106 299 1145 362 17

122 497 234 566 referri
274 494 430 574 iudicans,
473 501 543 581 post
585 496 687 563 dicem
727 497 923 582 interpunxit.
987 497 1188 566 Scribendnm

128 605 262 675 vidntur:

250 711 330 788 Quid
350 711 445 794 igitur
467 709 592 774 dicem?
634 709 705 774 'fibi
729 707 864 786 idoctori,
889 710 965 774 mihi

248 817 381 882 amicum
403 815 539 888 adduxti,
560 833 652 898 quum
674 833 735 880 non
757 814 907 880 licitumst
927 816 1063 898 tongere.

228 921 296 984 Ibd.
320 921 401 984 1006
424 921 473 1000 (V,
507 920 537 993 3,
565 921 608 1002 4).
661 919 708 984 De
740 919 853 984 codicis
874 921 1017 986 Bembiui
1038 923 1188 1005 scriptum

127 1045 190 1094 une
211 1027 319 1092 littero
341 1027 488 1104 detractu,
520 1045 613 1109 quum
646 1025 740 1090 etium
771 1025 803 1091 in
832 1026 1017 1108 reliquorum
1038 1029 1189 1110 scripturn

124 1130 350 1198 detrahendam
396 1151 463 1196 esse
515 1121 785 1197 vehementissime
830 1131 984 1196 clamabat
1025 1134 1187 1213 sententio,

129 1257 239 1304 verum
260 1237 457 1302 habebimus:

194 1342 316 1426 Pergiu'
338 1342 451 1406 mulier
474 1343 577 1407 odiose
598 1347 688 1408 esse?
708 1343 842 1405 odiumne
856 1347 921 1424 (pro
943 1341 1109 1422 nullamne)
1130 1363 1187 1429 ego

567 1465 571 1470 ·
678 1468 744 1514 rem
765 1467 911 1530 umquam
932 1448 963 1514 in
985 1449 1051 1514 uita
1070 1467 1141 1515 mea

158 1571 160 1583 ¹
194 1554 284 1632 uolui,
320 1555 395 1636 quin
425 1556 519 1619 tuin
557 1572 593 1619 en
620 1573 653 1621 ro
683 1554 759 1618 mihi
784 1553 879 1618 fueris
905 1553 1103 1630 auronum,
1133 1555 1189 1622 So-

1021 1661 1156 1726 stretoi'

150 1782 159 1797 ·
233 1763 290 1843 Qui
325 1766 408 1830 enim
439 1766 470 1828 in
500 1764 583 1830 omui
601 1783 647 1828 *re
680 1765 917 1829 adversatricem
940 1764 1075 1847 aliquem
1095 1765 1189 1832 fnisse

127 1869 282 1952 queritur,
316 1871 344 1936 is
374 1871 553 1954 interroget
587 1871 691 1935 ullone
712 1869 804 1935 tuerit
825 1887 882 1943 res,
916 1869 949 1933 in
971 1889 1031 1952 quo
1052 1887 1112 1936 nou
1133 1871 1189 1936 sd·

2 2067 3 2072 ¹
130 1976 281 2040 vernetum
302 1976 403 2050 fuerit,
426 1994 497 2050 non,
518 1977 652 2042 nullone.
708 1975 775 2059 [Sic.
793 1976 858 2040 cod.
880 1975 1035 2058 Riooord.]

229 2081 298 2144 Ibd.
320 2079 401 2144 1018
422 2101 488 2164 sqq.
511 2082 559 2159 (V,
582 2081 612 2158 3,
637 2082 675 2143 10
697 2084 786 2164 eqo).
828 2079 953 2146 Codices
975 2080 1018 2145 sic
1040 2081 1188 2162 scriptum

127 2185 260 2250 habent:
917 2203 921 2212 ’

230 2291 290 2356 Sed
313 2310 383 2355 cum
406 2292 536 2369 (Bemb.,
559 2291 611 2356 alii
634 2291 727 2376 qnod)
749 2291 849 2374 magis
869 2289 1055 2355 credundum
1077 2292 1147 2372 siet,
1201 2323 1206 2336 ,
1235 2311 1237 2317 ’

171 2398 204 2461 id
226 2397 306 2480 quod
328 2400 377 2462 est
398 2396 565 2462 consimilis
587 2397 731 2470 moribus,

171 2503 342 2570 00nuinces
362 2501 452 2568 facilc
473 2521 509 2566 ex
529 2504 561 2566 te
582 2502 705 2576 uetum3
727 2519 800 2565 nom
821 2502 866 2566 tui
888 2502 998 2568 similis
1020 2503 1067 2567 est
1087 2503 1187 2584 probe.

231 2610 268 2674 In
288 2608 355 2672 loco
385 2607 417 2671 et
446 2606 599 2672 sententie
633 2609 665 2671 et
695 2625 786 2670 versu
807 2607 904 2672 fracto
925 2609 1105 2674 recentiores
1134 2608 1189 2674 de-

135 2714 223 2780 lendo
244 2716 434 2798 grassentur,
461 2731 497 2776 eo
518 2713 672 2788 tollentes,
695 2731 761 2792 quoe
783 2715 814 2776 et
835 2731 888 2794 per
909 2731 942 2776 se
963 2714 1048 2777 recta
1067 2716 1098 2778 ot
1115 2714 1190 2795 opto

132 2819 167 2883 et
187 2820 357 2884 necessaris
378 2821 450 2882 suut
470 2835 569 2898 neque
591 2815 796 2880 additamenti
815 2817 911 2882 ullum
933 2821 1038 2882 notam
1058 2817 1186 2894 hebent

129 2926 184 3009 qui
206 2911 384 2997 addidisset,
406 2922 516 2988 saltem
538 2921 694 3003 ntegrum
715 2939 838 2988 versum
859 2923 1019 3006 posuisset.
1052 2926 1190 3008 Apparet

129 3033 318 3097 contrarium
342 3029 489 3101 evenisse,
510 3028 545 3091 ut
565 3027 690 3110 propter
718 3046 829 3093 vocum
851 3029 1085 3096 similitudinem
1106 3049 1189 3114 qum-

125 3137 204 3202 dam
227 3135 409 3200 exciderent.
452 3132 609 3214 Scriptum
630 3133 712 3198 enim
739 3132 841 3198 fueret
861 3133 901 3198 ad
921 3134 1000 3199 hunc
1020 3135 1167 3202 formam:

531 3239 590 3304 Sed
613 3257 684 3303 cum
705 3238 806 3322 magis
828 3240 1014 3304 credundum
1037 3241 1106 3317 siet

131 3346 267 3409 indidem
306 3367 365 3408 eoee
397 3345 561 3408 oriundum
595 3344 643 3418 id,
676 3343 756 3426 quod
784 3346 831 3410 est
858 3345 1010 3407 conoime'te
1041 3347 1188 3428 moribus',

128 3453 297 3518 concinnes
331 3450 421 3515 facile
454 3468 490 3514 ex
522 3451 555 3514 te
577 3467 644 3514 esse
670 3451 797 3525 netum3
829 3470 902 3515 uum
931 3451 977 3514 tui
998 3451 1108 3518 similis
1141 3455 1189 3520 est

1044 3559 1145 3640 probe.

233 3661 312 3724 Eone
332 3662 363 3726 in
385 3661 520 3724 extremo
542 3678 633 3725 versu
656 3659 720 3723 inm
742 3661 794 3724 alii
816 3661 1007 3729 addiderant
1237 3685 1239 3690 ’

233 3767 299 3831 Ibd.
326 3767 400 3828 1027
427 3766 479 3844 (V,
500 3770 530 3844 4,
553 3768 587 3842 4)
608 3783 707 3846 neque
730 3766 934 3846 superioribus
955 3770 1038 3834 recte
1063 3770 1189 3854 adiungi

131 3873 236 3954 potest
259 3873 340 3956 qood
359 3890 457 3954 neque
477 3871 551 3936 ferri
572 3879 625 3932 aot
645 3871 677 3934 in
698 3872 851 3936 sententio
872 3873 1066 3942 affirmativa.
1108 3876 1191 3942 Scri-

134 3977 270 4044 bendum
286 3980 341 4042 'est
361 3978 512 4060 verboque
533 3977 774 4061 interpungenda
795 3977 856 4042 sio:

182 4187 292 4232 111⁰erss
304 4189 381 4223 Auens.
393 4189 441 4223 cus.
465 4187 486 4223 ΙΙ.
730 4213 732 4218 ,
974 4197 989 4242 2
