2918 4652
567 317 571 326 .
618 279 731 336 Nonius.
1108 277 1170 340 653

247 480 346 563 Pergo
379 479 417 542 ad
451 481 562 554 cetera
599 497 665 560 quae
698 477 878 544 brevissime
911 477 1074 559 proferam.
1129 477 1209 542 Nam

146 586 258 652 menda
301 586 363 658 fere
402 585 655 652 manifestissima
688 585 721 648 et
756 601 907 648 consensu
939 581 1086 650 damnata
1122 587 1210 661 suut;

143 692 391 758 emendationem
409 691 539 774 uestigia
555 691 714 774 perspicua
736 689 874 754 codicum
898 691 929 754 ct
952 707 1088 754 errorum
1111 707 1211 756 causae

144 799 261 880 aperta
282 798 504 880 sententiaeque
534 798 684 864 restoutae
708 797 839 878 simplex
861 796 973 862 veritas
996 788 1211 862 commendire

144 904 268 970 donem.
312 903 368 980 Ea,
399 903 564 986 inquibus
587 902 728 968 omnibus
757 902 882 967 licenter
904 901 1000 968 remis
1022 902 1211 984 mutatisque

146 1013 250 1076 mmau
272 1009 349 1076 nibil
371 1009 505 1076 efficitur
526 1009 586 1074 nisi
608 1009 727 1091 species
749 1007 889 1091 quaedam
912 1005 1106 1074 correctionis
1128 1008 1211 1074 omni

147 1109 365 1200 probabilitate
388 1133 506 1192 oureus,
530 1115 672 1198 equidem
688 1115 857 1197 relinquare
873 1113 955 1180 malo
971 1131 1063 1197 quam
1078 1113 1211 1178 ludendo

70 1286 75 1296 ,
143 1221 368 1290 emendationis
391 1223 423 1288 at
447 1221 658 1288 hariolationis
687 1221 835 1286 terminos
857 1220 1060 1303 permiscere„
1095 1220 1212 1286 Ponam

145 1326 275 1409 paginas
306 1327 512 1394 Meroerianas
542 1345 706 1409 uocesque,
749 1325 859 1408 quibus
892 1327 1030 1410 exempla
1063 1343 1081 1392 a
1112 1325 1212 1392 Nonio

145 1431 288 1496 subiecta
310 1433 393 1506 sunt,
426 1431 666 1515 fragmentaque,
699 1451 766 1514 quae
789 1431 915 1515 attingo,
948 1435 984 1496 ut
1005 1433 1036 1498 in
1059 1431 1212 1498 codicibus

143 1538 210 1620 (qui
232 1556 267 1602 ex
289 1555 349 1604 nno
370 1537 455 1604 fonte
476 1539 536 1604 orti
559 1538 710 1602 simillimi
732 1541 804 1604 sunt
827 1538 906 1604 inter
928 1545 974 1615 se)
996 1539 1109 1621 scripta
1131 1540 1213 1615 sunt,

147 1643 256 1718 nisisi
290 1643 369 1727 quod
402 1643 547 1726 pusillum
580 1643 726 1710 mendum
761 1643 878 1725 pridem
912 1637 1069 1712 sublatum
1100 1643 1213 1710 referre

146 1767 270 1831 prorsus
304 1761 564 1831 supervacaneum
601 1753 664 1827 est;
708 1751 739 1814 in
776 1749 940 1816 emendata
974 1769 1081 1818 eorum
1116 1751 1214 1816 forma

142 1858 288 1940 typorum
309 1875 423 1939 genero
445 1856 644 1940 significabo,
674 1855 746 1938 quid
769 1875 787 1920 a
808 1875 859 1922 me
880 1857 946 1940 ipso
968 1857 1088 1940 proprie
1109 1875 1214 1922 emen-

145 1961 254 2030 datum
277 1963 335 2038 sit:
379 1965 483 2030 cotem
504 1963 608 2046 igitur,
641 1981 709 2045 quae
730 1982 750 2026 a
770 1963 923 2028 codicibus
945 1962 1116 2040 discedunt,
1149 1963 1229 2027 iam-

144 2068 186 2133 ab
208 2067 276 2132 aliis
302 2072 424 2149 reperta
445 2087 513 2134 osse
533 2067 767 2152 intelligendum
791 2073 855 2144 est-3
879 2087 978 2153 ncqm
993 2069 1076 2136 onim
1090 2087 1213 2151 semper

145 2175 286 2238 auctores
303 2173 482 2258 singulatim
499 2174 670 2242 adscribere
685 2176 716 2239 in
731 2175 789 2240 bac
811 2176 962 2243 brevitate
984 2195 1060 2259 opus
1082 2175 1211 2268 uidetur.

143 2279 289 2346 Aliorum
310 2283 438 2346 conatus
460 2278 579 2346 aameis
602 2279 810 2363 discrepantes
839 2282 996 2348 ranesirne
1025 2300 1213 2348 commemo-

149 2385 234 2450 rabo.
320 2386 598 2468 (Ciceronianorum
642 2372 828 2468 quorundam
876 2389 908 2452 et
952 2387 1212 2454 Sallustianorum

145 2492 389 2575 fragmentorum
421 2490 649 2556 emendationes
680 2509 772 2572 supra
804 2493 905 2573 posui;
950 2492 1088 2558 Sallustii
1117 2511 1212 2558 unum

142 2601 295 2679 superest,
318 2602 385 2662 tum
408 2614 467 2661 non
489 2595 760 2673 animaduersum.)

247 2702 283 2768 P.
307 2701 326 2762 2
351 2703 499 2785 (senium)
529 2703 721 2768 Afranius
741 2703 928 2783 Vopisco:

297 2808 372 2872 Haeo
394 2810 467 2874 sunt
487 2826 604 2874 uenena
625 2807 824 2873 formosarum
849 2808 1031 2882 mulierum

298 2913 383 2980 Mala
405 2916 481 2982 aetas
506 2914 592 2980 nulla
612 2913 820 2980 delenimenta
842 2913 967 2981 iurauit.

241 3020 308 3084 .Pro
351 3020 463 3085 nulla
505 3019 697 3086 scribendum
734 3023 788 3084 aut
823 3021 957 3098 multa,
1002 3021 1083 3106 quod
1119 3023 1213 3088 otiam

144 3125 341 3204 Quiobcratio
376 3127 406 3194 iu
440 3127 573 3193 mentun
604 3126 722 3190 uenisse
755 3125 862 3201 uduo,
896 3132 949 3197 aut
982 3128 1084 3211 potius
1118 3128 1211 3194 alio.

144 3231 304 3310 (Personae
325 3250 411 3298 novae
434 3235 541 3314 aperta
562 3231 701 3297 eiusdem
731 3233 889 3300 sententiae
911 3235 1100 3302 continuatio
1122 3236 1214 3300 tribui

146 3337 278 3421 nequit)
648 3340 650 3344 ’

248 3443 283 3510 P.
307 3443 327 3506 6
349 3442 526 3526 (exercitus)
549 3443 735 3508 Afranius
757 3442 965 3526 Suspecta:

432 3548 481 3614 Ita
501 3550 537 3613 nt
558 3548 628 3614 huic
649 3549 722 3616 bero
743 3551 941 3628 adolescenti,

190 3654 247 3720 Oui
269 3653 435 3737 auspicium
455 3653 593 3729 tradidit,
615 3657 667 3738 qui
688 3675 738 3722 me
761 3659 808 3722 est
830 3657 925 3724 animi
947 3658 1060 3724 exercit
1098 3708 1105 3723 .

248 3761 394 3826 Extrema
416 3761 516 3836 verba,
551 3781 618 3844 quos
639 3762 762 3826 initium
785 3780 889 3827 uersus
913 3763 1039 3838 faciunt,
1073 3765 1116 3829 sic
1139 3763 1213 3828 sori-

146 3867 248 3933 benda
270 3869 358 3932 sunt:
413 3949 416 3957 ‹
685 3881 687 3884 ·

264 4051 268 4060 ¹
355 3969 453 4048 Quid
473 3991 522 4037 me
545 3975 592 4038 est
614 3974 709 4038 animi
731 3970 954 4058 exercitius?

149 4079 277 4158 (Prioris
288 4097 394 4142 versus
407 4079 505 4143 exitus
516 4079 638 4144 uidetur
649 4079 758 4145 inisse:
774 4077 1011 4163 supplicium
1026 4079 1213 4159 tradidit.)
