2956 4648
304 283 367 346 464
664 283 936 355 nib.v111.cap.1v.

262 488 443 569 eipsopter
474 505 504 548 ae
532 487 633 568 ipsuum
665 483 827 567 oppetam
859 482 935 568 aaa]
964 486 1103 568 potest
1133 486 1178 551 ad
1210 486 1330 554 illam

263 590 475 664 accedere,
519 588 586 673 qni
629 608 670 654 se
711 591 810 672 ipso
835 591 1054 657 contentus
1094 594 1166 658 ost.
1209 593 1330 659 Erroris

262 697 346 781 origo
390 715 426 762 en
467 695 647 778 repetitione
689 696 851 760 vorborum
895 696 960 762 soro
1005 698 1168 763 eorundem
1212 699 1330 766 intelli-

262 803 361 886 gitnr;
384 819 421 866 ex
441 801 518 866 illia:
542 819 626 867 nam
660 801 695 866 si
716 821 769 884 pr.
792 819 830 866 ae
852 801 975 885 ipsam
997 821 1076 887 exp.
1100 808 1161 870 osi
1181 807 1329 890 ploraque

262 909 294 973 in
327 908 353 972 P
385 909 508 972 servata
541 908 623 972 suut.
671 907 772 990 (Quod
805 925 832 971 a.
879 905 959 970 1857
995 910 1213 976 annotaveram
1243 909 1264 997 ᾖ
1289 913 1329 974 17

263 1013 458 1080 senitentiam
480 1031 566 1079 esse:
601 1012 796 1096 quomodo
831 1013 1072 1079 solitudinis
1102 1015 1202 1092 (oodd.
1225 1017 1329 1083 soli·
1424 1035 1429 1045 ·

262 1120 358 1184 tudo
400 1118 452 1201 in)
495 1120 626 1185 odiu-m
672 1119 732 1184 est
768 1121 808 1184 et
842 1120 1050 1202 appetitio
1091 1121 1328 1198 societatis,

263 1226 426 1308 oooupauit
446 1225 601 1309 Hauptius
623 1224 654 1289 11
676 1245 706 1308 p.
729 1226 774 1308 8.)

172 1336 176 1341 ’
362 1332 418 1415 Ep.
453 1333 503 1409 11,
528 1325 576 1396 ’1;
622 1330 745 1396 Nulla
777 1331 882 1397 onim
917 1331 1124 1414 sapientia
1156 1337 1329 1399 natura-

264 1438 322 1502 lia
365 1437 547 1520 eorporis
589 1441 658 1503 aut
700 1435 824 1500 animi
856 1437 961 1503 vitia
990 1441 1202 1521 ponuntur.
1256 1439 1329 1504 Nisi

262 1562 386 1626 prorsus
409 1542 524 1609 Soneo'a
545 1542 733 1621 dormitavit,
756 1541 892 1608 tollenda
907 1544 979 1608 sunt
989 1545 1082 1610 verba
1104 1545 1328 1618 unianimi,

262 1669 329 1733 quae
352 1654 383 1715 et
406 1650 491 1715 omni
511 1644 712 1732 philosophiae
735 1651 767 1713 et
787 1647 899 1713 Stoioae
921 1649 1192 1715 vehementissime
1214 1669 1329 1734 repug-

263 1756 340 1819 nant
383 1757 415 1820 et
452 1756 550 1820 totam
583 1752 825 1836 disputationem
859 1756 1009 1820 evertunt.
1064 1756 1146 1820 Nam
1180 1755 1217 1819 de
1252 1755 1336 1820 solis'

263 1859 397 1942 eorporis
432 1860 516 1925 vitiis
540 1860 657 1944 agitur,
695 1878 761 1943 quae
795 1859 897 1923 animo
926 1860 1089 1926 amendato
1114 1863 1146 1926 et
1168 1861 1250 1926 vitiis
1274 1879 1327 1926 ex-

262 1968 366 2047 empto
390 1966 533 2044 manent,
566 1966 601 2029 ut
634 1965 741 2030 statim
766 1964 950 2047 quibusdam
972 1967 1231 2033 constantissimis
1254 1967 1327 2045 (hoo

262 2072 311 2136 est
331 2072 450 2136 timoris
472 2071 545 2136 vitio
567 2071 755 2148 carentibus)
787 2071 818 2134 in
848 2074 1010 2153 conspeetu
1038 2073 1145 2156 populi
1167 2089 1328 2156 erumpere

261 2175 354 2240 sudor
375 2177 497 2255 dieitur,
517 2177 575 2242 oet.
619 2176 661 2240 Et
681 2175 851 2259 sequitur§
874 2176 910 2240 6:
933 2176 1188 2262 Quaecunque
1209 2179 1330 2243 attri-

260 2283 349 2347 buit
384 2283 570 2348 oondioio
599 2281 795 2347 nascendi
832 2283 869 2346 ot
898 2283 1087 2366 eorporis
1115 2286 1329 2366 tempera-

261 2391 370 2465 tura,
404 2389 488 2453 ou'm
521 2388 690 2452 multum
724 2407 764 2453 se
796 2388 946 2470 diuque
979 2390 1137 2454 animus
1170 2407 1328 2472 oompo·

259 2495 408 2569 suerit,
430 2494 646 2559 haerebunt.

359 2601 415 2683 Ep.
441 2602 489 2681 12,
526 2600 563 2665 5:
609 2600 915 2666 Iucundissima
947 2599 1009 2665 est
1040 2601 1137 2666 aetas
1173 2601 1329 2668 devexa

258 2707 355 2786 iam,
391 2726 467 2772 non
498 2709 635 2772 tamon
666 2723 865 2790 praeoops3
898 2707 937 2770 et
964 2705 1079 2770 illam
1109 2725 1265 2790 quoqne
1287 2708 1328 2772 in

260 2814 441 2878 extrema
477 2812 618 2898 regula
657 2814 836 2878 stantem
876 2811 1012 2877 iudico
1047 2811 1196 2878 habero
1229 2831 1326 2879 snas

258 2919 503 3001 voluptates.
546 2918 654 3000 Neque
675 2918 744 3000 hoo·
758 2913 865 3001 neque,
887 2916 968 3001 quod
989 2917 1109 2983 oodioes
1131 2919 1325 2985 boniomnos

259 3025 443 3102 habentia
477 3026 659 3089 extrema
687 3024 846 3109 tegula,
880 3041 986 3088 verum
1009 3023 1236 3103 essentiatum
1272 3043 1327 3090 ne-

258 3149 316 3213 que
339 3131 420 3196 enim
433 3132 658 3214 aptesaneotns
680 3131 875 3211 comparatur
898 3149 967 3194 oum
990 3130 1113 3196 homino
1134 3132 1166 3197 in
1188 3133 1325 3196 exuemo

257 3236 333 3300 tecti
365 3238 505 3320 margine
537 3237 634 3302 stanti
663 3236 786 3301 atinde
809 3253 841 3300 se
870 3235 1017 3317 proiioore
1039 3237 1168 3318 paranti.
1215 3236 1324 3300 nunno

256 3343 298 3406 in
320 3343 503 3407 extrema
523 3341 681 3426 apennia
703 3342 804 3424 (qnasi
825 3343 955 3406 montem
976 3342 1201 3424 prospiciens?

358 3447 413 3530 Ep.
439 3445 488 3525 13,
511 3448 548 3512 7:
593 3447 634 3512 si
656 3467 792 3530 eorpus
815 3450 921 3514 tuum
954 3447 1121 3512 liberum
1155 3451 1230 3522 est,
1262 3466 1324 3512 sa·

224 3632 226 3636 ¹
260 3573 347 3619 num
371 3555 441 3629 osi,
469 3572 537 3618 neo
558 3553 663 3619 ullus
686 3570 727 3618 ex
746 3554 908 3618 'iniuria
929 3553 1037 3618 dolor
1060 3556 1136 3632 ost,
1173 3551 1322 3620 videbi·

258 3678 350 3735 mus,
373 3659 467 3743 quid
488 3658 742 3736 futurumsit3
764 3659 878 3725 hodie
900 3659 1000 3723 nihil
1020 3658 1170 3742 negotii
1191 3658 1321 3724 habet.

258 3767 309 3832 Sic
331 3766 429 3832 oratio
449 3765 772 3850 interpungendaest,
795 3765 852 3830 sad
873 3765 965 3831 simul
987 3765 1201 3831 scribendum:
1230 3764 1323 3830 libe·

255 3891 337 3937 rum
360 3881 394 3934 ot
415 3889 550 3936 sanum
583 3873 653 3936 est.
697 3872 840 3954 Alioquin
864 3873 945 3937 enim
967 3871 1106 3955 epodosis
1139 3889 1158 3935 a
1189 3889 1321 3936 sanum

256 3995 398 4060 perverso
408 3977 543 4058 inoipiet.
580 3977 697 4041 Eadem
711 3995 758 4060 op.
772 3981 792 4058 ᾖ
806 3976 845 4039 13
857 3978 901 4041 sio
914 3978 1079 4042 scribiturz'
1096 3979 1195 4060 argo
1212 3996 1255 4059 sp
1265 3994 1281 4040 e
1290 3994 1322 4039 m

204 4111 210 4120 ·
256 4103 297 4148 ao
330 4084 471 4147 metum
504 4083 677 4148 examina
709 4086 760 4158 et,
793 4082 977 4166 quotiens
1009 4083 1168 4149 ineerta
1204 4085 1321 4146 erunt
