2978 4644
292 272 352 335 174
440 329 442 334 ,
650 271 712 328 urs.
728 272 792 328 vn.
805 265 880 342 cip.
889 272 913 328 1.
1011 295 1017 306 ·

348 471 416 538 llud.
439 491 470 554 p.
494 471 564 545 106,
586 471 642 536 nbi
661 469 759 535 Varro
781 468 946 554 distinguit
967 488 1071 536 rernm
1091 472 1226 548 nomina,
1249 491 1317 556 quae

248 579 460 651 declinantur,
489 596 508 642 a
535 576 822 652 coniunctionibus,
855 595 922 659 quar
956 595 1015 642 non
1038 575 1241 653 decinentnr,
1271 579 1318 646 uio

250 684 449 750 scribendum
473 685 537 748 est:
585 683 716 766 Igitur
749 683 789 745 et
823 680 861 744 in
888 680 949 746 his
980 683 1119 756 rebus,
1155 702 1316 766 quarum

248 793 340 856 sunt
381 790 558 864 uomina,
609 787 707 870 qnod
750 785 986 852 discrimina
1021 787 1158 872 plura,
1213 788 1318 851 vocis

249 895 485 979 propagines
521 894 653 976 plnres
692 898 736 970 (v.
774 890 1004 958 discrimina
1039 895 1146 956 occis
1186 893 1316 978 ploro,

250 1001 509 1084 propagines),
552 1001 591 1062 ct
631 1017 709 1082 qnae
752 1000 901 1079 copula
942 1001 1031 1064 sunt
1065 1017 1108 1064 ac
1147 999 1319 1083 iungunt

250 1106 385 1183 verba,
423 1105 522 1189 quud
554 1123 630 1170 non
661 1123 753 1186 opus
779 1103 862 1168 fuit
886 1104 1091 1169 declinari
1126 1103 1164 1169 in
1190 1105 1319 1187 plura,

250 1211 334 1276 lere
378 1212 534 1295 singula
576 1213 684 1286 eunt,
735 1208 865 1274 snbhtis
909 1211 1010 1276 uerbis
1058 1212 1099 1276 iu
1142 1209 1205 1276 liis
1248 1227 1354 1274 re··

250 1318 339 1394 bus,
376 1335 443 1399 quae
466 1317 498 1381 in
531 1315 619 1382 oodd.
645 1318 677 1380 et
698 1314 882 1381 editionibus
904 1333 1003 1380 erroro
1036 1334 1073 1381 or
1109 1311 1317 1400 superiorilrns

250 1415 451 1505 repetuntur:
487 1425 524 1486 et
550 1423 592 1486 in
613 1423 674 1487 his
695 1422 809 1486 rebus
830 1440 908 1504 qnae
931 1422 1086 1502 copula.
1129 1422 1203 1500 (Gir.
1228 1422 1268 1488 ad
1289 1422 1317 1486 V

251 1547 282 1610 p.
304 1527 370 1608 48.)
414 1527 472 1591 Pro
503 1527 721 1612 iunguntur
741 1527 800 1607 (sic
822 1526 906 1592 enim
928 1527 1031 1608 codd.)
1062 1527 1127 1592 iem
1148 1527 1319 1592 Muellerus

249 1634 416 1717 iungunt
431 1633 563 1715 scripsit,
588 1633 690 1700 radin
712 1634 812 1715 priore
834 1634 921 1716 parte
941 1631 1319 1716 grauitoraberravituio·

251 1739 353 1804 lenter
367 1739 545 1823 cunigunde
558 1740 604 1819 (ia
615 1738 662 1802 Iris
675 1739 774 1818 ιιὸιιι,
796 1759 865 1823 quoe
885 1739 977 1802 vobo
997 1748 1070 1802 nunt
1088 1748 1116 1800 cc
1135 1737 1320 1819 commisti

352 1844 421 1909 lbd.
443 1864 473 1926 p.
498 1843 559 1908 123
580 1845 626 1927 (in
648 1848 784 1910 extremo
807 1862 833 1909 e.
857 1843 924 1924 33).
981 1844 1076 1910 Hunc
1094 1845 1196 1910 locum
1220 1859 1319 1925 neque

252 1968 309 2034 ogo
336 1951 368 2015 in
398 1969 501 2034 opusc.
530 1950 616 2015 acad.
638 1952 670 2016 ll
695 1971 727 2034 p.
748 1949 821 2024 237,
841 1951 897 2016 ubi
931 1951 1013 2016 recte
1048 1950 1231 2016 mendosum
1252 1967 1319 2016 esee
1361 2010 1363 2014 .
1481 1925 1482 1928 Ἴ

252 2055 324 2130 dini,
346 2057 429 2121 recte
450 2056 613 2122 emendavi
644 2076 744 2141 neque
772 2056 988 2122 Lachmannus
1015 2055 1057 2122 ad
1087 2055 1266 2120 Lucretium
1287 2073 1317 2137 p.

255 2161 333 2238 1563
355 2180 426 2226 nam
448 2163 569 2228 numeri
591 2163 774 2246 significatio
795 2163 883 2248 (quot
903 2160 1077 2245 conopico)
1113 2161 1163 2226 hie
1194 2179 1318 2244 prorsus

253 2266 354 2332 aliona
378 2270 441 2345 est;
476 2269 579 2352 agitur
602 2269 743 2334 universe
772 2267 810 2333 do
834 2267 984 2352 analogiis
1005 2273 1059 2332 ant
1080 2266 1244 2351 sequendis
1268 2268 1322 2332 ant

256 2391 315 2437 non
340 2373 514 2461 sequendis.
568 2374 631 2440 Sed
652 2374 795 2458 quoniam
817 2374 871 2439 illo
892 2375 976 2440 teste
996 2375 1118 2442 constat
1138 2374 1171 2438 in
1192 2375 1321 2439 Floren-

255 2479 320 2544 tino
353 2479 455 2544 uodice
490 2499 557 2547 osse
579 2500 640 2546 non
664 2481 811 2554 debemus,
846 2479 902 2546 sed
924 2479 1094 2558 debeamus,
1132 2499 1194 2546 nna
1217 2481 1322 2546 littora

256 2585 377 2650 mnata
410 2586 514 2652 omniu
547 2586 686 2654 sanabit:
723 2587 768 2652 ad
799 2577 1048 2652 indicandum
1085 2586 1185 2651 satis
1218 2587 1321 2659 sunt,

255 2712 349 2775 poor
371 2692 572 2777 analogias
596 2740 603 2754 .
627 2741 634 2758 .
658 2741 667 2760 .
690 2692 802 2775 sequi
818 2709 895 2787 uon
917 2691 1172 2769 debeamus.²)

285 3047 306 3116 ¹)
325 3047 355 3100 P.
375 3045 516 3101 1051ecte
539 3043 602 3106 iam,
631 3044 678 3112 qui
705 3043 823 3099 codicem
850 3045 873 3099 B
900 3043 1084 3115 interpolavit,
1112 3045 1183 3102 vidit
1208 3047 1322 3101 alteram

326 3139 429 3207 partem
453 3135 593 3191 amantia
618 3133 754 3194 excidisse.
804 3137 856 3192 Sed
883 3133 1012 3207 praterea
1034 3138 1064 3192 in
1087 3139 1252 3194 editionibus
1280 3137 1321 3193 di-

326 3229 473 3292 velluntur,
493 3243 551 3298 qua
569 3225 716 3295 cohereut3
748 3230 804 3286 hac
823 3232 895 3286 eninr
913 3230 999 3286 forma
1016 3230 1231 3288 triturationis:
1268 3229 1322 3286 Sic

326 3323 398 3378 alia
414 3338 527 3386 causa,
554 3321 710 3392 inquam,
742 3324 820 3392 [est,
839 3340 898 3378 cnr
915 3363 924 3380 .
941 3365 948 3378 .
968 3365 984 3391 .,
1003 3324 1097 3394 alia,]
1118 3340 1176 3378 cnr
1194 3325 1244 3378 ccl.

284 3432 306 3502 ²)
326 3432 356 3487 P.
374 3435 428 3489 120
445 3449 466 3488 o.
486 3435 521 3490 38
547 3433 644 3499 (Item
674 3449 758 3498 cunr,
790 3434 820 3490 si
847 3434 895 3489 sit
922 3433 1102 3504 analogio,
1130 3436 1193 3502 cet.)
1223 3430 1324 3488 excidit

327 3524 453 3580 dicunt
483 3527 531 3580 aut
561 3525 636 3580 alind
672 3526 783 3585 verbnm
814 3529 878 3581 ante
913 3525 1177 3596 despiciendam.
1230 3523 1323 3594 Neque

328 3617 400 3671 enim
424 3617 512 3672 audiri
538 3620 587 3672 aut
616 3634 663 3687 per
691 3633 719 3671 sc
745 3621 794 3672 ant
819 3618 985 3673 Varroniano
1008 3617 1201 3684 cousuetudine
1226 3617 1322 3686 potest

329 3709 360 3765 P.
378 3713 432 3767 118
449 3710 596 3764 rectissime
614 3710 724 3780 Popma‚
744 3711 788 3765 cui
805 3711 952 3766 Muellerus
971 3711 1136 3773 adversatur,
1164 3709 1244 3772 uidit,
1271 3724 1323 3763 non

330 3817 411 3857 unam
429 3804 583 3872 negativam
602 3819 692 3858 vocem
711 3803 866 3868 desiderari,
892 3803 939 3858 sed
967 3805 1121 3874 negativam
1139 3805 1244 3872 partem
1263 3818 1323 3856 ren·

328 3893 435 3961 tentia3
468 3896 518 3949 hoc
537 3896 610 3949 enim
629 3895 713 3950 Varro
732 3895 842 3960 dixerat,
866 3897 991 3968 primum,
1010 3911 1072 3950 cum
1090 3894 1124 3949 ab
1142 3892 1262 3956 amando,
1282 3909 1324 3948 sa·

329 3987 454 4052 latendo,
473 3987 605 4042 mutando
631 3987 708 4044 fieret
725 3991 836 4066 mator,
854 3989 1003 4053 salutator,
1021 3989 1158 4051 micton,
1181 4003 1235 4042 noa
1252 3986 1325 4041 idem

331 4078 390 4132 fieri
408 4079 435 4132 in
455 4078 581 4134 omnibus
599 4080 692 4148 prims
710 4081 908 4152 coniugatiouis
926 4081 1022 4146 verbis,
1051 4080 1147 4136 delude
1165 4095 1183 4134 ι
1200 4076 1324 4134 metendo
