2918 4652
604 280 733 336 Iustinus.
786 346 788 351 .
925 251 927 256 ¹
1104 281 1163 344 621

141 480 211 554 tas,
233 479 271 542 in
287 497 397 562 quem
412 497 472 542 ros
488 479 545 543 tot
559 477 686 543 coiere
700 478 810 542 mirae.
833 478 993 544 Primum
1009 483 1107 566 quod
1122 501 1209 548 nus·
1233 567 1234 572 ἵ

142 585 1207 670 quamaliastorrensiretum‚neosolumcitatoimpetu,
1341 622 1343 628 v

61 689 63 693 ’
142 708 269 764 verum
297 690 415 757 etiam
435 709 543 756 saevo.
567 689 755 756 Siccodiees.
791 691 1008 758 Scribendom:
1031 693 1208 770 Primum,

142 783 1209 880 quomnusquamaliaS‚torrensfretumeet.Latitudotorss
1305 883 1307 890 Ι

22 923 25 932 ’
142 903 476 985 rantis,quamleepius
487 901 769 984 intulit(primum
783 904 879 985 quod
894 923 1074 988 nusquam
1088 907 1208 971 latius

141 1012 304 1074 torrens
320 1009 488 1088 fretum),
512 1008 587 1072 nihil
610 1008 648 1070 ad
672 1026 737 1071 rem
760 1010 902 1089 pertinet.
947 1009 1114 1077 Sententia
1137 1031 1219 1114 eon·¹
1247 1050 1250 1057 ·

78 1159 80 1165 -
142 1117 292 1192 veniebat,
315 1135 333 1178 a
354 1115 440 1178 libris
470 1114 664 1180 discedebat.
699 1115 779 1198 quod
795 1117 901 1214 'antea
932 1116 1096 1194 edebatur:
1131 1119 1210 1198 pri-

141 1240 237 1286 mum
279 1222 378 1304 quod
411 1240 600 1303 nusquam
623 1221 722 1285 alias
744 1224 822 1285 tam
848 1224 1020 1294 torrens,
1044 1221 1104 1286 nisi
1126 1221 1209 1304 quod

14 1345 15 1352 ¹
142 1326 317 1396 abundabat
338 1327 442 1410 quod.

243 1432 303 1507 (Do
325 1431 361 1506 V,
383 1434 406 1506 l,
431 1434 446 1494 1
472 1432 586 1497 dictum
611 1436 659 1498 est
680 1433 777 1517 roll
799 1451 835 1513 p.v
852 1431 930 1508 63.)-

168 1595 170 1599 ,
243 1538 310 1602 Lib.
333 1538 387 1614 VI,
410 1539 439 1614 2,
464 1537 517 1602 13:
552 1558 570 1602 a
593 1540 701 1604 cuius
733 1537 826 1620 (regis
849 1537 1025 1613 Persarum)
1048 1543 1207 1634 aspectu

143 1643 408 1725 et'colloquio
445 1644 576 1724 (Conon)
609 1645 828 1727 prohibitus
875 1647 951 1716 est,
996 1644 1092 1726 qued
1126 1663 1207 1736 eum

142 1767 244 1812 more
280 1749 486 1818 Persarum
513 1751 682 1816 ad'orare
715 1749 822 1814 nolit.
858 1749 935 1822 ,Sic
973 1750 1092 1833 Impius
1122 1753 1208 1814 erA

145 1857 177 1920 et
208 1855 295 1931 aliis,
314 1860 360 1920 ‘et
392 1851 484 1922 modo
518 1857 605 1922 verbi
631 1857 721 1922 valde
754 1857 785 1919 et
817 1859 954 1939 tempore
988 1855 1219 1940 incredibiliter·

142 1979 249 2043 prau03
273 1961 326 2026 alii
347 1964 484 2036 nollet.
530 1963 643 2028 Subest
664 1963 696 2026 in
718 1962 773 2027 illo
794 1961 953 2026 noluit

243 2068 310 2134 Ibd.
344 2069 374 2148 3,
412 2069 447 2136 3:
491 2071 644 2135 Summa
679 2068 803 2152 igitur
835 2087 907 2136 non
946 2067 1084 2134 ducum
1121 2074 1207 2134 tan·

101 2171 105 2179 '
142 2177 218 2238 tum
257 2175 297 2238 in
332 2194 372 2240 ec
409 2175 545 2257 proelio
582 2193 690 2256 quam
737 2173 845 2259 vulgi
888 2177 1080 2242 emulatio
1124 2177 1207 2242 fuit.
1280 2261 1282 2266 ,

143 2279 256 2344 Omnia
278 2284 362 2346 recta
377 2283 467 2346 erunt
488 2281 619 2346 sublatis
638 2281 758 2345 duobus
781 2282 935 2348 vocabulis
959 2301 1065 2365 qnam
1089 2283 1207 2366 vulgi,

142 2404 209 2467 quae
231 2385 337 2452 addita
358 2390 438 2462 sunt,
472 2389 508 2451 ut
523 2387 730 2466 'explicaretur
762 2387 839 2453 illud
864 2407 937 2453 non
959 2387 1095 2452 ducum
1118 2390 1209 2452 tan-

141 2493 230 2556 tum.
288 2492 402 2556 Eodem
425 2493 524 2576 capite
546 2494 577 2558 in
600 2492 706 2556 eadem
731 2492 933 2575 descriptione
967 2493 1068 2576 proelii
1089 2488 1207 2560 navalis
1301 2537 1303 2542 -

67 2657 69 2662 ,
142 2597 182 2662 ad
220 2596 450 2682 Cnidumdd
484 2599 549 2661 haec
579 2597 737 2680 leguntur:
793 2598 933 2663 Eadem
969 2602 1005 2664 et
1042 2601 1208 2666 omnium
1342 2617 1343 2622 ’

27 2762 30 2768 .
143 2723 275 2786 rogum
299 2722 388 2768 cura
410 2705 508 2778 erat,
541 2722 636 2786 quos
665 2703 783 2772 maior
804 2704 1033 2794 sollicitudo
1055 2709 1206 2774 crucia-

64 2813 67 2818 '
142 2811 226 2886 bat,
249 2829 321 2874 non
344 2812 421 2878 tam
444 2828 489 2874 ne
520 2809 599 2892 ipsi
622 2810 807 2892 quaesitas
842 2829 935 2893 opes
956 2811 1206 2887 amitterent,

143 2935 264 2998 quam
306 2927 348 2980 ne
403 2915 595 2998 pristinas
651 2915 922 2982 Athenienses
975 2914 1207 2998 reciperent.

141 3024 244 3106 Reges
266 3022 386 3105 Ieepins
409 3021 631 3086 incredibiliter
663 3022 797 3107 intelligi
826 3023 894 3086 vult
915 3041 984 3099 eos,
1018 3025 1070 3106 qui
1094 3043 1206 3106 „regno

141 3129 261 3194 adsueti
290 3133 322 3193 et
353 3129 483 3194 liberam
519 3128 757 3194 Atheniensium
792 3147 889 3211 remp.
924 3133 1100 3200 aversantes
1137 3149 1205 3194 eum

140 3234 299 3317 Spartanis
331 3235 529 3302 senserint“.'
579 3235 619 3298 Et
653 3235 815 3309 adscribit,
853 3228 1037 3306 Macedones
1076 3254 1205 3318 quoque,

40 3365 43 3374 ·
139 3359 210 3405 eum
243 3341 354 3406 infesta
396 3341 545 3410 Romanis
588 3360 676 3406 arma
718 3341 881 3416 inferrent,
924 3342 1061 3409 omnium
1098 3361 1206 3425 regum

139 3447 259 3512 auxiliis
281 3448 399 3512 adiutos
422 3447 538 3510 narrari
561 3445 720 3522 (XXXIII,
755 3448 782 3517 1,
818 3449 972 3531 llpquasi
995 3466 1054 3512 non
1068 3448 1120 3511 ‘ibi
1142 3447 1206 3511 reri
1234 3461 1235 3464 ’
1323 3494 1327 3506 .

138 3570 226 3634 reges
259 3555 303 3628 (et
339 3552 453 3636 reguli)
491 3552 713 3635 significentur.
750 3555 855 3632 ,Talia
888 3555 1043 3618 hominem
1080 3555 1204 3618 doctum

138 3656 338 3731 deblaterare,
360 3658 395 3722 ut
417 3657 586 3722 scribarum
611 3678 744 3723 errorem
767 3660 933 3725 defendat!
976 3659 1106 3725 Videtur
1132 3661 1204 3736 sub-

138 3781 222 3826 esse:
245 3765 409 3837 omnium
443 3760 661 3826 Graecorum
696 3770 834 3848 (grec).
883 3765 1078 3850 Remigum
1102 3766 1203 3830 infeli-

138 3868 215 3934 citer
237 3869 440 3934 coniectatum
464 3873 526 3944 est;
561 3889 632 3934 nam
655 3870 728 3952 quid
754 3871 885 3954 remiges
908 3871 1066 3948 sentirent,
1085 3873 1203 3956 'exigui
1335 3899 1339 3906 ·

138 3967 287 4040 momenti
310 3980 385 4069 erat.
430 3976 491 4042 Sed
514 3976 688 4046 emendatio
710 3977 829 4042 incerta
850 3977 908 4052 sit;
941 3978 1045 4043 mendi
1067 3979 1203 4045 defensio

140 4080 236 4144 stulta
258 4083 314 4146 est.
362 4083 483 4164 'Pumg
516 4084 552 4144 ll
588 4102 641 4165 pro
676 4083 805 4180 barbaro
837 4087 1092 4164 capesserent
1116 4102 1203 4166 repo-
