2918 4652
610 285 723 340 Nonius.
1102 279 1163 343 655

139 489 342 554 Scribendnm
375 487 496 568 opinor·
561 493 598 546 cr
629 483 689 548 hic
725 481 916 618 inquietat
951 501 1107 568 gregem
1142 502 1206 548 ra·

139 596 333 664 bolarum

241 700 275 765 Ρ
298 698 339 762 36
360 697 496 775 (collare)
518 695 652 760 Lucilius
673 693 727 760 lib
748 693 872 758 ΧΧΙΧ·

183 806 259 870 Cum
282 804 420 879 manicis,
443 802 543 868 catulo
564 801 727 884 collariqua
748 805 783 865 ut
806 800 971 884 fugitivum
1090 843 1091 846 ,

182 911 351 992 deportem.
898 904 962 970 Ser.

183 1016 259 1082 Cum
283 1012 413 1080 manicis
438 1013 572 1075 catulam
594 1013 761 1096 collariqne
784 1015 817 1076 ut
839 1012 1004 1096 fugitivum

181 1124 347 1206 deportem.
767 1141 768 1146 ¹

340 1227 412 1308 (hoc
434 1229 491 1299 est,
513 1225 707 1290 utcatulum
730 1169 933 1309 lugit'rvum1)
1238 1285 1240 1290 ,

238 1335 272 1399 Ρ.
296 1333 337 1396 66
359 1332 488 1410 (intem)
509 1326 677 1396 Varro''
658 1353 738 1402 avoc
760 1323 880 1413 λύρας·
894 1331 1024 1396 Voces
1046 1327 1206 1412 Amphi·

138 1461 246 1508 onem
268 1437 493 1522 tragoednm3
516 1435 652 1501 iubeas
673 1435 901 1518 Amphionis
923 1453 1036 1519 agere
1060 1437 1205 1518 partem

136 1547 394 1611 infantiorem
427 1561 535 1626 quam
568 1561 674 1609 meus
707 1545 766 1607 est
797 1543 925 1608 mulio.
969 1541 1062 1607 Scrib.
1086 1541 1206 1605 Voces

137 1652 377 1722 Ambivium,-
441 1648 577 1714 iubeas
620 1648 854 1731 Amphionis
899 1665 1024 1731 agere
1057 1651 1206 1730 partem

136 1759 327 1824 infantior
360 1755 446 1828 erit,
491 1773 600 1837 qnam
633 1773 735 1819 mens
769 1755 829 1818 est
860 1753 987 1819 mulio.
1043 1751 1207 1818 ambivius

136 1863 260 1946 Turpio
277 1861 433 1927 comoedus
463 1861 503 1926 ad
535 1859 719 1943 tragoediam
751 1852 901 1944 agendrun
924 1860 1083 1925 traductus
1104 1857 1206 1922 inune

137 1969 316 2051 reperietur.
361 1966 583 2052 Tragoedum
610 1969 665 2032 aut
693 1987 712 2031 a
739 1985 831 2049 prave
860 1965 1022 2048 explicanti
1050 1964 1204 2030 adiectum

137 2077 187 2159 est
218 2077 272 2138 ant
304 2091 358 2155 pro
392 2073 599 2138 comoedum
634 2071 729 2136 simili
763 2091 863 2138 errore
885 2071 1098 2146 substitutum,
1135 2089 1205 2136 cnm

135 2181 298 2263 appareret
320 2179 356 2244 de
378 2179 528 2264 tragedia
550 2178 609 2262 agi.
647 2177 719 2254 (Cir.
743 2198 772 2261 p.
794 2177 834 2242 87
857 2177 1120 2262 cognominis.)

238 2285 273 2350 P.
297 2285 334 2347 61
359 2275 483 2368 (porcas)
506 2285 643 2350 Attius
665 2284 918 2369 Parargorum
941 2285 1008 2351 lib.
1034 2286 1068 2348 1:
1102 2283 1207 2348 Bene

135 2392 353 2475 proscissus
397 2391 639 2475 cossigerara
681 2389 817 2453 ordine
860 2405 1007 2473 porcas,
1058 2389 1205 2454 bidenti

135 2498 237 2561 ferro
261 2499 342 2560 rect
348 2515 388 2561 as
411 2495 587 2564 diribera
624 2493 710 2559 Nihil
732 2493 857 2560 subesse
880 2499 954 2576 puto
975 2495 1034 2560 nisi
1057 2496 1206 2578 consip-

135 2603 301 2678 naraon
322 2604 449 2678 nature).
537 2613 554 2634 ·
826 2637 829 2646 ·

237 2708 271 2772 Ρ.
296 2706 336 2768 67
359 2706 542 2790 (proletarii)
565 2705 721 2770 Cassius
743 2706 911 2770 Hemina
927 2707 1056 2772 annali
1081 2707 1145 2772 lib.
1169 2707 1204 2771 ll

136 2814 259 2896 (scribs
273 2813 408 2878 annali
440 2812 517 2894 Ill·
562 2811 665 2876 Tunc
708 2812 860 2877 Marcus
903 2831 1023 2894 praeco
1059 2814 1203 2910 primus

136 2920 374 3004 proletarios
396 2917 574 2984 armavit.
607 2917 702 2982 Scrib.
718 2918 811 2982 'lum
830 2917 864 2983 O.
880 2917 1055 3007 Marcius
1074 2920 1206 3004 pretio

135 3027 305 3106 (praetio)
328 3026 476 3108 primus
505 3025 741 3107 proletarios
768 3023 947 3090 armavit.
982 3021 1059 3091 ¹Nisi
1081 3028 1206 3110 tempus

135 3131 233 3197 Cassii
255 3132 394 3197 Heminae
420 3131 571 3206 obstaret,
593 3129 786 3194 scribendum
811 3135 877 3197 erat
899 3151 969 3198 cnm
990 3131 1205 3198 Freinshemio

135 3239 168 3304 Ο
192 3238 354 3314 Marium
378 3235 552 3312 videndum,
575 3254 613 3300 ne
629 3234 798 3301 exciderint
784 3239 1012 3304 ttnonnullas
1027 3237 1092 3346 haec
1112 3240 1215 3306 verba*

135 3344 224 3420 alius,
247 3360 305 3408 non
328 3342 427 3409 Cassii
449 3342 589 3407 Hemina
612 3341 684 3406 sint

234 3451 269 3516 Ρ
294 3449 334 3512 70
356 3447 559 3530 (aurigatur)
582 3448 701 3511 Varro
735 3447 882 3514 Medio:
926 3451 1022 3515 Asse
1057 3451 1205 3529 vinum,

135 3575 221 3622 arse
251 3553 567 3638 pulmentarium,
603 3553 795 3618 secundas
824 3573 895 3638 quo
928 3557 1069 3620 natura
1100 3558 1203 3621 anri-

134 3666 262 3746 gatnr‚
297 3678 368 3724 non
398 3659 658 3727 necessitudo.
724 3657 787 3723 Scr.
811 3661 979 3726 secunda
1001 3681 1114 3744 quum
1148 3663 1205 3738 (sic

165 4008 185 4074 ¹)
206 4007 235 4062 P.
254 4009 289 4062 46
308 4014 405 4078 (syrus)
425 4010 529 4064 Nonius
546 4009 666 4078 scripsit:
704 4011 772 4065 Has
796 4029 855 4066 nos
881 4013 1018 4068 scrobes
1047 4015 1203 4079 (nonsco·
1296 4029 1299 4038 ·

205 4107 291 4170 pas),
320 4102 448 4156 rustici
467 4091 577 4156 G'raeco
596 4107 659 4168 (non
680 4115 728 4169 co)
748 4106 883 4158 nomina
903 4105 995 4159 sirus
1014 4105 1203 4176 appellant.
