2956 4648
322 285 382 348 mc
679 251 955 356 mmmm

217 555 220 560 ,
280 489 358 572 quod
392 487 498 552 deesse
533 482 659 547 verbum
695 483 805 561 tenuit,
841 503 901 548 non
937 483 1125 558 laudandus,
1159 486 1247 568 quod,
1282 503 1337 568 quo

279 613 387 680 genere
414 589 597 658 emendandi
628 589 738 653 leviter
771 589 803 653 et
836 589 1120 664 medicabuntur,
1156 591 1339 674 interposuit

280 699 478 766 commisit
509 697 589 761 inter
620 695 777 760 callidis
814 697 845 759 ot
877 694 1213 762 criminatoribus.
1259 696 1339 762 Scri·

280 807 413 874 bendum
438 801 567 868 minima
585 801 770 865 mutatione:
806 800 959 884 alitque
981 801 1056 866 haec
1078 802 1240 867 callidis
1263 803 1339 867 cri-

279 909 537 978 minatoribus
561 907 630 984 (hoc
653 909 710 984 est,
731 892 960 972 criminatorum
982 925 1087 990 opera3
1118 907 1181 973 vid.
1203 929 1248 992 gr.
1272 910 1338 973 Lat.

279 1017 382 1101 §254
403 1035 433 1079 n.
456 1013 498 1088 3).

340 1099 343 1107 ’
378 1120 445 1186 lbd.
478 1118 532 1180 14:
577 1117 669 1181 Nam
706 1103 815 1181 cives
850 1118 1048 1182 Romanos
1078 1119 1158 1198 (Coi)
1192 1121 1339 1202 templo

278 1225 494 1307 AEsoulapii
516 1223 773 1295 induxerant,
809 1237 890 1286 cnm
912 1222 1018 1287 iussn
1040 1226 1144 1308 regis
1174 1225 1339 1289 Mithri-

278 1336 383 1400 datis
406 1330 504 1414 apud
526 1332 684 1394 cunetas
706 1327 809 1392 Asiae
831 1329 987 1393 insulas
1010 1331 1050 1392 et
1070 1331 1191 1394 urbes
1214 1333 1340 1395 truci-

279 1441 477 1504 darentur.
522 1435 636 1500 Omnes
651 1437 765 1507 tacent‚
787 1435 873 1516 quasi
895 1434 1007 1499 usitate
1029 1435 1095 1498 haec
1109 1436 1264 1510 dicantur;
1288 1455 1340 1520 ego

278 1563 376 1627 neque
398 1525 549 1603 ‘inducere
582 1539 696 1623 rcnplo
712 1539 774 1602 fero
796 1539 901 1621 (longe
934 1539 1018 1603 alind
1048 1542 1095 1604 est
1117 1541 1340 1604 lucanorum

144 1722 146 1728 ¹
280 1649 441 1729 inducere),
490 1665 588 1730 neque
630 1645 771 1710 inductos
806 1645 838 1708 in
878 1645 1028 1728 templum
1074 1647 1194 1710 narrari
1230 1647 1339 1712 debere

195 1811 197 1816 .
279 1757 360 1838 puto,
398 1753 453 1818 sed
488 1753 532 1817 ibi
573 1751 763 1834 aliquamdiu
796 1753 940 1816 servatos.
999 1753 1108 1835 Itaque
1145 1751 1339 1816 scribendum

280 1879 401 1945 prorsus
423 1859 524 1924 indico
546 1857 794 1920 incluserant.
850 1913 853 1922 .

378 1962 446 2028 Ibd.
472 1963 519 2025 16.
570 1963 683 2038 Locus,
718 1962 750 2026 in
771 1981 831 2045 quo
854 1961 926 2026 inde
949 1980 967 2025 a
987 1961 1092 2043 Lipsio
1114 1963 1242 2038 haerent,
1265 1963 1339 2027 nihil

280 2071 400 2135 omnino
447 2068 541 2132 habet
582 2069 791 2146 difficultatis,
830 2067 921 2132 modo
963 2069 1047 2132 recte
1089 2068 1338 2153 interpungatur:

279 2193 419 2258 neque·
446 2174 591 2252 adesse,
637 2176 679 2238 ut
723 2174 829 2249 olim,
873 2172 1157 2256 eam'copiam,
1194 2176 1339 2240 omissa

280 2280 558 2345 confarreandi
611 2279 874 2351 adsuetudine
926 2280 996 2342 aut
1045 2279 1148 2342 inter
1190 2299 1337 2361 paucos

279 2387 433 2450 retenta
475 2373 699 2468 (pluresque
743 2385 825 2449 eius
868 2377 926 2448 ¹rei
960 2403 1093 2449 causas
1127 2385 1337 2461 afferebat,

142 2553 145 2559 .
279 2492 533 2575 potissimam
572 2509 692 2573 penes
733 2490 930 2555 incuriam
969 2489 1138 2554 virorum
1172 2491 1338 2556 femina-

177 2613 179 2618 ’
217 2637 219 2642 -
279 2615 457 2679 rumque;
490 2596 681 2662 accedere
716 2597 753 2659 ot
791 2595 923 2676 ipsius
959 2597 1193 2661 caerimoniae
1227 2597 1336 2661 diffi-

183 2763 186 2770 .
280 2703 473 2777 cultates,
508 2721 587 2784 quae
620 2699 797 2766 consulto
819 2701 1066 2779 vitarentur),
1090 2704 1129 2766 et
1164 2705 1264 2787 qaod
1285 2703 1336 2782 (sic

278 2796 393 2882 Rhana
416 2807 483 2873 cod.
506 2817 589 2889 quo,
616 2807 685 2872 edd.
718 2807 782 2870 lere
814 2806 966 2888 quando
988 2811 1043 2872 aut
1065 2810 1259 2891 qnoniam)
1284 2829 1336 2874 er-

277 2913 357 2977 iret
385 2913 506 2977 eiuro
529 2912 676 2995 patrio,
699 2912 766 2994 qui
786 2911 823 2975 id
845 2913 1069 2978 flaminium
1091 2915 1337 2996 apisceretur

279 3037 431 3102 quaeque
452 3019 491 3082 in
513 3037 662 3082 manum
683 3017 858 3083 flaminis
892 3021 1131 3085 conveniret.
1186 3021 1246 3084 Ita
1268 3038 1336 3084 mc·

260 3124 438 3189 dandum
472 3127 531 3188 cet.
581 3123 680 3187 Minor
707 3125 772 3186 erat
805 3125 893 3206 copia
923 3125 1058 3190 flaminis
1091 3125 1225 3210 legendi,
1260 3124 1336 3209 quod

277 3231 367 3313 pauci
400 3233 487 3294 erant
518 3229 614 3312 geniti
647 3227 842 3294 confarreatis
879 3231 1064 3311 parentibus,
1095 3234 1127 3296 et
1154 3231 1251 3313 quod,
1288 3229 1336 3313 qui

277 3338 373 3402 lectus
396 3338 471 3412 erat,
493 3354 509 3400 e
530 3334 596 3400 iure
618 3334 716 3416 patrio
738 3333 851 3408 exibat,
884 3335 963 3417 quod
995 3338 1050 3400 aut
1070 3339 1136 3419 ipse
1164 3338 1220 3400 ant
1252 3339 1335 3419 pater

228 3487 231 3494 .
278 3441 343 3506 eius
371 3441 481 3516 nollet;
514 3441 551 3504 ut
590 3441 693 3504 autem
727 3439 882 3520 pauciores
914 3441 1199 3514 consumerentur,
1246 3441 1335 3506 fiebat

268 3547 391 3628 partim
423 3547 557 3622 incuria,
590 3545 704 3627 partim
726 3542 959 3611 difficultatibus
982 3546 1173 3611 oaerimoniae.

227 3710 230 3718 ,
354 3649 522 3718 ‘Ibd.28:
565 3653 694 3716 Isdem
727 3651 944 3716 oonsulibus
1086 3671 1176 3715 reus
1208 3655 1332 3734 pater,

279 3760 484 3834 accusator
515 3749 633 3839 silius
674 3747 795 3822 ...in
826 3761 1006 3822 senatum
1040 3758 1196 3822 inducti
1226 3758 1330 3832 sunt,

278 3865 323 3928 ab
369 3857 487 3929 exilio
535 3855 732 3928 retractus
780 3855 1005 3946 inluvieque
1057 3881 1100 3928 ac
1152 3863 1329 3946 squalore

277 3969 430 4034 obsitus
471 3970 507 4032 et
537 3970 619 4033 tum
650 3971 785 4034 catena
822 3971 975 4052 vinctus
1006 3969 1218 4052 peroranti
1245 3967 1330 4032 filio

164 4071 190 4150 J
278 4074 774 4161 praeparaturadolescens
797 4073 1182 4149 multismunditiis,
1205 4069 1327 4142 alacri
