<?xml version="1.0" encoding="UTF-8"?>
<!DOCTYPE html PUBLIC "-//W3C//DTD XHTML 1.0 Transitional//EN"
    "http://www.w3.org/TR/xhtml1/DTD/xhtml1-transitional.dtd">
<html xmlns="http://www.w3.org/1999/xhtml" xml:lang="en" lang="en">
 <head>
  <title>
</title>
<meta http-equiv="Content-Type" content="text/html;charset=utf-8" />
  <meta name='ocr-system' content='tesseract 3.04.00' />
  <meta name='ocr-capabilities' content='ocr_page ocr_carea ocr_par ocr_line ocrx_word'/>
</head>
<body>
  <div class='ocr_page' id='page_1' title='image "./adversariacriti03madvgoog/adversariacriti03madvgoog_0206.png"; bbox 0 0 2978 4644; ppageno 0'>
   <div class='ocr_carea' id='block_1_1' title="bbox 537 317 1182 396">
    <p class='ocr_par' dir='ltr' id='par_1_1' title="bbox 537 317 1182 396">
     <span class='ocr_line' id='line_1_1' title="bbox 537 317 1182 396; baseline -0.003 -11"><span class='ocrx_word' id='word_1_1' title='bbox 537 317 673 386; x_wconf 72' lang='lat' dir='ltr'><strong>cinrmb</strong></span> <span class='ocrx_word' id='word_1_2' title='bbox 690 327 843 386; x_wconf 66' lang='lat' dir='ltr'><strong>sumnus</strong></span> <span class='ocrx_word' id='word_1_3' title='bbox 1122 331 1182 396; x_wconf 84' lang='lat'><strong>193</strong></span> 
     </span>
    </p>
   </div>
   <div class='ocr_carea' id='block_1_2' title="bbox 152 524 1226 2940">
    <p class='ocr_par' dir='ltr' id='par_1_2' title="bbox 160 524 1226 717">
     <span class='ocr_line' id='line_1_2' title="bbox 161 524 1226 612; baseline 0.008 -19"><span class='ocrx_word' id='word_1_4' title='bbox 161 526 193 594; x_wconf 88' lang='lat' dir='ltr'><strong>et</strong></span> <span class='ocrx_word' id='word_1_5' title='bbox 222 525 291 592; x_wconf 88' lang='lat' dir='ltr'><strong>aliis</strong></span> <span class='ocrx_word' id='word_1_6' title='bbox 313 527 385 593; x_wconf 89' lang='lat' dir='ltr'><strong>ante</strong></span> <span class='ocrx_word' id='word_1_7' title='bbox 406 524 565 612; x_wconf 77' lang='lat' dir='ltr'><strong>adigere</strong></span> <span class='ocrx_word' id='word_1_8' title='bbox 588 525 634 609; x_wconf 89' lang='lat' dir='ltr'><strong>(in</strong></span> <span class='ocrx_word' id='word_1_9' title='bbox 656 525 744 593; x_wconf 85' lang='lat' dir='ltr'><strong>oodd.</strong></span> <span class='ocrx_word' id='word_1_10' title='bbox 766 525 876 593; x_wconf 84' lang='lat' dir='ltr'><strong>vitiose</strong></span> <span class='ocrx_word' id='word_1_11' title='bbox 897 525 1069 611; x_wconf 75' lang='lat' dir='ltr'><strong>editore)</strong></span> <span class='ocrx_word' id='word_1_12' title='bbox 1102 531 1226 602; x_wconf 88' lang='lat' dir='ltr'><strong>additur</strong></span> 
     </span>
     <span class='ocr_line' id='line_1_3' title="bbox 160 630 927 717; baseline 0.003 -19"><span class='ocrx_word' id='word_1_13' title='bbox 160 631 312 699; x_wconf 83' lang='lat' dir='ltr'><strong>linibus</strong></span> <span class='ocrx_word' id='word_1_14' title='bbox 332 630 535 717; x_wconf 77' lang='lat' dir='ltr'><strong>rependis,</strong></span> <span class='ocrx_word' id='word_1_15' title='bbox 557 632 766 700; x_wconf 81' lang='lat' dir='ltr'><strong>necessarium</strong></span> <span class='ocrx_word' id='word_1_16' title='bbox 786 651 851 699; x_wconf 90' lang='lat' dir='ltr'><strong>non</strong></span> <span class='ocrx_word' id='word_1_17' title='bbox 869 635 927 700; x_wconf 85' lang='lat' dir='ltr'><strong>est.</strong></span> 
     </span>
    </p>

    <p class='ocr_par' dir='ltr' id='par_1_3' title="bbox 156 735 1226 1668">
     <span class='ocr_line' id='line_1_4' title="bbox 259 735 1226 828; baseline 0.011 -26"><span class='ocrx_word' id='word_1_18' title='bbox 259 737 326 806; x_wconf 89' lang='lat' dir='ltr'><strong>lbd.</strong></span> <span class='ocrx_word' id='word_1_19' title='bbox 346 735 389 800; x_wconf 79' lang='lat'><strong>44</strong></span> <span class='ocrx_word' id='word_1_20' title='bbox 413 735 568 804; x_wconf 87' lang='lat' dir='ltr'><strong>sententia</strong></span> <span class='ocrx_word' id='word_1_21' title='bbox 598 737 631 803; x_wconf 86' lang='lat' dir='ltr'><strong>et</strong></span> <span class='ocrx_word' id='word_1_22' title='bbox 654 737 792 804; x_wconf 86' lang='lat' dir='ltr'><strong>oodioum</strong></span> <span class='ocrx_word' id='word_1_23' title='bbox 822 739 961 824; x_wconf 79' lang='lat' dir='ltr'><strong>uestigiis</strong></span> <span class='ocrx_word' id='word_1_24' title='bbox 982 739 1049 807; x_wconf 80' lang='lat' dir='ltr'><strong>haeo</strong></span> <span class='ocrx_word' id='word_1_25' title='bbox 1069 743 1226 828; x_wconf 77' lang='lat' dir='ltr'><strong>scriptura</strong></span> 
     </span>
     <span class='ocr_line' id='line_1_5' title="bbox 159 841 1222 934; baseline 0.007 -22"><span class='ocrx_word' id='word_1_26' title='bbox 159 843 335 912; x_wconf 74' lang='lat' dir='ltr'><strong>stabilitur:</strong></span> <span class='ocrx_word' id='word_1_27' title='bbox 378 841 812 927; x_wconf 80' lang='lat' dir='ltr'><strong>Crassus...ersmplis</strong></span> <span class='ocrx_word' id='word_1_28' title='bbox 827 843 1013 928; x_wconf 77' lang='lat' dir='ltr'>plurimis</span> <span class='ocrx_word' id='word_1_29' title='bbox 1033 865 1124 916; x_wconf 90' lang='lat' dir='ltr'><strong>usus</strong></span> <span class='ocrx_word' id='word_1_30' title='bbox 1144 853 1222 934; x_wconf 79' lang='lat' dir='ltr'><strong>est,</strong></span> 
     </span>
     <span class='ocr_line' id='line_1_6' title="bbox 160 949 1223 1038; baseline 0.005 -22"><span class='ocrx_word' id='word_1_31' title='bbox 160 950 359 1035; x_wconf 74' lang='lat' dir='ltr'><strong>quiquam</strong></span> <span class='ocrx_word' id='word_1_32' title='bbox 380 949 623 1016; x_wconf 87' lang='lat' dir='ltr'><strong>testamento</strong></span> <span class='ocrx_word' id='word_1_33' title='bbox 643 949 700 1016; x_wconf 87' lang='lat' dir='ltr'><strong>sio</strong></span> <span class='ocrx_word' id='word_1_34' title='bbox 714 949 879 1016; x_wconf 82' lang='lat' dir='ltr'><strong>heredes</strong></span> <span class='ocrx_word' id='word_1_35' title='bbox 901 949 1074 1017; x_wconf 74' lang='lat' dir='ltr'><strong>instituti</strong></span> <span class='ocrx_word' id='word_1_36' title='bbox 1093 966 1223 1038; x_wconf 75' lang='lat' dir='ltr'><strong>essent,</strong></span> 
     </span>
     <span class='ocr_line' id='line_1_7' title="bbox 159 1055 1224 1146; baseline 0.005 -23"><span class='ocrx_word' id='word_1_37' title='bbox 159 1056 193 1123; x_wconf 89' lang='lat' dir='ltr'><strong>si</strong></span> <span class='ocrx_word' id='word_1_38' title='bbox 213 1103 223 1124; x_wconf 90' lang='lat'><strong>.</strong></span> <span class='ocrx_word' id='word_1_39' title='bbox 247 1101 288 1125; x_wconf 93' lang='lat'><strong>..</strong></span> <span class='ocrx_word' id='word_1_40' title='bbox 316 1055 513 1131; x_wconf 85' lang='lat' dir='ltr'><strong>uenisset,</strong></span> <span class='ocrx_word' id='word_1_41' title='bbox 543 1055 814 1123; x_wconf 79' lang='lat' dir='ltr'><strong>hereditatem</strong></span> <span class='ocrx_word' id='word_1_42' title='bbox 837 1056 1114 1127; x_wconf 73' lang='lat' dir='ltr'><strong>obtinuissent.</strong></span> <span class='ocrx_word' id='word_1_43' title='bbox 1155 1063 1224 1146; x_wconf 80' lang='lat' dir='ltr'><strong>Ap·</strong></span> 
     </span>
     <span class='ocr_line' id='line_1_8' title="bbox 158 1161 1224 1248; baseline 0.006 -20"><span class='ocrx_word' id='word_1_44' title='bbox 158 1163 246 1247; x_wconf 84' lang='lat' dir='ltr'><strong>peret</strong></span> <span class='ocrx_word' id='word_1_45' title='bbox 266 1179 380 1246; x_wconf 86' lang='lat' dir='ltr'><strong>quum</strong></span> <span class='ocrx_word' id='word_1_46' title='bbox 412 1161 451 1227; x_wconf 92' lang='lat' dir='ltr'><strong>ob</strong></span> <span class='ocrx_word' id='word_1_47' title='bbox 471 1161 652 1244; x_wconf 72' lang='lat' dir='ltr'><strong>praecedens</strong></span> <span class='ocrx_word' id='word_1_48' title='bbox 679 1163 745 1248; x_wconf 86' lang='lat' dir='ltr'><strong>qni</strong></span> <span class='ocrx_word' id='word_1_49' title='bbox 771 1161 931 1239; x_wconf 70' lang='lat' dir='ltr'><strong>excidisse,</strong></span> <span class='ocrx_word' id='word_1_50' title='bbox 966 1181 1003 1228; x_wconf 85' lang='lat' dir='ltr'><strong>ex</strong></span> <span class='ocrx_word' id='word_1_51' title='bbox 1039 1164 1224 1233; x_wconf 85' lang='lat' dir='ltr'><strong>instituti</strong></span> 
     </span>
     <span class='ocr_line' id='line_1_9' title="bbox 159 1266 1223 1349; baseline 0.005 -15"><span class='ocrx_word' id='word_1_52' title='bbox 159 1270 292 1334; x_wconf 62' lang='lat' dir='ltr'><strong>nuent</strong></span> <span class='ocrx_word' id='word_1_53' title='bbox 318 1269 428 1334; x_wconf 90' lang='lat' dir='ltr'><strong>natum</strong></span> <span class='ocrx_word' id='word_1_54' title='bbox 454 1266 765 1334; x_wconf 68' lang='lat' dir='ltr'><strong>instituissent</strong></span> <span class='ocrx_word' id='word_1_55' title='bbox 814 1267 975 1349; x_wconf 88' lang='lat' dir='ltr'><strong>(Omnium</strong></span> <span class='ocrx_word' id='word_1_56' title='bbox 1005 1269 1134 1338; x_wconf 86' lang='lat' dir='ltr'><strong>minime</strong></span> <span class='ocrx_word' id='word_1_57' title='bbox 1155 1273 1223 1339; x_wconf 87' lang='lat' dir='ltr'><strong>ob·</strong></span> 
     </span>
     <span class='ocr_line' id='line_1_10' title="bbox 158 1372 1223 1459; baseline 0.005 -20"><span class='ocrx_word' id='word_1_58' title='bbox 158 1372 385 1440; x_wconf 86' lang='lat' dir='ltr'><strong>tinnissont.</strong></span> <span class='ocrx_word' id='word_1_59' title='bbox 409 1391 447 1439; x_wconf 82' lang='lat' dir='ltr'><strong>ex</strong></span> <span class='ocrx_word' id='word_1_60' title='bbox 481 1373 714 1439; x_wconf 86' lang='lat' dir='ltr'><strong>obtinerent</strong></span> <span class='ocrx_word' id='word_1_61' title='bbox 752 1373 863 1440; x_wconf 87' lang='lat' dir='ltr'><strong>uatum</strong></span> <span class='ocrx_word' id='word_1_62' title='bbox 905 1393 973 1442; x_wconf 87' lang='lat' dir='ltr'><strong>osse</strong></span> <span class='ocrx_word' id='word_1_63' title='bbox 1009 1377 1125 1459; x_wconf 78' lang='lat' dir='ltr'><strong>potest3</strong></span> <span class='ocrx_word' id='word_1_64' title='bbox 1162 1395 1223 1444; x_wconf 89' lang='lat' dir='ltr'><strong>noo</strong></span> 
     </span>
     <span class='ocr_line' id='line_1_11' title="bbox 158 1477 1222 1564; baseline 0.004 -18"><span class='ocrx_word' id='word_1_65' title='bbox 158 1478 319 1564; x_wconf 86' lang='lat' dir='ltr'><strong>quisquam</strong></span> <span class='ocrx_word' id='word_1_66' title='bbox 350 1477 478 1562; x_wconf 84' lang='lat' dir='ltr'><strong>antiquo</strong></span> <span class='ocrx_word' id='word_1_67' title='bbox 505 1477 667 1546; x_wconf 80' lang='lat' dir='ltr'><strong>verborum</strong></span> <span class='ocrx_word' id='word_1_68' title='bbox 702 1498 763 1545; x_wconf 88' lang='lat' dir='ltr'><strong>usu</strong></span> <span class='ocrx_word' id='word_1_69' title='bbox 787 1478 877 1546; x_wconf 90' lang='lat' dir='ltr'><strong>heres</strong></span> <span class='ocrx_word' id='word_1_70' title='bbox 904 1480 950 1546; x_wconf 89' lang='lat' dir='ltr'><strong>sio</strong></span> <span class='ocrx_word' id='word_1_71' title='bbox 970 1479 1153 1561; x_wconf 82' lang='lat' dir='ltr'><strong>instituitur,</strong></span> <span class='ocrx_word' id='word_1_72' title='bbox 1184 1485 1222 1550; x_wconf 82' lang='lat' dir='ltr'><strong>ut</strong></span> 
     </span>
     <span class='ocr_line' id='line_1_12' title="bbox 156 1584 541 1668; baseline -0.01 -15"><span class='ocrx_word' id='word_1_73' title='bbox 156 1585 360 1654; x_wconf 85' lang='lat' dir='ltr'><strong>hereditatem</strong></span> <span class='ocrx_word' id='word_1_74' title='bbox 381 1584 541 1668; x_wconf 83' lang='lat' dir='ltr'><strong>obtineat)</strong></span> 
     </span>
    </p>

    <p class='ocr_par' dir='ltr' id='par_1_4' title="bbox 152 1687 1222 2729">
     <span class='ocr_line' id='line_1_13' title="bbox 256 1687 1222 1774; baseline 0.004 -18"><span class='ocrx_word' id='word_1_75' title='bbox 256 1691 324 1758; x_wconf 93' lang='lat' dir='ltr'><strong>Ibd.</strong></span> <span class='ocrx_word' id='word_1_76' title='bbox 356 1689 434 1756; x_wconf 69' lang='lat'><strong>492.</strong></span> <span class='ocrx_word' id='word_1_77' title='bbox 465 1689 563 1757; x_wconf 86' lang='lat' dir='ltr'><strong>Sunt</strong></span> <span class='ocrx_word' id='word_1_78' title='bbox 598 1689 719 1758; x_wconf 87' lang='lat' dir='ltr'><strong>etiam</strong></span> <span class='ocrx_word' id='word_1_79' title='bbox 749 1687 822 1756; x_wconf 84' lang='lat' dir='ltr'><strong>illa</strong></span> <span class='ocrx_word' id='word_1_80' title='bbox 857 1689 969 1756; x_wconf 83' lang='lat' dir='ltr'><strong>uelde</strong></span> <span class='ocrx_word' id='word_1_81' title='bbox 1003 1691 1222 1774; x_wconf 75' lang='lat' dir='ltr'><strong>contraris,</strong></span> 
     </span>
     <span class='ocr_line' id='line_1_14' title="bbox 157 1788 1219 1882; baseline 0.003 -19"><span class='ocrx_word' id='word_1_82' title='bbox 157 1815 239 1882; x_wconf 77' lang='lat' dir='ltr'><strong>quse</strong></span> <span class='ocrx_word' id='word_1_83' title='bbox 267 1796 523 1881; x_wconf 87' lang='lat' dir='ltr'><strong>appellantur</strong></span> <span class='ocrx_word' id='word_1_84' title='bbox 548 1795 753 1880; x_wconf 82' lang='lat' dir='ltr'><strong>negantia,</strong></span> <span class='ocrx_word' id='word_1_85' title='bbox 786 1788 1034 1880; x_wconf 71' lang='grc' dir='ltr'><strong><em>α’ποῳατικᾶ</em></strong></span> <span class='ocrx_word' id='word_1_86' title='bbox 1069 1797 1219 1876; x_wconf 77' lang='lat' dir='ltr'><strong>(irate,</strong></span> 
     </span>
     <span class='ocr_line' id='line_1_15' title="bbox 157 1901 1221 1988; baseline 0 -18"><span class='ocrx_word' id='word_1_87' title='bbox 157 1903 360 1970; x_wconf 87' lang='lat' dir='ltr'><strong>oontrsrio</strong></span> <span class='ocrx_word' id='word_1_88' title='bbox 386 1901 599 1969; x_wconf 77' lang='lat' dir='ltr'><strong>aientibus.</strong></span> <span class='ocrx_word' id='word_1_89' title='bbox 649 1901 759 1986; x_wconf 84' lang='lat' dir='ltr'><strong>Inepte</strong></span> <span class='ocrx_word' id='word_1_90' title='bbox 787 1903 820 1968; x_wconf 89' lang='lat' dir='ltr'><strong>et</strong></span> <span class='ocrx_word' id='word_1_91' title='bbox 843 1901 973 1971; x_wconf 74' lang='lat' dir='ltr'><strong>ridicule</strong></span> <span class='ocrx_word' id='word_1_92' title='bbox 1002 1904 1137 1988; x_wconf 84' lang='lat' dir='ltr'><strong>primurn</strong></span> <span class='ocrx_word' id='word_1_93' title='bbox 1163 1923 1221 1970; x_wconf 88' lang='lat' dir='ltr'><strong>ne·</strong></span> 
     </span>
     <span class='ocr_line' id='line_1_16' title="bbox 155 2007 1220 2094; baseline -0.002 -18"><span class='ocrx_word' id='word_1_94' title='bbox 155 2009 262 2094; x_wconf 81' lang='lat' dir='ltr'><strong>gantis</strong></span> <span class='ocrx_word' id='word_1_95' title='bbox 288 2008 428 2078; x_wconf 88' lang='lat' dir='ltr'><strong>absolute</strong></span> <span class='ocrx_word' id='word_1_96' title='bbox 457 2007 653 2093; x_wconf 80' lang='lat' dir='ltr'><strong>appellentur</strong></span> <span class='ocrx_word' id='word_1_97' title='bbox 674 2008 839 2088; x_wconf 76' lang='lat' dir='ltr'><strong>contrade,</strong></span> <span class='ocrx_word' id='word_1_98' title='bbox 871 2009 960 2094; x_wconf 86' lang='lat' dir='ltr'><strong>qussi</strong></span> <span class='ocrx_word' id='word_1_99' title='bbox 992 2009 1026 2074; x_wconf 94' lang='lat' dir='ltr'><strong>in</strong></span> <span class='ocrx_word' id='word_1_100' title='bbox 1058 2009 1134 2092; x_wconf 83' lang='lat' dir='ltr'><strong>ipsis</strong></span> <span class='ocrx_word' id='word_1_101' title='bbox 1163 2010 1220 2075; x_wconf 91' lang='lat' dir='ltr'><strong>boo</strong></span> 
     </span>
     <span class='ocr_line' id='line_1_17' title="bbox 155 2113 1220 2198; baseline 0.002 -17"><span class='ocrx_word' id='word_1_102' title='bbox 155 2113 243 2192; x_wconf 85' lang='lat' dir='ltr'><strong>insit,</strong></span> <span class='ocrx_word' id='word_1_103' title='bbox 274 2114 387 2181; x_wconf 88' lang='lat' dir='ltr'><strong>deinde</strong></span> <span class='ocrx_word' id='word_1_104' title='bbox 407 2114 481 2180; x_wconf 84' lang='lat' dir='ltr'><strong>huie</strong></span> <span class='ocrx_word' id='word_1_105' title='bbox 511 2113 725 2198; x_wconf 86' lang='lat' dir='ltr'><strong>superponitur</strong></span> <span class='ocrx_word' id='word_1_106' title='bbox 745 2113 896 2192; x_wconf 85' lang='lat' dir='ltr'><strong>altorum,</strong></span> <span class='ocrx_word' id='word_1_107' title='bbox 917 2113 1000 2197; x_wconf 86' lang='lat' dir='ltr'><strong>quod</strong></span> <span class='ocrx_word' id='word_1_108' title='bbox 1027 2133 1135 2182; x_wconf 84' lang='lat' dir='ltr'><strong>uerum</strong></span> <span class='ocrx_word' id='word_1_109' title='bbox 1161 2118 1220 2192; x_wconf 85' lang='lat' dir='ltr'><strong>est</strong></span> 
     </span>
     <span class='ocr_line' id='line_1_18' title="bbox 156 2218 1221 2288; baseline 0 -2"><span class='ocrx_word' id='word_1_110' title='bbox 156 2219 306 2286; x_wconf 83' lang='lat' dir='ltr'><strong>eontraria</strong></span> <span class='ocrx_word' id='word_1_111' title='bbox 348 2239 386 2286; x_wconf 86' lang='lat' dir='ltr'><strong>ea</strong></span> <span class='ocrx_word' id='word_1_112' title='bbox 433 2237 502 2286; x_wconf 89' lang='lat' dir='ltr'><strong>esse</strong></span> <span class='ocrx_word' id='word_1_113' title='bbox 546 2219 708 2286; x_wconf 69' lang='lat' dir='ltr'><strong>dentibus.</strong></span> <span class='ocrx_word' id='word_1_114' title='bbox 766 2218 967 2288; x_wconf 84' lang='lat' dir='ltr'><strong>Scribendum</strong></span> <span class='ocrx_word' id='word_1_115' title='bbox 1000 2223 1079 2286; x_wconf 75' lang='lat' dir='ltr'><strong>estz.</strong></span> <span class='ocrx_word' id='word_1_116' title='bbox 1121 2219 1221 2286; x_wconf 87' lang='lat' dir='ltr'><strong>Sunt</strong></span> 
     </span>
     <span class='ocr_line' id='line_1_19' title="bbox 156 2325 1220 2410; baseline -0.001 -16"><span class='ocrx_word' id='word_1_117' title='bbox 156 2326 276 2394; x_wconf 88' lang='lat' dir='ltr'><strong>etiam</strong></span> <span class='ocrx_word' id='word_1_118' title='bbox 317 2326 390 2392; x_wconf 89' lang='lat' dir='ltr'><strong>illa</strong></span> <span class='ocrx_word' id='word_1_119' title='bbox 436 2325 548 2393; x_wconf 84' lang='lat' dir='ltr'><strong>valde</strong></span> <span class='ocrx_word' id='word_1_120' title='bbox 594 2325 808 2402; x_wconf 77' lang='lat' dir='ltr'><strong>contraria,</strong></span> <span class='ocrx_word' id='word_1_121' title='bbox 851 2345 932 2410; x_wconf 83' lang='lat' dir='ltr'><strong>quae</strong></span> <span class='ocrx_word' id='word_1_122' title='bbox 966 2325 1220 2410; x_wconf 88' lang='lat' dir='ltr'><strong>appellantur</strong></span> 
     </span>
     <span class='ocr_line' id='line_1_20' title="bbox 153 2423 1219 2517; baseline 0.001 -19"><span class='ocrx_word' id='word_1_123' title='bbox 153 2432 341 2517; x_wconf 86' lang='lat' dir='ltr'><strong>nogsntia</strong></span> <span class='ocrx_word' id='word_1_124' title='bbox 372 2423 631 2517; x_wconf 61' lang='grc' dir='ltr'><strong>(ἀποφατικὰ</strong></span> <span class='ocrx_word' id='word_1_125' title='bbox 662 2431 811 2511; x_wconf 78' lang='lat' dir='ltr'><strong>(lraeoi),</strong></span> <span class='ocrx_word' id='word_1_126' title='bbox 842 2431 1050 2500; x_wconf 85' lang='lat' dir='ltr'><strong>aientibus.</strong></span> <span class='ocrx_word' id='word_1_127' title='bbox 1103 2433 1140 2508; x_wconf 88' lang='lat' dir='ltr'><strong>In</strong></span> <span class='ocrx_word' id='word_1_128' title='bbox 1169 2431 1219 2500; x_wconf 84' lang='lat' dir='ltr'><strong>bis</strong></span> 
     </span>
     <span class='ocr_line' id='line_1_21' title="bbox 154 2535 1218 2622; baseline -0.001 -18"><span class='ocrx_word' id='word_1_129' title='bbox 154 2538 323 2605; x_wconf 60' lang='lat' dir='ltr'><strong>emundis</strong></span> <span class='ocrx_word' id='word_1_130' title='bbox 353 2537 442 2606; x_wconf 85' lang='lat' dir='ltr'><strong>ualde</strong></span> <span class='ocrx_word' id='word_1_131' title='bbox 473 2538 598 2604; x_wconf 83' lang='lat' dir='ltr'><strong>firmum</strong></span> <span class='ocrx_word' id='word_1_132' title='bbox 633 2540 665 2605; x_wconf 91' lang='lat' dir='ltr'><strong>ot</strong></span> <span class='ocrx_word' id='word_1_133' title='bbox 692 2535 893 2605; x_wconf 79' lang='lat' dir='ltr'><strong>manifestum</strong></span> <span class='ocrx_word' id='word_1_134' title='bbox 921 2555 1068 2622; x_wconf 84' lang='lat' dir='ltr'><strong>apparere</strong></span> <span class='ocrx_word' id='word_1_135' title='bbox 1096 2540 1218 2604; x_wconf 65' lang='lat' dir='ltr'><strong>senua</strong></span> 
     </span>
     <span class='ocr_line' id='line_1_22' title="bbox 152 2641 731 2729; baseline 0 -19"><span class='ocrx_word' id='word_1_136' title='bbox 152 2644 232 2710; x_wconf 89' lang='lat' dir='ltr'><strong>n&#39;urn</strong></span> <span class='ocrx_word' id='word_1_137' title='bbox 255 2643 376 2710; x_wconf 78' lang='lat' dir='ltr'><strong>dieitur.</strong></span> <span class='ocrx_word' id='word_1_138' title='bbox 421 2643 562 2729; x_wconf 79' lang='lat' dir='ltr'><strong>(Graeoi</strong></span> <span class='ocrx_word' id='word_1_139' title='bbox 582 2641 731 2724; x_wconf 87' lang='lat' dir='ltr'><strong>oodioes)</strong></span> 
     </span>
    </p>

    <p class='ocr_par' dir='ltr' id='par_1_5' title="bbox 154 2745 1217 2939">
     <span class='ocr_line' id='line_1_23' title="bbox 251 2745 1217 2834; baseline -0.002 -18"><span class='ocrx_word' id='word_1_140' title='bbox 251 2749 320 2818; x_wconf 93' lang='lat' dir='ltr'><strong>lbd</strong></span> <span class='ocrx_word' id='word_1_141' title='bbox 329 2750 385 2819; x_wconf 85' lang='grc'><strong>63·</strong></span> <span class='ocrx_word' id='word_1_142' title='bbox 407 2747 477 2816; x_wconf 89' lang='lat' dir='ltr'><strong>Non</strong></span> <span class='ocrx_word' id='word_1_143' title='bbox 498 2747 650 2834; x_wconf 81' lang='lat' dir='ltr'><strong>agitnrde</strong></span> <span class='ocrx_word' id='word_1_144' title='bbox 663 2747 928 2824; x_wconf 83' lang='lat' dir='ltr'><strong>iostunaeeventu‚</strong></span> <span class='ocrx_word' id='word_1_145' title='bbox 948 2746 1013 2822; x_wconf 90' lang='lat' dir='ltr'><strong>sed,</strong></span> <span class='ocrx_word' id='word_1_146' title='bbox 1030 2765 1101 2812; x_wconf 89' lang='lat' dir='ltr'><strong>oum</strong></span> <span class='ocrx_word' id='word_1_147' title='bbox 1112 2745 1217 2814; x_wconf 83' lang='lat' dir='ltr'><strong>Oioero</strong></span> 
     </span>
     <span class='ocr_line' id='line_1_24' title="bbox 154 2851 1221 2940; baseline -0.006 -16"><span class='ocrx_word' id='word_1_148' title='bbox 154 2855 297 2940; x_wconf 75' lang='lat' dir='ltr'><strong>dixisset,</strong></span> <span class='ocrx_word' id='word_1_149' title='bbox 318 2857 383 2923; x_wconf 87' lang='lat' dir='ltr'><strong>let</strong></span> <span class='ocrx_word' id='word_1_150' title='bbox 368 2858 452 2923; x_wconf 86' lang='lat' dir='ltr'><strong>tere</strong></span> <span class='ocrx_word' id='word_1_151' title='bbox 474 2873 593 2932; x_wconf 76' lang='lat' dir='ltr'><strong>oausss</strong></span> <span class='ocrx_word' id='word_1_152' title='bbox 615 2871 692 2939; x_wconf 86' lang='lat' dir='ltr'><strong>quae</strong></span> <span class='ocrx_word' id='word_1_153' title='bbox 713 2852 910 2920; x_wconf 84' lang='lat' dir='ltr'><strong>subieotae</strong></span> <span class='ocrx_word' id='word_1_154' title='bbox 929 2851 1009 2920; x_wconf 91' lang='lat' dir='ltr'><strong>sint</strong></span> <span class='ocrx_word' id='word_1_155' title='bbox 1028 2854 1221 2930; x_wconf 84' lang='lat' dir='ltr'><strong>fortunae</strong></span> 
     </span>
    </p>
   </div>
   <div class='ocr_carea' id='block_1_3' title="bbox 152 2957 1325 3056">
    <p class='ocr_par' dir='ltr' id='par_1_6' title="bbox 152 2957 1325 3056">
     <span class='ocr_line' id='line_1_25' title="bbox 152 2957 1325 3056; baseline -0.002 -28"><span class='ocrx_word' id='word_1_156' title='bbox 152 2961 320 3048; x_wconf 78' lang='lat' dir='ltr'><strong>subiungit</strong></span> <span class='ocrx_word' id='word_1_157' title='bbox 339 2961 496 3048; x_wconf 87' lang='lat' dir='ltr'><strong>hoe1pso</strong></span> <span class='ocrx_word' id='word_1_158' title='bbox 519 2961 602 3049; x_wconf 90' lang='lat' dir='ltr'><strong>qnod</strong></span> <span class='ocrx_word' id='word_1_159' title='bbox 621 2960 738 3038; x_wconf 86' lang='lat' dir='ltr'><strong>lateat,</strong></span> <span class='ocrx_word' id='word_1_160' title='bbox 764 2959 913 3027; x_wconf 76' lang='lat' dir='ltr'><strong>oontneui</strong></span> <span class='ocrx_word' id='word_1_161' title='bbox 942 2957 1072 3026; x_wconf 66' lang='lat' dir='ltr'><strong>lodnnae</strong></span> <span class='ocrx_word' id='word_1_162' title='bbox 1097 2961 1164 3028; x_wconf 83' lang='lat' dir='ltr'><strong>vim</strong></span> <span class='ocrx_word' id='word_1_163' title='bbox 1186 2960 1219 3026; x_wconf 88' lang='lat' dir='ltr'><strong>et</strong></span> <span class='ocrx_word' id='word_1_164' title='bbox 1321 3047 1325 3056; x_wconf 30' lang='grc' dir='ltr'>Ι</span> 
     </span>
    </p>
   </div>
   <div class='ocr_carea' id='block_1_4' title="bbox 151 3065 1218 3580">
    <p class='ocr_par' dir='ltr' id='par_1_7' title="bbox 151 3065 1218 3580">
     <span class='ocr_line' id='line_1_26' title="bbox 151 3065 1217 3153; baseline -0.002 -19"><span class='ocrx_word' id='word_1_165' title='bbox 151 3067 313 3148; x_wconf 81' lang='lat' dir='ltr'><strong>naturam,</strong></span> <span class='ocrx_word' id='word_1_166' title='bbox 348 3069 537 3153; x_wconf 72' lang='lat' dir='ltr'><strong>fortuneque</strong></span> <span class='ocrx_word' id='word_1_167' title='bbox 573 3065 786 3134; x_wconf 88' lang='lat' dir='ltr'><strong>definitionem</strong></span> <span class='ocrx_word' id='word_1_168' title='bbox 821 3065 924 3150; x_wconf 91' lang='lat' dir='ltr'><strong>ponit.</strong></span> <span class='ocrx_word' id='word_1_169' title='bbox 978 3065 1099 3132; x_wconf 87' lang='lat' dir='ltr'><strong>Hoo</strong></span> <span class='ocrx_word' id='word_1_170' title='bbox 1089 3085 1217 3151; x_wconf 84' lang='lat' dir='ltr'><strong>spsurn</strong></span> 
     </span>
     <span class='ocr_line' id='line_1_27' title="bbox 152 3172 1218 3260; baseline -0.003 -20"><span class='ocrx_word' id='word_1_171' title='bbox 152 3175 220 3242; x_wconf 85' lang='lat' dir='ltr'><strong>ast</strong></span> <span class='ocrx_word' id='word_1_172' title='bbox 234 3175 423 3260; x_wconf 74' lang='lat' dir='ltr'><strong>fortuna,</strong></span> <span class='ocrx_word' id='word_1_173' title='bbox 457 3173 624 3240; x_wconf 85' lang='lat' dir='ltr'><strong>euentus</strong></span> <span class='ocrx_word' id='word_1_174' title='bbox 646 3173 811 3240; x_wconf 88' lang='lat' dir='ltr'><strong>obsonra</strong></span> <span class='ocrx_word' id='word_1_175' title='bbox 834 3190 953 3239; x_wconf 83' lang='lat' dir='ltr'><strong>eausa</strong></span> <span class='ocrx_word' id='word_1_176' title='bbox 984 3173 1024 3239; x_wconf 90' lang='lat' dir='ltr'><strong>et</strong></span> <span class='ocrx_word' id='word_1_177' title='bbox 1044 3172 1218 3239; x_wconf 88' lang='lat' dir='ltr'><strong>latenter</strong></span> 
     </span>
     <span class='ocr_line' id='line_1_28' title="bbox 152 3277 1216 3365; baseline 0.001 -22"><span class='ocrx_word' id='word_1_178' title='bbox 152 3280 338 3365; x_wconf 76' lang='lat' dir='ltr'><strong>assectae,</strong></span> <span class='ocrx_word' id='word_1_179' title='bbox 360 3279 569 3364; x_wconf 85' lang='lat' dir='ltr'><strong>autpetius:</strong></span> <span class='ocrx_word' id='word_1_180' title='bbox 611 3281 792 3355; x_wconf 82' lang='lat' dir='ltr'><strong>euentus,</strong></span> <span class='ocrx_word' id='word_1_181' title='bbox 826 3278 891 3365; x_wconf 83' lang='lat' dir='ltr'><strong>qui</strong></span> <span class='ocrx_word' id='word_1_182' title='bbox 925 3277 1025 3346; x_wconf 86' lang='lat' dir='ltr'><strong>obse.</strong></span> <span class='ocrx_word' id='word_1_183' title='bbox 1061 3297 1087 3345; x_wconf 89' lang='lat' dir='ltr'><strong>o.</strong></span> <span class='ocrx_word' id='word_1_184' title='bbox 1122 3279 1161 3344; x_wconf 85' lang='lat' dir='ltr'><strong>et</strong></span> <span class='ocrx_word' id='word_1_185' title='bbox 1194 3277 1216 3344; x_wconf 92' lang='lat'><strong>1.</strong></span> 
     </span>
     <span class='ocr_line' id='line_1_29' title="bbox 151 3376 1218 3472; baseline -0.001 -21"><span class='ocrx_word' id='word_1_186' title='bbox 151 3384 336 3453; x_wconf 80' lang='lat' dir='ltr'><strong>efficitur.</strong></span> <span class='ocrx_word' id='word_1_187' title='bbox 379 3378 499 3466; x_wconf 78' lang='grc' dir='ltr'>(Τοῦτ’</span> <span class='ocrx_word' id='word_1_188' title='bbox 532 3376 618 3452; x_wconf 73' lang='grc' dir='ltr'><strong>αὐτό</strong></span> <span class='ocrx_word' id='word_1_189' title='bbox 649 3389 719 3450; x_wconf 73' lang='grc' dir='ltr'><strong><em>ἐστι</em></strong></span> <span class='ocrx_word' id='word_1_190' title='bbox 744 3377 854 3472; x_wconf 62' lang='grc' dir='ltr'><strong><em>τύχη,</em></strong></span> <span class='ocrx_word' id='word_1_191' title='bbox 890 3378 1065 3472; x_wconf 77' lang='grc' dir='ltr'><strong>σύμβαμα·</strong></span> <span class='ocrx_word' id='word_1_192' title='bbox 1091 3377 1218 3470; x_wconf 76' lang='grc' dir='ltr'><strong><em>α’φανεῑ</em></strong></span> 
     </span>
     <span class='ocr_line' id='line_1_30' title="bbox 151 3485 830 3580; baseline 0 -22"><span class='ocrx_word' id='word_1_193' title='bbox 151 3490 243 3578; x_wconf 76' lang='grc' dir='ltr'><strong><em>αἰτίᾳ</em></strong></span> <span class='ocrx_word' id='word_1_194' title='bbox 265 3493 322 3559; x_wconf 71' lang='grc' dir='ltr'><strong>καὶ</strong></span> <span class='ocrx_word' id='word_1_195' title='bbox 343 3488 545 3580; x_wconf 66' lang='grc' dir='ltr'><strong><em>λεληθότως</em></strong></span> <span class='ocrx_word' id='word_1_196' title='bbox 565 3485 797 3578; x_wconf 69' lang='grc' dir='ltr'><strong>γιγνόμενον.)</strong></span> <span class='ocrx_word' id='word_1_197' title='bbox 806 3491 830 3571; x_wconf 88' lang='lat'><strong>¹)</strong></span> 
     </span>
    </p>
   </div>
   <div class='ocr_carea' id='block_1_5' title="bbox 150 3664 350 3678">
    <p class='ocr_par' dir='ltr' id='par_1_8' title="bbox 150 3664 350 3678">
     <span class='ocr_line' id='line_1_31' title="bbox 150 3664 350 3678; baseline 0 -2"><span class='ocrx_word' id='word_1_198' title='bbox 150 3664 350 3678; x_wconf 48' lang='grc' dir='ltr'><strong>-ψ</strong></span> 
     </span>
    </p>
   </div>
   <div class='ocr_carea' id='block_1_6' title="bbox 180 3775 1215 4040">
    <p class='ocr_par' dir='ltr' id='par_1_9' title="bbox 180 3775 1215 4040">
     <span class='ocr_line' id='line_1_32' title="bbox 180 3775 1214 3856; baseline -0.007 -19"><span class='ocrx_word' id='word_1_199' title='bbox 180 3782 204 3850; x_wconf 85' lang='lat'><strong>¹)</strong></span> <span class='ocrx_word' id='word_1_200' title='bbox 221 3783 255 3840; x_wconf 84' lang='lat' dir='ltr'><strong>ln</strong></span> <span class='ocrx_word' id='word_1_201' title='bbox 273 3781 368 3840; x_wconf 88' lang='lat' dir='ltr'><strong>libello</strong></span> <span class='ocrx_word' id='word_1_202' title='bbox 385 3781 419 3840; x_wconf 86' lang='lat' dir='ltr'><strong>de</strong></span> <span class='ocrx_word' id='word_1_203' title='bbox 437 3785 495 3855; x_wconf 87' lang='lat' dir='ltr'><strong>opt.</strong></span> <span class='ocrx_word' id='word_1_204' title='bbox 512 3794 616 3856; x_wconf 79' lang='lat' dir='ltr'><strong>genere</strong></span> <span class='ocrx_word' id='word_1_205' title='bbox 634 3783 705 3839; x_wconf 85' lang='lat' dir='ltr'><strong>orat</strong></span> <span class='ocrx_word' id='word_1_206' title='bbox 727 3783 742 3845; x_wconf 69' lang='lat' dir='ltr'><strong>t</strong></span> <span class='ocrx_word' id='word_1_207' title='bbox 757 3780 790 3834; x_wconf 90' lang='lat'><strong>11</strong></span> <span class='ocrx_word' id='word_1_208' title='bbox 809 3777 956 3835; x_wconf 78' lang='lat' dir='ltr'><strong>necessario</strong></span> <span class='ocrx_word' id='word_1_209' title='bbox 974 3791 989 3831; x_wconf 89' lang='lat' dir='ltr'><strong>e</strong></span> <span class='ocrx_word' id='word_1_210' title='bbox 1006 3775 1064 3832; x_wconf 87' lang='lat' dir='ltr'><strong>eod.</strong></span> <span class='ocrx_word' id='word_1_211' title='bbox 1081 3776 1214 3846; x_wconf 80' lang='lat' dir='ltr'><strong>antiquis·</strong></span> 
     </span>
     <span class='ocr_line' id='line_1_33' title="bbox 220 3868 1215 3948; baseline -0.01 -16"><span class='ocrx_word' id='word_1_212' title='bbox 220 3875 289 3932; x_wconf 85' lang='lat' dir='ltr'><strong>simo</strong></span> <span class='ocrx_word' id='word_1_213' title='bbox 308 3875 479 3948; x_wconf 71' lang='lat' dir='ltr'><strong>Sangessensi</strong></span> <span class='ocrx_word' id='word_1_214' title='bbox 505 3873 658 3945; x_wconf 86' lang='lat' dir='ltr'><strong>ponendum</strong></span> <span class='ocrx_word' id='word_1_215' title='bbox 686 3887 744 3928; x_wconf 85' lang='lat' dir='ltr'><strong>essa</strong></span> <span class='ocrx_word' id='word_1_216' title='bbox 768 3871 891 3927; x_wconf 86' lang='lat' dir='ltr'><strong>volunt</strong></span> <span class='ocrx_word' id='word_1_217' title='bbox 908 3876 966 3940; x_wconf 89' lang='lat' dir='ltr'><strong>(pro</strong></span> <span class='ocrx_word' id='word_1_218' title='bbox 990 3869 1143 3934; x_wconf 83' lang='lat' dir='ltr'><strong>nolunt),</strong></span> <span class='ocrx_word' id='word_1_219' title='bbox 1170 3868 1215 3922; x_wconf 90' lang='lat' dir='ltr'><strong>bio</strong></span> 
     </span>
     <span class='ocr_line' id='line_1_34' title="bbox 219 3959 1215 4040; baseline -0.009 -18"><span class='ocrx_word' id='word_1_220' title='bbox 219 3967 249 4022; x_wconf 90' lang='lat' dir='ltr'><strong>in</strong></span> <span class='ocrx_word' id='word_1_221' title='bbox 275 3968 396 4040; x_wconf 75' lang='lat' dir='ltr'><strong>margine</strong></span> <span class='ocrx_word' id='word_1_222' title='bbox 421 3983 528 4030; x_wconf 81' lang='lat' dir='ltr'><strong>monens</strong></span> <span class='ocrx_word' id='word_1_223' title='bbox 549 3966 639 4023; x_wconf 85' lang='lat' dir='ltr'><strong>lioaat</strong></span> <span class='ocrx_word' id='word_1_224' title='bbox 675 3964 813 4020; x_wconf 82' lang='lat' dir='ltr'><strong>Notantnr</strong></span> <span class='ocrx_word' id='word_1_225' title='bbox 836 3961 957 4018; x_wconf 89' lang='lat' dir='ltr'><strong>homines</strong></span> <span class='ocrx_word' id='word_1_226' title='bbox 979 3959 1031 4016; x_wconf 78' lang='lat' dir='ltr'><strong>lot</strong></span> <span class='ocrx_word' id='word_1_227' title='bbox 1032 3961 1072 4016; x_wconf 80' lang='lat' dir='ltr'><strong>ise</strong></span> <span class='ocrx_word' id='word_1_228' title='bbox 1099 3959 1152 4014; x_wconf 87' lang='lat' dir='ltr'><strong>dioi</strong></span> <span class='ocrx_word' id='word_1_229' title='bbox 1177 3959 1215 4014; x_wconf 87' lang='lat' dir='ltr'><strong>sio</strong></span> 
     </span>
    </p>
   </div>
   <div class='ocr_carea' id='block_1_7' title="bbox 220 4052 1319 4129">
    <p class='ocr_par' dir='ltr' id='par_1_10' title="bbox 220 4052 1319 4129">
     <span class='ocr_line' id='line_1_35' title="bbox 220 4052 1319 4129; baseline -0.009 -14"><span class='ocrx_word' id='word_1_230' title='bbox 220 4059 351 4129; x_wconf 86' lang='lat' dir='ltr'><strong>iubentes,</strong></span> <span class='ocrx_word' id='word_1_231' title='bbox 379 4064 412 4116; x_wconf 88' lang='lat' dir='ltr'><strong>ut</strong></span> <span class='ocrx_word' id='word_1_232' title='bbox 438 4075 542 4116; x_wconf 86' lang='lat' dir='ltr'><strong>moroso</strong></span> <span class='ocrx_word' id='word_1_233' title='bbox 570 4057 682 4115; x_wconf 68' lang='lat' dir='ltr'><strong>bstidi&#39;o</strong></span> <span class='ocrx_word' id='word_1_234' title='bbox 705 4057 826 4112; x_wconf 78' lang='lat' dir='ltr'><strong>Atticam</strong></span> <span class='ocrx_word' id='word_1_235' title='bbox 853 4055 1012 4125; x_wconf 77' lang='lat' dir='ltr'><strong>eloquentis</strong></span> <span class='ocrx_word' id='word_1_236' title='bbox 1039 4053 1152 4109; x_wconf 82' lang='lat' dir='ltr'><strong>formam</strong></span> <span class='ocrx_word' id='word_1_237' title='bbox 1184 4052 1214 4107; x_wconf 92' lang='lat' dir='ltr'><strong>in</strong></span> <span class='ocrx_word' id='word_1_238' title='bbox 1316 4079 1319 4084; x_wconf 93' lang='lat'>·</span> 
     </span>
    </p>
   </div>
   <div class='ocr_carea' id='block_1_8' title="bbox 197 4147 1069 4292">
    <p class='ocr_par' dir='ltr' id='par_1_11' title="bbox 197 4147 1069 4292">
     <span class='ocr_line' id='line_1_36' title="bbox 220 4147 1069 4224; baseline -0.008 -16"><span class='ocrx_word' id='word_1_239' title='bbox 220 4153 278 4209; x_wconf 88' lang='lat' dir='ltr'><strong>sola</strong></span> <span class='ocrx_word' id='word_1_240' title='bbox 295 4153 417 4211; x_wconf 85' lang='lat' dir='ltr'><strong>siooitate</strong></span> <span class='ocrx_word' id='word_1_241' title='bbox 444 4153 534 4208; x_wconf 84' lang='lat' dir='ltr'><strong>omnia</strong></span> <span class='ocrx_word' id='word_1_242' title='bbox 551 4149 666 4224; x_wconf 80' lang='lat' dir='ltr'><strong>grandia</strong></span> <span class='ocrx_word' id='word_1_243' title='bbox 695 4152 723 4206; x_wconf 89' lang='lat' dir='ltr'><strong>st</strong></span> <span class='ocrx_word' id='word_1_244' title='bbox 741 4149 821 4220; x_wconf 90' lang='lat' dir='ltr'><strong>plena</strong></span> <span class='ocrx_word' id='word_1_245' title='bbox 838 4147 942 4204; x_wconf 81' lang='lat' dir='ltr'><strong>vitante</strong></span> <span class='ocrx_word' id='word_1_246' title='bbox 960 4149 1069 4217; x_wconf 82' lang='lat' dir='ltr'><strong>ponent.</strong></span> 
     </span>
     <span class='ocr_line' id='line_1_37' title="bbox 197 4244 1014 4292; baseline 0 -10"><span class='ocrx_word' id='word_1_247' title='bbox 197 4245 460 4283; x_wconf 66' lang='lat' dir='ltr'><strong>nnnnnnnnnnnn</strong></span> <span class='ocrx_word' id='word_1_248' title='bbox 482 4244 505 4282; x_wconf 78' lang='lat' dir='ltr'><strong>nu</strong></span> <span class='ocrx_word' id='word_1_249' title='bbox 983 4247 1014 4292; x_wconf 68' lang='grc' dir='ltr'><strong>ιε</strong></span> 
     </span>
    </p>
   </div>
   <div class='ocr_carea' id='block_1_9' title="bbox 0 0 1494 4644">
    <p class='ocr_par' dir='ltr' id='par_1_12' title="bbox 0 0 1494 4644">
     <span class='ocr_line' id='line_1_38' title="bbox 0 0 1494 4644; baseline 0 4"><span class='ocrx_word' id='word_1_250' title='bbox 0 0 1494 4644; x_wconf 95' lang='lat' dir='ltr'><strong> </strong></span> 
     </span>
    </p>
   </div>
  </div>
 </body>
</html>
