2978 4644
295 276 356 340 170
646 278 706 334 nro.
726 279 789 336 vu.
826 277 891 349 esp.
909 279 932 336 1.

352 476 423 544 lbd.
445 498 474 561 p.
501 475 542 540 62
564 475 703 542 moinum
725 477 790 544 hmo
812 479 861 544 est
881 477 1049 560 scriptura:
1092 477 1318 560 Verborum,

253 603 333 668 quoe
365 587 539 665 tempora
571 581 873 666 adsignilioant,
909 581 997 649 ideo
1024 584 1181 652 leonius
1204 585 1316 650 difli-

254 689 427 756 cillimus
455 691 516 754 eet
537 687 688 767 TYMA,
722 689 821 772 qnod
841 708 965 772 noque
987 691 1057 764 oab,
1091 707 1129 756 er
1150 707 1212 774 qne
1233 690 1317 776 quod
1388 733 1396 740 -

252 794 493 862 inieditionibus
515 795 659 860 effoetum
680 797 747 861 oet:
783 795 869 862 ideo
901 796 1010 862 loeus
1045 794 1318 863 diflioillimue

253 905 316 969 est
345 897 501 984 ἔτυμα,
537 903 569 965 et
600 899 827 966 eonstruotione
857 901 1073 976 (verborum
1109 912 1229 986 etymo
1265 913 1320 966 ert

254 1009 360 1074 loeus
391 1005 676 1092 difficillimae)
709 1007 741 1071 et
763 1005 924 1072 verbomm
955 1006 1060 1074 ordine
1080 1010 1114 1074 et
1145 1027 1203 1074 usu
1227 1027 1318 1076 voea-

253 1116 317 1182 buli
341 1115 422 1178 loeus
454 1114 583 1195 peceat,
633 1110 788 1194 Scriptum
820 1111 921 1178 inerat
956 1112 995 1177 ad
1027 1113 1108 1180 hane
1133 1114 1266 1180 formam
1288 1117 1319 1180 et

253 1223 310 1298 luis,
344 1223 381 1286 ut
415 1219 530 1302 opinor,
567 1217 687 1284 uerbis:
730 1216 955 1296 Verborum,
986 1239 1016 1302 q.
1039 1221 1061 1284 t.
1085 1239 1129 1294 a,
1152 1219 1244 1285 ideo
1268 1219 1318 1283 lo-

255 1339 340 1393 eata
362 1323 613 1412 difficillima
635 1332 723 1384 aaut
745 1331 889 1406 ἔτυμα,
922 1325 1017 1407 quod
1040 1326 1100 1390 ebt.

353 1433 472 1498 Eadem
493 1449 580 1514 pag.:
614 1429 715 1494 Hine
737 1428 866 1512 agitur
890 1447 1008 1510 poene
1029 1425 1197 1513 pastum,
1231 1429 1321 1513 qnia

254 1541 314 1606 vir
336 1539 398 1622 agi
419 1539 559 1621 potest.
603 1535 701 1600 Hine
723 1535 984 1619 angiportum,
1014 1555 1086 1619 que
1108 1535 1168 1600 nil
1189 1537 1319 1618 potest
1349 1559 1351 1564 ·

255 1644 327 1729 agi.
373 1643 476 1707 Hine
498 1635 679 1724 angulus,
703 1641 800 1723 quod
821 1641 860 1706 in
882 1659 925 1706 eo
947 1643 1005 1708 eet.
1052 1643 1104 1708 Sin
1126 1642 1316 1726 Spengelins.

254 1752 355 1817 Aliter
387 1749 555 1815 orationem
585 1745 754 1812 Muellerus
775 1746 926 1820 distinxit,
961 1749 1120 1816 translatis
1151 1747 1214 1814 illis
1249 1767 1321 1831 qua

255 1857 314 1941 (eie
335 1857 417 1921 reete
439 1853 563 1937 scripsit
585 1851 735 1918 edibones
756 1855 895 1926 saeuius)
920 1853 983 1918 vir
1006 1872 1024 1918 a
1031 1855 1068 1938 gi
1089 1855 1233 1937 potest
1254 1873 1320 1937 qnae
1444 1869 1448 1874 ’

255 1982 274 2028 a
294 1961 501 2044 superioribus
524 1958 711 2042 seiungende
733 1975 801 2022 esee
822 1959 933 2032 sensit,
967 1977 1027 2024 non
1054 1963 1126 2042 apto
1160 1960 1200 2025 ad
1232 1960 1322 2043 oepi-

250 2068 337 2152 porei
347 2066 546 2142 notationem,
561 2065 609 2130 hie
622 2065 727 2130 autem
742 2083 814 2147 qua
836 2063 894 2129 nil
915 2065 1048 2146 potest
1068 2065 1321 2149 agipraviesime

258 2172 299 2237 nol
321 2171 436 2255 eupuli,
464 2171 495 2236 et
516 2169 620 2242 addito
645 2169 692 2232 uel
711 2173 783 2236 ente
806 2171 898 2255 qood.
941 2171 1141 2237 Manifestum
1165 2173 1231 2252 eet,
1264 2171 1322 2238 ali·

256 2278 328 2362 qnid
357 2276 524 2352 exoidisee,
557 2295 627 2360 oum
658 2278 726 2342 lere
765 2277 808 2342 sie
837 2277 985 2359 seriptum
1019 2279 1116 2346 ossele
1148 2279 1321 2361 pastum3

256 2385 357 2468 [biae
383 2384 608 2467 anapestum]
633 2401 709 2466 quo
728 2382 787 2448 vix
821 2383 883 2466 agi
912 2385 1056 2465 potost;
1078 2384 1176 2450 bine
1208 2383 1320 2469 angi·

255 2493 423 2574 portum,
445 2508 516 2572 qna
537 2490 592 2554 nil
613 2492 751 2572 potest
782 2490 864 2573 agi,
904 2489 995 2556 hine
1018 2491 1197 2584 angulus,
1219 2490 1316 2573 qood

257 2600 314 2662 oet.
370 2595 530 2662 Gredetim
569 2595 745 2662 ascenditur
777 2597 816 2662 ab
849 2597 979 2679 angusto
1002 2596 1077 2675 (oio)
1111 2597 1150 2664 ad
1173 2597 1319 2681 angipor-

255 2704 321 2768 tum
346 2721 468 2786 prorsus
490 2703 529 2768 ab
552 2703 648 2768 altera
670 2701 756 2784 parte
778 2702 927 2768 alannum.

357 2808 423 2873 Ibd.
455 2827 485 2890 p.
520 2807 560 2871 68
595 2808 705 2873 excidit
732 2808 857 2888 propter
880 2806 1114 2874 similitudinem
1153 2807 1187 2873 id
1218 2809 1319 2892 ipsum

255 2915 448 2991 venabulum,
471 2914 660 2997 uuiusorigo
682 2914 822 2980 notatum:
866 2914 1001 2992 Abeo,
1034 2913 1132 2996 qnod
1155 2915 1230 2980 soit
1253 2915 1320 2978 dn-

255 3041 355 3098 eere,
378 3022 442 3104 qui
464 3020 617 3085 ostoun
640 3020 706 3084 ant
727 3019 878 3098 duotor,
900 3017 1076 3103 [duetor,]
1098 3020 1161 3101 qni
1182 3021 1239 3085 ibn
1259 3020 1319 3084 in-

165 3199 167 3206 ,
256 3126 381 3203 dubit,
403 3128 444 3190 nt
466 3125 648 3198 doceat¹t

357 3233 423 3298 Ibo,
448 3251 478 3314 p.
502 3230 559 3295 73:
593 3229 840 3313 Speculator,
868 3249 978 3314 quem
999 3229 1195 3296 mittimus
1217 3232 1320 3307 ante,
1390 3231 1403 3252 ‘

256 3339 528 3421 utreepieiat,
565 3353 644 3419 quoe
667 3337 853 3402 volumus.
897 3337 1068 3420 Respectus
1088 3335 1318 3419 nihiladspe-

257 3443 438 3520 eulatorem,
460 3462 529 3508 eum
550 3443 721 3524 praesertim
744 3442 913 3525 speculum,
937 3443 1070 3526 specula,
1092 3443 1254 3525 specillum
1280 3441 1319 3506 ad

213 3633 214 3636 Ἴ
257 3549 386 3632 simplex
418 3549 556 3631 specio
578 3549 751 3614 aVarrone
772 3549 962 3614 revocentur.
1006 3548 1068 3616 Sor.
1092 3551 1222 3613 utres
1243 3567 1321 3631 opo-

258 3656 348 3731 oiot,
371 3673 467 3736 quae
491 3659 610 3739 (qnab)
633 3655 817 3721 volumus.

287 3990 309 4054 ¹)
327 3989 359 4044 P.
378 3991 413 4044 bo
430 3986 587 4058 interpungi
605 3985 687 4040 debet
707 3983 759 4040 ele:
788 3984 832 4038 nt
849 3999 919 4052 non¹
933 3982 1085 4052 spondet
1102 3983 1169 4040 illo
1186 3981 1318 4046 statim,

327 4081 389 4150 qni
407 4079 515 4133 dixit:
535 4077 701 4148 spondeo.
