3038 4720
585 477 728 534 ·Vulerino
745 477 816 535 Mox.
1102 541 1108 554 Ι
1139 479 1199 545 331

172 673 289 758 ‘plioem
316 675 349 742 et
379 672 542 742 solentium
580 677 612 742 et
641 694 767 762 operum
796 675 939 744 humone
966 677 1038 744 uitae
1069 683 1243 766 exemplum

171 779 290 846 dicitur
311 780 405 864 idque
427 781 523 846 etiem
545 781 652 866 spatio,
674 782 733 847 hoc
756 783 815 860 est,
835 782 1048 852 diuturnitate.
1087 809 1089 814 ¹
1265 866 1267 870 .

277 885 342 952 lbd.
364 885 400 948 t:
443 884 614 970 Namque
646 886 719 952 elii
750 889 946 954 commodo
979 891 1150 973 perculsi
1183 910 1245 957 se·

171 1010 326 1061 :cessum
347 991 498 1073 petunt,
519 991 721 1074 duplicant
751 994 946 1061 tenebras.
999 996 1105 1064 Nimia
1126 997 1243 1064 uddunt

177 1099 211 1164 ct
231 1115 326 1180 preve
348 1095 458 1176 (elii);
479 1096 626 1163 facillime
648 1117 753 1164 verum
775 1095 924 1164 efficitur:
967 1100 1063 1167 Nem
1085 1101 1151 1186 qui
1170 1102 1246 1168 toli

173 1202 420 1272 incommodo
439 1221 538 1284 perc.
563 1203 624 1273 oet.

277 1310 337 1387 (De
359 1307 448 1386 VIII,
470 1309 489 1370 7
511 1309 547 1375 u.
569 1309 589 1371 3
611 1309 752 1376 dixivol.
775 1307 793 1370 I
814 1331 846 1393 p.
858 1310 943 1391 146.)

278 1414 391 1480 lto-ll.
410 1413 429 1476 ὁ
446 1412 496 1492 (do
513 1413 697 1491 demordet
719 1417 775 1480 ite
881 1418 922 1480 ut
1029 1418 1244 1502 cogitatio·
1302 1426 1307 1436 ’

174 1521 292 1587 nibus
332 1519 523 1585 inheerens
559 1539 710 1587 monum
746 1521 792 1587 ed
834 1540 1002 1587 mensem
1042 1525 1241 1609 porrigere

174 1624 497 1704 oblivisceretur;
529 1626 596 1692 sed
630 1628 664 1694 ei
689 1627 777 1704 (eod.
801 1631 897 1706 oum)
919 1628 1098 1704 Melissa,
1130 1647 1245 1712 quarn

178 1733 312 1800 uxoris
332 1732 418 1797 loco
438 1731 627 1811 hebetet,
656 1734 871 1816 temperato
891 1732 993 1798 inter
1015 1733 1148 1798 studio
1168 1741 1246 1800 no‘n

178 1836 475 1921 interpellandi
496 1838 535 1902 et
554 1837 693 1906 inediee
713 1839 977 1904 succurrendi
997 1838 1140 1918 officio,
1164 1839 1246 1906 der·

178 1947 306 2012 terum
342 1961 452 2008 suane·
483 1943 721 2008 necessariis
758 1943 891 2010 usibus
922 1946 1099 2027 eptebet.
1140 1945 1246 2010 'Pueve

179 2050 218 2114 de
240 2068 312 2116 curu
331 2066 393 2114 non
413 2049 629 2132 interpellandi
660 2050 773 2132 plurali
795 2069 922 2116 numero
943 2050 1072 2116 studio
1094 2051 1246 2127 dicuntur,

178 2156 360 2240 pravissime
397 2155 554 2222 divellitur
584 2159 685 2236 (non)
714 2156 972 2238 interpellare
1014 2155 1160 2235 studio,
1198 2157 1249 2222 oui

179 2262 370 2328 contrarium
389 2263 442 2327 est
472 2262 614 2328 inedies
629 2279 871 2328 succurrere.
937 2261 1119 2328 Necessario
1140 2262 1246 2346 'igiter

178 2369 311 2444 subluto,
344 2369 425 2452 qnod
456 2385 516 2432 uon
543 2367 703 2434 intellectu
733 2368 891 2434 sententie
914 2368 949 2438 ct
975 2368 1138 2434 verborum
1160 2369 1246 2434 iunc-

180 2476 250 2539 tura
272 2473 412 2540 additum
429 2476 494 2548 est,
517 2474 637 2548 inter,
670 2474 765 2540 scribi
785 2473 893 2540 debet:
921 2475 1141 2556 temperato
1161 2475 1248 2539 stu-

180 2579 245 2646 die
285 2579 686 2660 noninterpellendi
729 2583 766 2644 et
808 2579 950 2660 inedies
979 2580 1249 2644 succurrendi

94 2691 97 2695 '
180 2683 331 2754 officie.
385 2682 534 2749 Officium·
558 2685 730 2768 utrumqne
771 2685 882 2750 studiis
910 2683 1056 2768 parcendi
1078 2687 1117 2749 et·
1137 2683 1248 2750 ieedlee

180 2789 382 2858 semurrendl
398 2775 480 2871 'apte
512 2789 645 2857 miscuit
694 2791 742 2854 De
771 2790 984 2867 edditcrnento
1017 2789 1090 2864 cine
1117 2809 1185 2872 quse
1209 2790 1250 2854 ed

181 2897 237 2975 IV,
262 2897 291 2974 7,
313 2897 332 2958 2
354 2896 451 2978 posui.
505 2894 567 2960 Sed
588 2897 692 2974 unul,
718 2915 756 2960 nc
777 2896 888 2965 vitiose
908 2895 1071 2980 eptebet
1093 2894 1248 2978 duplicem

182 3002 323 3068 dotium
344 3002 467 3080 hebeat,
500 3001 604 3066 codice
636 3003 724 3070 viam·
752 3003 944 3074 monstrante
976 3003 1061 3086 [wne
1088 3000 1250 3085 uorrcnlo]

180 3109 380 3175 scribendum
401 3107 536 3174 rideturr
574 3107 647 3172 sed·
670 3127 751 3170 com
773 3109 835 3188 (rel
862 3110 965 3193 polius
998 3127 1091 3187 eom,
1122 3125 1248 3173 manum

183 3215 264 3292 eius)
288 3214 454 3282 Melissa
560 3215 715 3278 deutero
744 3237 816 3278 eoa
846 3214 1086 3283 necessariis
1115 3214 1249 3280 usibus

180 3321 391 3405 aptantes)
1068 3337 1070 3340 ·

184 3573 386 3589 -Q-ae-uss--ffl

216 3741 239 3808 ¹)
258 3739 319 3796 lbd.
339 3738 371 3792 Ε.
389 3740 406 3794 8
431 3736 539 3796 meante
557 3732 683 3800 Halmius
701 3731 820 3791 desernit
845 3731 976 3800 optimum
999 3729 1116 3785 codicem
1134 3730 1249 3784 ceteros·

256 3847 316 3900 que,
336 3845 403 3902 quoe
421 3827 568 3896 superiores
587 3823 702 3902 editores
720 3823 805 3884 secuti
823 3826 908 3880 erent.
943 3822 1049 3876 Valerio
1069 3821 1187 3879 Socratis
1207 3821 1249 3874 in-

186 3981 188 3987 ,
257 3921 366 3980 dustriae
386 3921 445 3976 lens
464 3919 556 3990 angeri
574 3918 630 3972 vise
649 3918 704 3978 est,
732 3916 757 3968 si
780 3914 989 3970 vilissimum
1013 3915 1119 3970 musice
1138 3913 1251 3968 rationis

254 4017 420 4071 elementum
457 4011 540 4067 tentis
577 4009 704 4066 doctrines
744 4007 828 4078 copiis
863 4012 953 4061 temen
990 4022 1068 4060 senex
1106 4003 1251 4074 adiungere
1321 4000 1323 4005 ’

254 4109 394 4163 voluisset.
433 4105 540 4174 (Itaque
570 4102 709 4173 precedit:
746 4103 778 4154 et
811 4099 979 4170 quantula
1005 4097 1154 4151 accessio
1186 4093 1252 4149 ille

258 4199 379 4256 futuru
420 4197 570 4254 scientie
610 4193 714 4260 eretl)
761 4193 927 4248 vilissimam
967 4190 1035 4244 hono
1076 4188 1252 4244 secessionem

259 4294 337 4349 homo
357 4292 539 4348 etltomonus
565 4294 593 4344 et
611 4289 669 4342 sine
687 4288 765 4342 acuto
792 4285 891 4340 indicio
910 4282 1040 4340 rhetorice
1058 4280 1153 4336 ludens
1175 4277 1251 4334 lucil-
