<?xml version="1.0" encoding="UTF-8"?>
<!DOCTYPE html PUBLIC "-//W3C//DTD XHTML 1.0 Transitional//EN"
    "http://www.w3.org/TR/xhtml1/DTD/xhtml1-transitional.dtd">
<html xmlns="http://www.w3.org/1999/xhtml" xml:lang="en" lang="en">
 <head>
  <title>
</title>
<meta http-equiv="Content-Type" content="text/html;charset=utf-8" />
  <meta name='ocr-system' content='tesseract 3.04.00' />
  <meta name='ocr-capabilities' content='ocr_page ocr_carea ocr_par ocr_line ocrx_word'/>
</head>
<body>
  <div class='ocr_page' id='page_1' title='image "./adversariacriti03madvgoog/adversariacriti03madvgoog_0442.png"; bbox 0 0 2970 4648; ppageno 0'>
   <div class='ocr_carea' id='block_1_1' title="bbox 503 297 1174 364">
    <p class='ocr_par' dir='ltr' id='par_1_1' title="bbox 503 277 1174 364">
     <span class='ocr_line' id='line_1_1' title="bbox 503 297 1174 364; baseline -0.003 -6"><span class='ocrx_word' id='word_1_1' title='bbox 503 301 535 358; x_wconf 83' lang='lat' dir='ltr'><strong>L.</strong></span> <span class='ocrx_word' id='word_1_2' title='bbox 554 301 653 357; x_wconf 72' lang='lat' dir='ltr'><strong>uenere</strong></span> <span class='ocrx_word' id='word_1_3' title='bbox 670 300 703 355; x_wconf 87' lang='lat' dir='ltr'><strong>de</strong></span> <span class='ocrx_word' id='word_1_4' title='bbox 718 299 869 357; x_wconf 62' lang='lat' dir='ltr'><strong>elementis„</strong></span> <span class='ocrx_word' id='word_1_5' title='bbox 1111 297 1174 364; x_wconf 77' lang='lat'><strong>429</strong></span> 
     </span>
    </p>
   </div>
   <div class='ocr_carea' id='block_1_2' title="bbox 79 497 1218 4180">
    <p class='ocr_par' dir='ltr' id='par_1_2' title="bbox 150 497 1218 2372">
     <span class='ocr_line' id='line_1_2' title="bbox 156 497 1218 586; baseline -0.002 -18"><span class='ocrx_word' id='word_1_6' title='bbox 156 501 248 568; x_wconf 81' lang='lat' dir='ltr'><strong>vituri</strong></span> <span class='ocrx_word' id='word_1_7' title='bbox 269 502 326 568; x_wconf 87' lang='lat' dir='ltr'><strong>hue</strong></span> <span class='ocrx_word' id='word_1_8' title='bbox 347 499 453 586; x_wconf 79' lang='lat' dir='ltr'><strong>poenit.</strong></span> <span class='ocrx_word' id='word_1_9' title='bbox 512 497 623 582; x_wconf 77' lang='lat' dir='ltr'><strong>Itaque</strong></span> <span class='ocrx_word' id='word_1_10' title='bbox 645 499 793 565; x_wconf 80' lang='lat' dir='ltr'><strong>excidisse</strong></span> <span class='ocrx_word' id='word_1_11' title='bbox 812 502 939 584; x_wconf 79' lang='lat' dir='ltr'><strong>apparet</strong></span> <span class='ocrx_word' id='word_1_12' title='bbox 960 500 1085 566; x_wconf 86' lang='lat' dir='ltr'><strong>verbum</strong></span> <span class='ocrx_word' id='word_1_13' title='bbox 1108 519 1218 567; x_wconf 86' lang='lat' dir='ltr'><strong>neees-</strong></span> 
     </span>
     <span class='ocr_line' id='line_1_3' title="bbox 156 603 1216 693; baseline -0.001 -19"><span class='ocrx_word' id='word_1_14' title='bbox 156 609 270 674; x_wconf 79' lang='lat' dir='ltr'><strong>sarium</strong></span> <span class='ocrx_word' id='word_1_15' title='bbox 292 610 416 693; x_wconf 84' lang='lat' dir='ltr'><strong>propter</strong></span> <span class='ocrx_word' id='word_1_16' title='bbox 448 604 682 672; x_wconf 81' lang='lat' dir='ltr'><strong>similitudinem</strong></span> <span class='ocrx_word' id='word_1_17' title='bbox 707 603 882 671; x_wconf 81' lang='lat' dir='ltr'><strong>litterarum</strong></span> <span class='ocrx_word' id='word_1_18' title='bbox 904 607 958 671; x_wconf 84' lang='lat' dir='ltr'><strong>eut</strong></span> <span class='ocrx_word' id='word_1_19' title='bbox 977 605 1074 672; x_wconf 87' lang='lat' dir='ltr'><strong>lutere</strong></span> <span class='ocrx_word' id='word_1_20' title='bbox 1094 607 1127 671; x_wconf 89' lang='lat' dir='ltr'><strong>in</strong></span> <span class='ocrx_word' id='word_1_21' title='bbox 1148 607 1216 690; x_wconf 86' lang='lat' dir='ltr'><strong>ipen</strong></span> 
     </span>
     <span class='ocr_line' id='line_1_4' title="bbox 153 709 1218 798; baseline -0.002 -19"><span class='ocrx_word' id='word_1_22' title='bbox 153 713 325 798; x_wconf 89' lang='lat' dir='ltr'><strong>quidem:</strong></span> <span class='ocrx_word' id='word_1_23' title='bbox 380 711 465 776; x_wconf 81' lang='lat' dir='ltr'><strong>Haee</strong></span> <span class='ocrx_word' id='word_1_24' title='bbox 505 709 721 776; x_wconf 80' lang='lat' dir='ltr'><strong>erudelitas</strong></span> <span class='ocrx_word' id='word_1_25' title='bbox 764 710 915 793; x_wconf 90' lang='lat' dir='ltr'><strong>quidem</strong></span> <span class='ocrx_word' id='word_1_26' title='bbox 957 709 1108 775; x_wconf 76' lang='lat' dir='ltr'><strong>videtur</strong></span> <span class='ocrx_word' id='word_1_27' title='bbox 1149 714 1218 788; x_wconf 78' lang='lat' dir='ltr'><strong>(eut</strong></span> 
     </span>
     <span class='ocr_line' id='line_1_5' title="bbox 153 815 1216 900; baseline -0.003 -15"><span class='ocrx_word' id='word_1_28' title='bbox 153 819 312 885; x_wconf 85' lang='lat' dir='ltr'><strong>videtur</strong></span> <span class='ocrx_word' id='word_1_29' title='bbox 343 817 497 900; x_wconf 83' lang='lat' dir='ltr'><strong>tentum),</strong></span> <span class='ocrx_word' id='word_1_30' title='bbox 536 815 621 890; x_wconf 79' lang='lat' dir='ltr'><strong>sed,</strong></span> <span class='ocrx_word' id='word_1_31' title='bbox 665 815 765 900; x_wconf 84' lang='lat' dir='ltr'><strong>quie.</strong></span> <span class='ocrx_word' id='word_1_32' title='bbox 820 815 901 880; x_wconf 78' lang='lat' dir='ltr'><strong>&#39;dum</strong></span> <span class='ocrx_word' id='word_1_33' title='bbox 933 819 1003 900; x_wconf 85' lang='lat' dir='ltr'><strong>post</strong></span> <span class='ocrx_word' id='word_1_34' title='bbox 1038 817 1145 884; x_wconf 81' lang='lat' dir='ltr'><strong>eadit</strong></span> <span class='ocrx_word' id='word_1_35' title='bbox 1183 819 1216 883; x_wconf 92' lang='lat' dir='ltr'><strong>in</strong></span> 
     </span>
     <span class='ocr_line' id='line_1_6' title="bbox 152 919 1218 1002; baseline 0.001 -13"><span class='ocrx_word' id='word_1_36' title='bbox 152 924 324 990; x_wconf 82' lang='lat' dir='ltr'><strong>Nazerieno</strong></span> <span class='ocrx_word' id='word_1_37' title='bbox 357 926 404 1002; x_wconf 90' lang='lat' dir='ltr'><strong>(et</strong></span> <span class='ocrx_word' id='word_1_38' title='bbox 431 919 690 1000; x_wconf 65' lang='lat' dir='ltr'><strong>emundentur:</strong></span> <span class='ocrx_word' id='word_1_39' title='bbox 727 920 960 987; x_wconf 82' lang='lat' dir='ltr'><strong>finitionem</strong></span> <span class='ocrx_word' id='word_1_40' title='bbox 988 921 1218 990; x_wconf 83' lang='lat' dir='ltr'><strong>continebat</strong></span> 
     </span>
     <span class='ocr_line' id='line_1_7' title="bbox 153 1027 1216 1112; baseline -0.002 -16"><span class='ocrx_word' id='word_1_41' title='bbox 153 1031 233 1108; x_wconf 79' lang='lat' dir='ltr'><strong>(Col.</strong></span> <span class='ocrx_word' id='word_1_42' title='bbox 274 1031 447 1107; x_wconf 84' lang='lat' dir='ltr'><strong>tenebut)</strong></span> <span class='ocrx_word' id='word_1_43' title='bbox 482 1029 519 1093; x_wconf 93' lang='lat' dir='ltr'><strong>in</strong></span> <span class='ocrx_word' id='word_1_44' title='bbox 551 1029 672 1111; x_wconf 78' lang='lat' dir='ltr'><strong>penis</strong></span> <span class='ocrx_word' id='word_1_45' title='bbox 712 1027 912 1112; x_wconf 76' lang='lat' dir='ltr'><strong>exigendis</strong></span> <span class='ocrx_word' id='word_1_46' title='bbox 945 1027 1216 1111; x_wconf 84' lang='lat' dir='ltr'><strong>intemperen-</strong></span> 
     </span>
     <span class='ocr_line' id='line_1_8' title="bbox 151 1131 1212 1217; baseline -0.002 -16"><span class='ocrx_word' id='word_1_47' title='bbox 151 1137 249 1202; x_wconf 80' lang='lat' dir='ltr'><strong>tiam</strong></span> <span class='ocrx_word' id='word_1_48' title='bbox 270 1135 403 1211; x_wconf 80' lang='lat' dir='ltr'><strong>enimi3</strong></span> <span class='ocrx_word' id='word_1_49' title='bbox 435 1131 647 1217; x_wconf 78' lang='lat' dir='ltr'><strong>interpolando</strong></span> <span class='ocrx_word' id='word_1_50' title='bbox 669 1133 809 1199; x_wconf 80' lang='lat' dir='ltr'><strong>additum</strong></span> <span class='ocrx_word' id='word_1_51' title='bbox 843 1134 891 1198; x_wconf 84' lang='lat' dir='ltr'><strong>eet</strong></span> <span class='ocrx_word' id='word_1_52' title='bbox 921 1151 1000 1217; x_wconf 82' lang='lat' dir='ltr'><strong>quae</strong></span> <span class='ocrx_word' id='word_1_53' title='bbox 1021 1136 1094 1199; x_wconf 83' lang='lat' dir='ltr'><strong>ente</strong></span> <span class='ocrx_word' id='word_1_54' title='bbox 1115 1132 1212 1199; x_wconf 85' lang='lat' dir='ltr'><strong>fini-</strong></span> 
     </span>
     <span class='ocr_line' id='line_1_9' title="bbox 152 1239 1218 1315; baseline 0 -9"><span class='ocrx_word' id='word_1_55' title='bbox 152 1242 316 1315; x_wconf 79' lang='lat' dir='ltr'><strong>tionem,</strong></span> <span class='ocrx_word' id='word_1_56' title='bbox 350 1242 416 1304; x_wconf 86' lang='lat' dir='ltr'><strong>tum</strong></span> <span class='ocrx_word' id='word_1_57' title='bbox 446 1239 479 1304; x_wconf 92' lang='lat' dir='ltr'><strong>in</strong></span> <span class='ocrx_word' id='word_1_58' title='bbox 508 1239 830 1305; x_wconf 80' lang='lat' dir='ltr'><strong>deterrimis-suetum</strong></span> <span class='ocrx_word' id='word_1_59' title='bbox 864 1239 1008 1305; x_wconf 85' lang='lat' dir='ltr'><strong>finitio.</strong></span> <span class='ocrx_word' id='word_1_60' title='bbox 1052 1239 1163 1306; x_wconf 81' lang='lat' dir='ltr'><strong>Subest</strong></span> <span class='ocrx_word' id='word_1_61' title='bbox 1184 1241 1218 1306; x_wconf 90' lang='lat' dir='ltr'><strong>et</strong></span> 
     </span>
     <span class='ocr_line' id='line_1_10' title="bbox 152 1343 1218 1430; baseline -0.002 -18"><span class='ocrx_word' id='word_1_62' title='bbox 152 1363 238 1430; x_wconf 86' lang='lat' dir='ltr'><strong>paene</strong></span> <span class='ocrx_word' id='word_1_63' title='bbox 259 1347 391 1412; x_wconf 89' lang='lat' dir='ltr'><strong>eminet:</strong></span> <span class='ocrx_word' id='word_1_64' title='bbox 416 1345 561 1430; x_wconf 79' lang='lat' dir='ltr'><strong>finitio</strong></span> <span class='ocrx_word' id='word_1_65' title='bbox 595 1344 690 1407; x_wconf 79' lang='lat' dir='ltr'><strong>enim</strong></span> <span class='ocrx_word' id='word_1_66' title='bbox 712 1344 949 1410; x_wconf 77' lang='lat' dir='ltr'><strong>continebat</strong></span> <span class='ocrx_word' id='word_1_67' title='bbox 969 1345 1027 1411; x_wconf 88' lang='lat' dir='ltr'><strong>eet</strong></span> <span class='ocrx_word' id='word_1_68' title='bbox 1072 1343 1218 1429; x_wconf 80' lang='lat' dir='ltr'><strong>Sequitur</strong></span> 
     </span>
     <span class='ocr_line' id='line_1_11' title="bbox 156 1449 1215 1536; baseline 0.001 -21"><span class='ocrx_word' id='word_1_69' title='bbox 156 1452 173 1536; x_wconf 70' lang='grc' dir='ltr'><strong>ς</strong></span> <span class='ocrx_word' id='word_1_70' title='bbox 196 1451 216 1515; x_wconf 87' lang='grc'><strong>3</strong></span> <span class='ocrx_word' id='word_1_71' title='bbox 238 1455 313 1519; x_wconf 81' lang='lat' dir='ltr'><strong>extr.</strong></span> <span class='ocrx_word' id='word_1_72' title='bbox 336 1453 370 1517; x_wconf 92' lang='lat' dir='ltr'><strong>iu</strong></span> <span class='ocrx_word' id='word_1_73' title='bbox 390 1449 575 1517; x_wconf 82' lang='lat' dir='ltr'><strong>Nunuriano:</strong></span> <span class='ocrx_word' id='word_1_74' title='bbox 630 1449 736 1515; x_wconf 81' lang='lat' dir='ltr'><strong>Hane</strong></span> <span class='ocrx_word' id='word_1_75' title='bbox 764 1450 1002 1528; x_wconf 77' lang='lat' dir='ltr'><strong>(crudelitatem,</strong></span> <span class='ocrx_word' id='word_1_76' title='bbox 1030 1449 1063 1516; x_wconf 91' lang='lat' dir='ltr'><strong>id</strong></span> <span class='ocrx_word' id='word_1_77' title='bbox 1085 1455 1142 1528; x_wconf 82' lang='lat' dir='ltr'><strong>eet,</strong></span> <span class='ocrx_word' id='word_1_78' title='bbox 1163 1451 1215 1516; x_wconf 91' lang='lat' dir='ltr'><strong>in-</strong></span> 
     </span>
     <span class='ocr_line' id='line_1_12' title="bbox 153 1555 1218 1641; baseline -0.002 -17"><span class='ocrx_word' id='word_1_79' title='bbox 153 1559 349 1624; x_wconf 80' lang='lat' dir='ltr'><strong>clinationem</strong></span> <span class='ocrx_word' id='word_1_80' title='bbox 383 1557 480 1622; x_wconf 77' lang='lat' dir='ltr'><strong>enimi</strong></span> <span class='ocrx_word' id='word_1_81' title='bbox 512 1557 552 1622; x_wconf 84' lang='lat' dir='ltr'><strong>ud</strong></span> <span class='ocrx_word' id='word_1_82' title='bbox 584 1557 751 1639; x_wconf 80' lang='lat' dir='ltr'><strong>asperiora)</strong></span> <span class='ocrx_word' id='word_1_83' title='bbox 778 1555 1026 1621; x_wconf 79' lang='lat' dir='ltr'><strong>elementiam</strong></span> <span class='ocrx_word' id='word_1_84' title='bbox 1053 1557 1218 1641; x_wconf 88' lang='lat' dir='ltr'><strong>repellit</strong></span> 
     </span>
     <span class='ocr_line' id='line_1_13' title="bbox 152 1661 1215 1752; baseline -0.001 -24"><span class='ocrx_word' id='word_1_85' title='bbox 152 1663 315 1748; x_wconf 83' lang='lat' dir='ltr'><strong>longius</strong></span> <span class='ocrx_word' id='word_1_86' title='bbox 348 1664 455 1730; x_wconf 77' lang='lat' dir='ltr'><strong>sture</strong></span> <span class='ocrx_word' id='word_1_87' title='bbox 487 1683 506 1729; x_wconf 80' lang='lat' dir='ltr'><strong>a</strong></span> <span class='ocrx_word' id='word_1_88' title='bbox 537 1681 584 1728; x_wconf 83' lang='lat' dir='ltr'><strong>eae</strong></span> <span class='ocrx_word' id='word_1_89' title='bbox 616 1679 703 1726; x_wconf 85' lang='lat' dir='ltr'><strong>nam</strong></span> <span class='ocrx_word' id='word_1_90' title='bbox 731 1661 991 1752; x_wconf 80' lang='lat' dir='ltr'><strong>severitatem</strong></span> <span class='ocrx_word' id='word_1_91' title='bbox 1018 1661 1093 1728; x_wconf 91' lang='lat' dir='ltr'><strong>ille</strong></span> <span class='ocrx_word' id='word_1_92' title='bbox 1123 1679 1215 1728; x_wconf 87' lang='lat' dir='ltr'><strong>eon·</strong></span> 
     </span>
     <span class='ocr_line' id='line_1_14' title="bbox 152 1767 1217 1854; baseline -0.003 -19"><span class='ocrx_word' id='word_1_93' title='bbox 152 1769 270 1835; x_wconf 85' lang='lat' dir='ltr'><strong>venit.</strong></span> <span class='ocrx_word' id='word_1_94' title='bbox 312 1770 468 1835; x_wconf 76' lang='lat' dir='ltr'><strong>diffluitur:</strong></span> <span class='ocrx_word' id='word_1_95' title='bbox 512 1768 622 1833; x_wconf 84' lang='lat' dir='ltr'><strong>Hune</strong></span> <span class='ocrx_word' id='word_1_96' title='bbox 653 1767 863 1833; x_wconf 76' lang='lat' dir='ltr'><strong>elementia</strong></span> <span class='ocrx_word' id='word_1_97' title='bbox 895 1767 1073 1850; x_wconf 86' lang='lat' dir='ltr'><strong>repellit,</strong></span> <span class='ocrx_word' id='word_1_98' title='bbox 1101 1767 1217 1854; x_wconf 84' lang='lat' dir='ltr'><strong>longe</strong></span> 
     </span>
     <span class='ocr_line' id='line_1_15' title="bbox 153 1871 1216 1950; baseline 0 -14"><span class='ocrx_word' id='word_1_99' title='bbox 153 1877 296 1937; x_wconf 70' lang='lat' dir='ltr'><strong>tuream</strong></span> <span class='ocrx_word' id='word_1_100' title='bbox 338 1875 396 1938; x_wconf 81' lang='lat' dir='ltr'><strong>ire</strong></span> <span class='ocrx_word' id='word_1_101' title='bbox 437 1891 533 1950; x_wconf 82' lang='lat' dir='ltr'><strong>uee;</strong></span> <span class='ocrx_word' id='word_1_102' title='bbox 571 1891 653 1935; x_wconf 79' lang='lat' dir='ltr'><strong>uum</strong></span> <span class='ocrx_word' id='word_1_103' title='bbox 680 1872 885 1936; x_wconf 73' lang='lat' dir='ltr'><strong>severitate</strong></span> <span class='ocrx_word' id='word_1_104' title='bbox 916 1871 983 1934; x_wconf 78' lang='lat' dir='ltr'><strong>itti</strong></span> <span class='ocrx_word' id='word_1_105' title='bbox 1024 1873 1216 1939; x_wconf 74' lang='lat' dir='ltr'><strong>convenit.</strong></span> 
     </span>
     <span class='ocr_line' id='line_1_16' title="bbox 152 1973 1218 2064; baseline -0.006 -18"><span class='ocrx_word' id='word_1_106' title='bbox 152 1981 187 2046; x_wconf 91' lang='lat' dir='ltr'><strong>In</strong></span> <span class='ocrx_word' id='word_1_107' title='bbox 213 1981 357 2046; x_wconf 81' lang='lat' dir='ltr'><strong>extremis</strong></span> <span class='ocrx_word' id='word_1_108' title='bbox 386 1998 446 2045; x_wconf 91' lang='lat' dir='ltr'><strong>non</strong></span> <span class='ocrx_word' id='word_1_109' title='bbox 467 1979 513 2045; x_wconf 85' lang='lat' dir='ltr'><strong>itu</strong></span> <span class='ocrx_word' id='word_1_110' title='bbox 533 1979 622 2062; x_wconf 85' lang='lat' dir='ltr'><strong>lunge</strong></span> <span class='ocrx_word' id='word_1_111' title='bbox 649 1995 761 2044; x_wconf 84' lang='lat' dir='ltr'><strong>uvero</strong></span> <span class='ocrx_word' id='word_1_112' title='bbox 789 1978 895 2044; x_wconf 85' lang='lat' dir='ltr'><strong>aberat</strong></span> <span class='ocrx_word' id='word_1_113' title='bbox 921 1973 1070 2057; x_wconf 78' lang='lat' dir='ltr'><strong>Huuuius3</strong></span> <span class='ocrx_word' id='word_1_114' title='bbox 1099 1975 1218 2064; x_wconf 76' lang='lat' dir='ltr'><strong>repellit</strong></span> 
     </span>
     <span class='ocr_line' id='line_1_17' title="bbox 153 2083 1214 2172; baseline -0.002 -22"><span class='ocrx_word' id='word_1_115' title='bbox 153 2085 242 2172; x_wconf 60' lang='lat' dir='ltr'><strong>mune</strong></span> <span class='ocrx_word' id='word_1_116' title='bbox 282 2087 397 2150; x_wconf 69' lang='grc' dir='ltr'><em>άὼιανι</em></span> <span class='ocrx_word' id='word_1_117' title='bbox 432 2085 551 2151; x_wconf 80' lang='lat' dir='ltr'><strong>nullum</strong></span> <span class='ocrx_word' id='word_1_118' title='bbox 588 2085 682 2151; x_wconf 85' lang='lat' dir='ltr'><strong>hebet</strong></span> <span class='ocrx_word' id='word_1_119' title='bbox 721 2084 855 2168; x_wconf 83' lang='lat' dir='ltr'><strong>speeiem</strong></span> <span class='ocrx_word' id='word_1_120' title='bbox 901 2085 1021 2150; x_wconf 81' lang='lat' dir='ltr'><strong>Letinae</strong></span> <span class='ocrx_word' id='word_1_121' title='bbox 1057 2083 1214 2150; x_wconf 78' lang='lat' dir='ltr'><strong>orationis.</strong></span> 
     </span>
     <span class='ocr_line' id='line_1_18' title="bbox 150 2189 1218 2276; baseline -0.004 -18"><span class='ocrx_word' id='word_1_122' title='bbox 150 2193 294 2276; x_wconf 77' lang='lat' dir='ltr'><strong>Explicet</strong></span> <span class='ocrx_word' id='word_1_123' title='bbox 343 2191 453 2257; x_wconf 90' lang='lat' dir='ltr'><strong>deinde</strong></span> <span class='ocrx_word' id='word_1_124' title='bbox 503 2190 635 2270; x_wconf 80' lang='lat' dir='ltr'><strong>Seueee,</strong></span> <span class='ocrx_word' id='word_1_125' title='bbox 684 2194 814 2259; x_wconf 81' lang='lat' dir='ltr'><strong>uirtutes</strong></span> <span class='ocrx_word' id='word_1_126' title='bbox 865 2193 897 2256; x_wconf 89' lang='lat' dir='ltr'><strong>et</strong></span> <span class='ocrx_word' id='word_1_127' title='bbox 946 2189 1142 2256; x_wconf 79' lang='lat' dir='ltr'><strong>elementiam</strong></span> <span class='ocrx_word' id='word_1_128' title='bbox 1185 2191 1218 2254; x_wconf 89' lang='lat' dir='ltr'><strong>et</strong></span> 
     </span>
     <span class='ocr_line' id='line_1_19' title="bbox 154 2292 1111 2372; baseline -0.003 -8"><span class='ocrx_word' id='word_1_129' title='bbox 154 2299 352 2365; x_wconf 75' lang='lat' dir='ltr'><strong>seueritatem</strong></span> <span class='ocrx_word' id='word_1_130' title='bbox 374 2300 450 2372; x_wconf 81' lang='lat' dir='ltr'><strong>eise,</strong></span> <span class='ocrx_word' id='word_1_131' title='bbox 472 2297 550 2363; x_wconf 81' lang='lat' dir='ltr'><strong>vitiu</strong></span> <span class='ocrx_word' id='word_1_132' title='bbox 571 2292 786 2361; x_wconf 82' lang='lat' dir='ltr'><strong>crudelitatem</strong></span> <span class='ocrx_word' id='word_1_133' title='bbox 807 2299 839 2362; x_wconf 90' lang='lat' dir='ltr'><strong>et</strong></span> <span class='ocrx_word' id='word_1_134' title='bbox 860 2297 1111 2362; x_wconf 76' lang='lat' dir='ltr'><strong>miserieordiam.</strong></span> 
     </span>
    </p>

    <p class='ocr_par' dir='ltr' id='par_1_3' title="bbox 79 2399 1217 4180">
     <span class='ocr_line' id='line_1_20' title="bbox 254 2399 1217 2485; baseline -0.002 -15"><span class='ocrx_word' id='word_1_135' title='bbox 254 2403 321 2470; x_wconf 85' lang='lat' dir='ltr'><strong>lbd.</strong></span> <span class='ocrx_word' id='word_1_136' title='bbox 349 2403 385 2485; x_wconf 83' lang='lat'><strong>5,</strong></span> <span class='ocrx_word' id='word_1_137' title='bbox 418 2403 454 2468; x_wconf 87' lang='lat'><strong>3:</strong></span> <span class='ocrx_word' id='word_1_138' title='bbox 505 2399 614 2481; x_wconf 83' lang='lat' dir='ltr'><strong>Quod</strong></span> <span class='ocrx_word' id='word_1_139' title='bbox 647 2402 682 2466; x_wconf 86' lang='lat' dir='ltr'><strong>ei</strong></span> <span class='ocrx_word' id='word_1_140' title='bbox 713 2405 772 2467; x_wconf 86' lang='lat' dir='ltr'><strong>est</strong></span> <span class='ocrx_word' id='word_1_141' title='bbox 799 2403 846 2480; x_wconf 88' lang='lat' dir='ltr'><strong>(ut</strong></span> <span class='ocrx_word' id='word_1_142' title='bbox 880 2401 1052 2468; x_wconf 76' lang='lat' dir='ltr'><strong>Stoicorum</strong></span> <span class='ocrx_word' id='word_1_143' title='bbox 1085 2402 1217 2468; x_wconf 79' lang='lat' dir='ltr'><strong>decretis</strong></span> 
     </span>
     <span class='ocr_line' id='line_1_21' title="bbox 154 2505 1216 2592; baseline -0.005 -15"><span class='ocrx_word' id='word_1_144' title='bbox 154 2510 260 2578; x_wconf 77' lang='lat' dir='ltr'><strong>omniu</strong></span> <span class='ocrx_word' id='word_1_145' title='bbox 293 2510 405 2576; x_wconf 79' lang='lat' dir='ltr'><strong>deliete</strong></span> <span class='ocrx_word' id='word_1_146' title='bbox 431 2506 470 2574; x_wconf 85' lang='lat' dir='ltr'><strong>ud</strong></span> <span class='ocrx_word' id='word_1_147' title='bbox 496 2525 618 2592; x_wconf 79' lang='lat' dir='ltr'><strong>punem</strong></span> <span class='ocrx_word' id='word_1_148' title='bbox 651 2505 718 2572; x_wconf 83' lang='lat' dir='ltr'><strong>eine</strong></span> <span class='ocrx_word' id='word_1_149' title='bbox 744 2525 798 2590; x_wconf 86' lang='lat' dir='ltr'><strong>spe</strong></span> <span class='ocrx_word' id='word_1_150' title='bbox 829 2506 1048 2589; x_wconf 72' lang='lat' dir='ltr'><strong>deducuntur),</strong></span> <span class='ocrx_word' id='word_1_151' title='bbox 1081 2507 1216 2591; x_wconf 89' lang='lat' dir='ltr'><strong>quidni</strong></span> 
     </span>
     <span class='ocr_line' id='line_1_22' title="bbox 153 2611 1216 2697; baseline -0.003 -16"><span class='ocrx_word' id='word_1_152' title='bbox 153 2617 235 2681; x_wconf 77' lang='lat' dir='ltr'><strong>nee</strong></span> <span class='ocrx_word' id='word_1_153' title='bbox 291 2615 478 2690; x_wconf 81' lang='lat' dir='ltr'><strong>seientia,</strong></span> <span class='ocrx_word' id='word_1_154' title='bbox 538 2631 616 2697; x_wconf 80' lang='lat' dir='ltr'><strong>qum</strong></span> <span class='ocrx_word' id='word_1_155' title='bbox 669 2611 873 2678; x_wconf 78' lang='lat' dir='ltr'><strong>detinuere</strong></span> <span class='ocrx_word' id='word_1_156' title='bbox 926 2612 1216 2678; x_wconf 79' lang='lat' dir='ltr'><strong>humanitatem</strong></span> 
     </span>
     <span class='ocr_line' id='line_1_23' title="bbox 153 2717 1216 2805; baseline -0.003 -19"><span class='ocrx_word' id='word_1_157' title='bbox 153 2721 266 2787; x_wconf 82' lang='lat' dir='ltr'><strong>iubet</strong></span> <span class='ocrx_word' id='word_1_158' title='bbox 300 2722 532 2805; x_wconf 87' lang='lat' dir='ltr'><strong>portumque</strong></span> <span class='ocrx_word' id='word_1_159' title='bbox 572 2717 759 2786; x_wconf 76' lang='lat' dir='ltr'><strong>adversus</strong></span> <span class='ocrx_word' id='word_1_160' title='bbox 801 2719 1000 2785; x_wconf 82' lang='lat' dir='ltr'><strong>fortunam</strong></span> <span class='ocrx_word' id='word_1_161' title='bbox 1031 2717 1216 2783; x_wconf 84' lang='lat' dir='ltr'><strong>uertiesi·</strong></span> 
     </span>
     <span class='ocr_line' id='line_1_24' title="bbox 153 2823 1215 2908; baseline -0.005 -16"><span class='ocrx_word' id='word_1_162' title='bbox 153 2843 253 2892; x_wconf 91' lang='lat' dir='ltr'><strong>mum</strong></span> <span class='ocrx_word' id='word_1_163' title='bbox 282 2828 413 2892; x_wconf 89' lang='lat' dir='ltr'><strong>mutuo</strong></span> <span class='ocrx_word' id='word_1_164' title='bbox 445 2825 594 2892; x_wconf 76' lang='lat' dir='ltr'><strong>anxilio</strong></span> <span class='ocrx_word' id='word_1_165' title='bbox 623 2824 756 2889; x_wconf 86' lang='lat' dir='ltr'><strong>eludit.</strong></span> <span class='ocrx_word' id='word_1_166' title='bbox 806 2825 901 2890; x_wconf 86' lang='lat' dir='ltr'><strong>Reete</strong></span> <span class='ocrx_word' id='word_1_167' title='bbox 923 2824 1081 2903; x_wconf 82' lang='lat' dir='ltr'><strong>uiderunt,</strong></span> <span class='ocrx_word' id='word_1_168' title='bbox 1109 2823 1215 2908; x_wconf 88' lang='lat' dir='ltr'><strong>quiin</strong></span> 
     </span>
     <span class='ocr_line' id='line_1_25' title="bbox 154 2928 1215 3014; baseline -0.004 -16"><span class='ocrx_word' id='word_1_169' title='bbox 154 2933 327 2998; x_wconf 77' lang='lat' dir='ltr'><strong>seientia</strong></span> <span class='ocrx_word' id='word_1_170' title='bbox 359 2931 506 2996; x_wconf 87' lang='lat' dir='ltr'><strong>mendum</strong></span> <span class='ocrx_word' id='word_1_171' title='bbox 534 2948 602 2996; x_wconf 83' lang='lat' dir='ltr'><strong>esse</strong></span> <span class='ocrx_word' id='word_1_172' title='bbox 627 2931 789 3013; x_wconf 73' lang='lat' dir='ltr'><strong>putarunt3</strong></span> <span class='ocrx_word' id='word_1_173' title='bbox 815 2948 916 3014; x_wconf 90' lang='lat' dir='ltr'><strong>neque</strong></span> <span class='ocrx_word' id='word_1_174' title='bbox 940 2931 1021 2995; x_wconf 88' lang='lat' dir='ltr'><strong>enim</strong></span> <span class='ocrx_word' id='word_1_175' title='bbox 1044 2928 1215 2996; x_wconf 79' lang='lat' dir='ltr'><strong>Stoicorum</strong></span> 
     </span>
     <span class='ocr_line' id='line_1_26' title="bbox 79 3035 1216 3121; baseline -0.003 -18"><span class='ocrx_word' id='word_1_176' title='bbox 79 3053 82 3060; x_wconf 87' lang='lat'>·</span> <span class='ocrx_word' id='word_1_177' title='bbox 153 3037 278 3103; x_wconf 74' lang='lat' dir='ltr'><strong>deerete</strong></span> <span class='ocrx_word' id='word_1_178' title='bbox 299 3037 443 3120; x_wconf 76' lang='lat' dir='ltr'><strong>(propria,</strong></span> <span class='ocrx_word' id='word_1_179' title='bbox 466 3037 576 3121; x_wconf 83' lang='lat' dir='ltr'><strong>quibus</strong></span> <span class='ocrx_word' id='word_1_180' title='bbox 598 3055 617 3102; x_wconf 83' lang='lat' dir='ltr'><strong>a</strong></span> <span class='ocrx_word' id='word_1_181' title='bbox 637 3036 745 3103; x_wconf 76' lang='lat' dir='ltr'><strong>ueteris</strong></span> <span class='ocrx_word' id='word_1_182' title='bbox 767 3035 926 3114; x_wconf 81' lang='lat' dir='ltr'><strong>differunt)</strong></span> <span class='ocrx_word' id='word_1_183' title='bbox 948 3036 1058 3101; x_wconf 80' lang='lat' dir='ltr'><strong>Latine</strong></span> <span class='ocrx_word' id='word_1_184' title='bbox 1079 3035 1216 3102; x_wconf 79' lang='lat' dir='ltr'><strong>seientiee</strong></span> 
     </span>
     <span class='ocr_line' id='line_1_27' title="bbox 153 3141 1216 3225; baseline -0.001 -18"><span class='ocrx_word' id='word_1_185' title='bbox 153 3142 278 3208; x_wconf 86' lang='lat' dir='ltr'><strong>numine</strong></span> <span class='ocrx_word' id='word_1_186' title='bbox 309 3141 457 3224; x_wconf 73' lang='lat' dir='ltr'><strong>appellari</strong></span> <span class='ocrx_word' id='word_1_187' title='bbox 487 3146 624 3225; x_wconf 83' lang='lat' dir='ltr'><strong>possunt.</strong></span> <span class='ocrx_word' id='word_1_188' title='bbox 678 3141 895 3208; x_wconf 84' lang='lat' dir='ltr'><strong>Suribendum:</strong></span> <span class='ocrx_word' id='word_1_189' title='bbox 951 3141 1094 3222; x_wconf 80' lang='lat' dir='ltr'><strong>Quidni</strong></span> <span class='ocrx_word' id='word_1_190' title='bbox 1136 3142 1216 3206; x_wconf 85' lang='lat' dir='ltr'><strong>heeu</strong></span> 
     </span>
     <span class='ocr_line' id='line_1_28' title="bbox 153 3245 1217 3332; baseline -0.001 -20"><span class='ocrx_word' id='word_1_191' title='bbox 153 3248 426 3322; x_wconf 62' lang='lat' dir='ltr'><strong>sentententia,</strong></span> <span class='ocrx_word' id='word_1_192' title='bbox 448 3265 525 3332; x_wconf 78' lang='lat' dir='ltr'><strong>quae</strong></span> <span class='ocrx_word' id='word_1_193' title='bbox 546 3251 621 3324; x_wconf 84' lang='lat' dir='ltr'><strong>eet,</strong></span> <span class='ocrx_word' id='word_1_194' title='bbox 650 3250 709 3316; x_wconf 87' lang='lat' dir='ltr'><strong>hue</strong></span> <span class='ocrx_word' id='word_1_195' title='bbox 732 3251 795 3314; x_wconf 84' lang='lat' dir='ltr'><strong>est:</strong></span> <span class='ocrx_word' id='word_1_196' title='bbox 828 3247 1036 3313; x_wconf 77' lang='lat' dir='ltr'><strong>confitendum</strong></span> <span class='ocrx_word' id='word_1_197' title='bbox 1057 3247 1115 3325; x_wconf 80' lang='lat' dir='ltr'><strong>eet,</strong></span> <span class='ocrx_word' id='word_1_198' title='bbox 1137 3245 1217 3311; x_wconf 85' lang='lat' dir='ltr'><strong>hene</strong></span> 
     </span>
     <span class='ocr_line' id='line_1_29' title="bbox 154 3351 1215 3438; baseline -0.003 -18"><span class='ocrx_word' id='word_1_199' title='bbox 154 3372 223 3420; x_wconf 83' lang='lat' dir='ltr'><strong>esse</strong></span> <span class='ocrx_word' id='word_1_200' title='bbox 254 3353 449 3432; x_wconf 77' lang='lat' dir='ltr'><strong>sententium,</strong></span> <span class='ocrx_word' id='word_1_201' title='bbox 481 3372 549 3436; x_wconf 84' lang='lat' dir='ltr'><strong>quee</strong></span> <span class='ocrx_word' id='word_1_202' title='bbox 581 3357 639 3421; x_wconf 90' lang='lat' dir='ltr'><strong>eet.</strong></span> <span class='ocrx_word' id='word_1_203' title='bbox 694 3355 753 3433; x_wconf 89' lang='lat' dir='ltr'><strong>(De</strong></span> <span class='ocrx_word' id='word_1_204' title='bbox 786 3353 921 3438; x_wconf 92' lang='lat' dir='ltr'><strong>quidni</strong></span> <span class='ocrx_word' id='word_1_205' title='bbox 952 3353 1013 3419; x_wconf 88' lang='lat' dir='ltr'><strong>vid.</strong></span> <span class='ocrx_word' id='word_1_206' title='bbox 1046 3351 1086 3419; x_wconf 86' lang='lat' dir='ltr'><strong>ud</strong></span> <span class='ocrx_word' id='word_1_207' title='bbox 1118 3351 1215 3418; x_wconf 83' lang='lat' dir='ltr'><strong>lide</strong></span> 
     </span>
     <span class='ocr_line' id='line_1_30' title="bbox 152 3457 1214 3543; baseline -0.005 -16"><span class='ocrx_word' id='word_1_208' title='bbox 152 3460 252 3527; x_wconf 85' lang='lat' dir='ltr'><strong>benef.</strong></span> <span class='ocrx_word' id='word_1_209' title='bbox 276 3459 325 3535; x_wconf 83' lang='lat'><strong>10,</strong></span> <span class='ocrx_word' id='word_1_210' title='bbox 346 3457 377 3526; x_wconf 82' lang='lat'><strong>4.</strong></span> <span class='ocrx_word' id='word_1_211' title='bbox 419 3459 512 3542; x_wconf 79' lang='lat' dir='ltr'><strong>Apud</strong></span> <span class='ocrx_word' id='word_1_212' title='bbox 533 3458 710 3526; x_wconf 69' lang='lat' dir='ltr'><strong>Ciceronem</strong></span> <span class='ocrx_word' id='word_1_213' title='bbox 742 3461 921 3542; x_wconf 81' lang='lat' dir='ltr'><strong>veteresque</strong></span> <span class='ocrx_word' id='word_1_214' title='bbox 954 3459 1041 3543; x_wconf 84' lang='lat' dir='ltr'><strong>sequi</strong></span> <span class='ocrx_word' id='word_1_215' title='bbox 1067 3458 1214 3524; x_wconf 80' lang='lat' dir='ltr'><strong>debebat:</strong></span> 
     </span>
     <span class='ocr_line' id='line_1_31' title="bbox 154 3564 1214 3654; baseline -0.002 -24"><span class='ocrx_word' id='word_1_216' title='bbox 154 3587 222 3654; x_wconf 82' lang='lat' dir='ltr'><strong>quoe</strong></span> <span class='ocrx_word' id='word_1_217' title='bbox 242 3566 343 3629; x_wconf 79' lang='lat' dir='ltr'><strong>iubeat</strong></span> <span class='ocrx_word' id='word_1_218' title='bbox 451 3565 561 3630; x_wconf 74' lang='lat' dir='ltr'><strong>eludat.</strong></span> <span class='ocrx_word' id='word_1_219' title='bbox 604 3565 683 3630; x_wconf 80' lang='lat' dir='ltr'><strong>Eam</strong></span> <span class='ocrx_word' id='word_1_220' title='bbox 705 3564 806 3649; x_wconf 85' lang='lat' dir='ltr'><strong>legem</strong></span> <span class='ocrx_word' id='word_1_221' title='bbox 828 3565 971 3631; x_wconf 84' lang='lat' dir='ltr'><strong>lieentius</strong></span> <span class='ocrx_word' id='word_1_222' title='bbox 994 3565 1099 3642; x_wconf 78' lang='lat' dir='ltr'><strong>etiem,</strong></span> <span class='ocrx_word' id='word_1_223' title='bbox 1120 3583 1214 3648; x_wconf 87' lang='lat' dir='ltr'><strong>quum</strong></span> 
     </span>
     <span class='ocr_line' id='line_1_32' title="bbox 154 3669 1214 3756; baseline -0.004 -16"><span class='ocrx_word' id='word_1_224' title='bbox 154 3673 249 3740; x_wconf 81' lang='lat' dir='ltr'><strong>ueteri</strong></span> <span class='ocrx_word' id='word_1_225' title='bbox 291 3671 382 3736; x_wconf 87' lang='lat' dir='ltr'><strong>huius</strong></span> <span class='ocrx_word' id='word_1_226' title='bbox 415 3672 526 3749; x_wconf 71' lang='lat' dir='ltr'><strong>etatis,</strong></span> <span class='ocrx_word' id='word_1_227' title='bbox 547 3669 666 3737; x_wconf 76' lang='lat' dir='ltr'><strong>Seneca</strong></span> <span class='ocrx_word' id='word_1_228' title='bbox 696 3671 844 3756; x_wconf 82' lang='lat' dir='ltr'><strong>negligit3</strong></span> <span class='ocrx_word' id='word_1_229' title='bbox 887 3687 985 3753; x_wconf 79' lang='lat' dir='ltr'><strong>peuce</strong></span> <span class='ocrx_word' id='word_1_230' title='bbox 1019 3691 1055 3737; x_wconf 85' lang='lat' dir='ltr'><strong>ex</strong></span> <span class='ocrx_word' id='word_1_231' title='bbox 1086 3670 1214 3736; x_wconf 84' lang='lat' dir='ltr'><strong>infinitis</strong></span> 
     </span>
     <span class='ocr_line' id='line_1_33' title="bbox 154 3774 1211 3862; baseline -0.008 -17"><span class='ocrx_word' id='word_1_232' title='bbox 154 3777 294 3862; x_wconf 83' lang='lat' dir='ltr'><strong>exempla</strong></span> <span class='ocrx_word' id='word_1_233' title='bbox 314 3795 441 3860; x_wconf 85' lang='lat' dir='ltr'><strong>ponem:</strong></span> <span class='ocrx_word' id='word_1_234' title='bbox 477 3776 514 3842; x_wconf 88' lang='lat' dir='ltr'><strong>de</strong></span> <span class='ocrx_word' id='word_1_235' title='bbox 541 3776 596 3842; x_wconf 87' lang='lat' dir='ltr'><strong>uit.</strong></span> <span class='ocrx_word' id='word_1_236' title='bbox 618 3777 700 3843; x_wconf 81' lang='lat' dir='ltr'><strong>beet.</strong></span> <span class='ocrx_word' id='word_1_237' title='bbox 725 3776 780 3852; x_wconf 90' lang='grc'>10,</span> <span class='ocrx_word' id='word_1_238' title='bbox 810 3777 826 3838; x_wconf 94' lang='lat'>1</span> <span class='ocrx_word' id='word_1_239' title='bbox 851 3779 882 3841; x_wconf 91' lang='lat' dir='ltr'><strong>et</strong></span> <span class='ocrx_word' id='word_1_240' title='bbox 907 3777 963 3855; x_wconf 84' lang='lat'><strong>19,</strong></span> <span class='ocrx_word' id='word_1_241' title='bbox 986 3775 1020 3854; x_wconf 76' lang='lat'><strong>33</strong></span> <span class='ocrx_word' id='word_1_242' title='bbox 1053 3774 1092 3841; x_wconf 89' lang='lat' dir='ltr'><strong>de</strong></span> <span class='ocrx_word' id='word_1_243' title='bbox 1112 3774 1211 3840; x_wconf 87' lang='lat' dir='ltr'><strong>benef.</strong></span> 
     </span>
     <span class='ocr_line' id='line_1_34' title="bbox 151 3879 1215 3966; baseline -0.008 -14"><span class='ocrx_word' id='word_1_244' title='bbox 151 3887 210 3960; x_wconf 87' lang='lat'>111,</span> <span class='ocrx_word' id='word_1_245' title='bbox 234 3885 283 3959; x_wconf 81' lang='lat'><strong>23,</strong></span> <span class='ocrx_word' id='word_1_246' title='bbox 307 3882 395 3958; x_wconf 76' lang='lat' dir='ltr'><strong>nete,</strong></span> <span class='ocrx_word' id='word_1_247' title='bbox 418 3883 472 3963; x_wconf 86' lang='lat' dir='ltr'><strong>VI,</strong></span> <span class='ocrx_word' id='word_1_248' title='bbox 495 3882 593 3962; x_wconf 74' lang='grc'>21,4,</span> <span class='ocrx_word' id='word_1_249' title='bbox 615 3881 926 3966; x_wconf 77' lang='lat' dir='ltr'><strong>quaeettnutt.L3‚</strong></span> <span class='ocrx_word' id='word_1_250' title='bbox 947 3881 976 3958; x_wconf 84' lang='lat'><strong>3,</strong></span> <span class='ocrx_word' id='word_1_251' title='bbox 999 3881 1040 3957; x_wconf 91' lang='grc' dir='ltr'><strong>ΙΙ,</strong></span> <span class='ocrx_word' id='word_1_252' title='bbox 1063 3880 1113 3955; x_wconf 66' lang='grc'>26,</span> <span class='ocrx_word' id='word_1_253' title='bbox 1139 3879 1159 3942; x_wconf 93' lang='grc'>8</span> <span class='ocrx_word' id='word_1_254' title='bbox 1182 3881 1215 3944; x_wconf 86' lang='lat' dir='ltr'><strong>et</strong></span> 
     </span>
     <span class='ocr_line' id='line_1_35' title="bbox 152 3986 1213 4073; baseline -0.007 -18"><span class='ocrx_word' id='word_1_255' title='bbox 152 3992 187 4068; x_wconf 78' lang='lat'><strong>93</strong></span> <span class='ocrx_word' id='word_1_256' title='bbox 231 3990 272 4053; x_wconf 82' lang='grc'><strong>47</strong></span> <span class='ocrx_word' id='word_1_257' title='bbox 294 3989 378 4064; x_wconf 69' lang='lat' dir='ltr'><strong>init,</strong></span> <span class='ocrx_word' id='word_1_258' title='bbox 412 3989 470 4066; x_wconf 75' lang='lat'><strong>493</strong></span> <span class='ocrx_word' id='word_1_259' title='bbox 502 3989 598 4073; x_wconf 67' lang='lat' dir='ltr'><strong>epist·</strong></span> <span class='ocrx_word' id='word_1_260' title='bbox 613 3989 664 4068; x_wconf 82' lang='grc'>30,</span> <span class='ocrx_word' id='word_1_261' title='bbox 687 3990 754 4066; x_wconf 52' lang='lat'><strong>,113</strong></span> <span class='ocrx_word' id='word_1_262' title='bbox 783 3987 875 4063; x_wconf 66' lang='grc' dir='ltr'><strong>ΒΜ</strong></span> <span class='ocrx_word' id='word_1_263' title='bbox 904 3993 936 4054; x_wconf 85' lang='lat' dir='ltr'><strong>et</strong></span> <span class='ocrx_word' id='word_1_264' title='bbox 960 3986 1067 4063; x_wconf 62' lang='lat'>3365,</span> <span class='ocrx_word' id='word_1_265' title='bbox 1090 3986 1126 4064; x_wconf 72' lang='grc' dir='ltr'><strong>ὃς</strong></span> <span class='ocrx_word' id='word_1_266' title='bbox 1160 3987 1213 4065; x_wconf 82' lang='grc' dir='ltr'>Π,</span> 
     </span>
     <span class='ocr_line' id='line_1_36' title="bbox 152 4092 1213 4180; baseline -0.004 -19"><span class='ocrx_word' id='word_1_267' title='bbox 152 4097 209 4173; x_wconf 78' lang='lat'><strong>25;</strong></span> <span class='ocrx_word' id='word_1_268' title='bbox 246 4095 316 4174; x_wconf 90' lang='lat'>108,</span> <span class='ocrx_word' id='word_1_269' title='bbox 351 4095 397 4159; x_wconf 88' lang='lat'><strong>30.</strong></span> <span class='ocrx_word' id='word_1_270' title='bbox 424 4101 538 4177; x_wconf 86' lang='lat' dir='ltr'><strong>(esee,</strong></span> <span class='ocrx_word' id='word_1_271' title='bbox 570 4113 727 4180; x_wconf 87' lang='lat' dir='ltr'><strong>quorum</strong></span> <span class='ocrx_word' id='word_1_272' title='bbox 854 4093 994 4171; x_wconf 81' lang='lat' dir='ltr'><strong>hebet).</strong></span> <span class='ocrx_word' id='word_1_273' title='bbox 1041 4092 1100 4158; x_wconf 82' lang='lat' dir='ltr'><strong>Sed</strong></span> <span class='ocrx_word' id='word_1_274' title='bbox 1130 4095 1213 4158; x_wconf 86' lang='lat' dir='ltr'><strong>reete</strong></span> 
     </span>
    </p>
   </div>
   <div class='ocr_carea' id='block_1_3' title="bbox 0 0 1490 4648">
    <p class='ocr_par' dir='ltr' id='par_1_4' title="bbox 0 0 1490 4648">
     <span class='ocr_line' id='line_1_37' title="bbox 0 0 1490 4648; baseline 0 0"><span class='ocrx_word' id='word_1_275' title='bbox 0 0 1490 4648; x_wconf 95' lang='lat' dir='ltr'><strong> </strong></span> 
     </span>
    </p>
   </div>
  </div>
 </body>
</html>
