2956 4648
611 257 641 324 Q.
662 257 779 314 Curtius.
1129 234 1189 324 531

168 435 479 522 custodientium
514 454 647 537 lapsus
688 454 761 537 (ser.
798 453 968 538 elapsus)
1001 457 1233 528 Damascum

167 563 257 627 ante
278 562 404 627 lucem
426 559 566 624 intrat.
609 557 720 644 Neque
744 579 799 626 our
819 561 937 639 Marde,
960 562 1012 646 qui
1032 564 1148 640 eadem,
1173 586 1233 651 qua

166 669 301 743 venerat,
333 667 384 733 via
405 666 444 730 ad
467 685 547 740 oum,
581 683 600 730 a
622 685 681 750 quo
704 665 818 732 missus
841 670 916 743 erat,
947 669 1079 748 redibat,
1102 673 1232 738 comites

166 774 328 850 addantur,
349 773 549 856 intelligitur,
576 789 675 855 neque
697 789 752 836 cur
773 770 900 838 Mardus
924 775 1106 840 emanibus
1129 779 1232 844 eusto-

165 879 327 954 dientium,
361 879 412 962 qui
429 879 623 972 ‚Damascum
658 895 729 942 eum
758 877 920 956 ducebant,
954 879 1076 962 elapsus
1113 883 1231 948 Dama-

168 1002 254 1048 scum
275 987 380 1050 tamen
402 985 473 1047 ante
495 983 596 1048 lucem
617 983 720 1047 intret.
753 980 866 1050 Contra
886 983 1062 1052 Alexander
1083 987 1121 1052 de
1142 991 1230 1056 tanta

164 1108 197 1154 re
219 1090 323 1164 oblata
352 1090 385 1153 et
413 1090 452 1153 de
484 1087 666 1172 litterisad
694 1087 797 1170 ipsum
824 1089 939 1168 missis,
973 1090 1026 1156 sed
1053 1092 1188 1174 primum
1211 1115 1230 1162 a

165 1196 366 1261 Parmenione
398 1196 508 1272 lectis,
549 1194 720 1272 necessario
761 1195 874 1262 certior
907 1199 973 1262 erat
1006 1195 1164 1265 faciendus
1199 1203 1232 1266 et

164 1303 290 1368 nuntius
320 1302 358 1366 ad
390 1305 460 1366 eum
489 1300 711 1383 perducendus.
765 1301 877 1384 ¹Itaque
903 1299 1044 1384 Curtium
1068 1305 1243 1390 scripsisse

164 1407 284 1490 opinor:
314 1407 491 1472 Mardum
515 1407 621 1472 datis
644 1407 857 1472 comitibus
879 1407 925 1472 ad
953 1427 1072 1491 repom
1094 1411 1226 1491 mittit,
1251 1399 1255 1410 “

164 1533 234 1578 oum
268 1514 373 1578 autem
406 1513 586 1594 paenultima
621 1531 677 1576 vox
709 1513 850 1578 truncata
882 1531 953 1576 oum
993 1515 1124 1580 mittit
1156 1535 1229 1584 coa-

162 1620 272 1684 luisset
294 1617 508 1700 (remittit),
530 1617 670 1682 additum
695 1636 762 1682 osse
783 1617 1029 1698 proditorem
1051 1620 1107 1700 (ad
1141 1641 1228 1704 pro-

149 1707 335 1788 ditorem
367 1723 567 1800 remittit).
619 1721 661 1796 Si,
693 1723 729 1786 nt
760 1722 792 1786 in
819 1722 972 1790 codicibus
1009 1727 1072 1803 est,
1102 1725 1226 1794 Curtius

165 1829 297 1911 scripsit,
321 1829 401 1894 male
417 1847 498 1902 enm,
520 1828 598 1910 quod
620 1827 755 1912 legisset,
778 1827 963 1898 intellexisse
984 1832 1066 1912 puto.

262 1935 329 1999 Lib.
351 1936 404 2014 IV,
429 1935 468 1998 12
491 1936 532 2012 (3,
569 1934 616 2012 4):
646 1934 817 2016 lamque
849 1953 921 1999 non
948 1936 1058 2003 modo
1088 1937 1226 2004 Mace-

163 2040 475 2117 donumturres,
511 2038 717 2106 sedetiam
751 2059 900 2105 summa
930 2042 1114 2108 tabulata
1136 2063 1226 2110 con·
1338 2033 1339 2037 ¹

162 2147 350 2228 ceperant
391 2147 529 2230 ignem.
587 2144 658 2210 Non
697 2148 825 2228 possunt
856 2147 921 2212 haeo
956 2149 1109 2216 contraria
1143 2152 1225 2232 poni,

162 2252 306 2334 qnoniam
340 2270 461 2316 summa
487 2251 627 2316 tabulata
660 2251 795 2334 ipsarum
831 2252 962 2319 turrium
990 2256 1071 2320 sunt.
1128 2253 1226 2321 Sorib.
1347 2270 1353 2283 ·

160 2357 319 2439 Iamque
349 2376 419 2422 non
441 2356 549 2422 modo
576 2359 661 2418 imoe
681 2356 942 2422 Macedonum
963 2360 1113 2438 turres,
1147 2380 1170 2426 s.
1195 2381 1222 2428 e.

160 2483 184 2528 s.
206 2465 228 2528 t.
252 2482 278 2527 e.
300 2464 442 2548 ignem.
480 2461 602 2527 Excidit
621 2462 705 2526 imae
727 2462 799 2526 ante
821 2481 889 2527 ma.

260 2568 327 2634 Ibd.
345 2567 385 2630 35
398 2569 441 2646 (9,
454 2568 504 2645 dl:
527 2566 973 2651 BactrianiSopthaeque
988 2569 1125 2635 etlndi
1140 2590 1225 2636 con·

159 2676 368 2750 venerant;
390 2691 473 2739 nam
501 2676 537 2738 et
559 2675 777 2738 ceterarum
795 2674 974 2756 gentium
997 2675 1116 2757 copiae
1142 2694 1226 2758 par-

159 2779 269 2845 tibus
292 2779 410 2844 simul
437 2778 656 2844 affuerunt.
680 2775 776 2844 Scrib.
798 2779 1165 2859 convenerantium,
1188 2784 1225 2846 et

160 2888 374 2951 ceterarum
389 2885 561 2970 gentium
576 2885 696 2967 oopiae
711 2886 769 2948 oet.
793 2883 959 2952 Neclatuit
970 2885 1027 2948 hoc
1038 2883 1224 2952 Acidalium.

260 2991 326 3056 Ibd.
348 2990 389 3055 38
412 2992 453 3072 (9,
477 2991 531 3070 23)
563 2992 715 3074 perpetuae
737 2988 905 3054 Alexandri
931 2990 1072 3071 fortunae,
1107 3011 1175 3075 quse
1197 2993 1226 3056 ei

160 3097 193 3162 in
229 3098 359 3162 summis
398 3097 631 3162 difficultatibus
665 3097 778 3178 praesto
819 3096 894 3172 fuit,
932 3097 1080 3179 exemplis
1115 3098 1225 3180 positis

159 3203 282 3268 Curtius
310 3203 413 3281 addit,
441 3204 468 3268 si
499 3204 605 3268 scribis
634 3203 800 3268 credimus:
842 3200 1024 3268 Audacia
1057 3222 1224 3287 quoque,

159 3327 234 3391 qua
265 3309 432 3375 maxime
464 3310 606 3393 viguit,
644 3309 749 3373 ratic
784 3307 911 3371 minui
950 3310 1099 3391 potest,
1132 3311 1223 3393 quie

158 3431 350 3498 nunquam
382 3415 419 3478 in
455 3415 679 3480 discrimen
701 3413 829 3488 venit,
865 3432 910 3478 an
932 3415 1079 3480 temere
1100 3416 1223 3481 fecis-

159 3523 229 3585 set.
272 3521 379 3604 Neque
400 3523 479 3583 rotr'o
510 3520 648 3582 oudoca‘oe
676 3519 740 3584 ulla
768 3519 824 3597 est,
852 3538 959 3602 neque,
996 3521 1131 3582 minuere
1154 3539 1222 3586 eam

159 3626 232 3710 quid
264 3627 314 3704 sit,
349 3627 408 3691 nisi
440 3626 579 3709 fingendo
613 3625 755 3706 explicari
786 3612 920 3708 potest;v
945 3627 1094 3690 maiorem
1127 3626 1221 3719 etiam

158 3732 307 3798 rationem
344 3733 452 3797 habuit
483 3731 611 3796 audacia
632 3731 788 3814 viderique
816 3732 940 3814 poterat
967 3748 1028 3795 non
1056 3731 1222 3810 temeraria

158 3842 281 3921 propter
302 3839 454 3904 fortunam
477 3855 632 3921 nunquam
654 3835 856 3902 deficientem.
896 3835 1019 3914 Curtius
1042 3836 1220 3919 scripserat:

157 3945 346 4010 Audacia
379 3963 523 4035 quoque
648 3943 801 4006 miratio
834 3941 957 4006 minui
987 3941 1127 4024 potest.
1180 3942 1222 4006 Et
1329 3966 1331 3970 ·

157 4050 378 4116 admiratio
400 4037 575 4116 coniectura
592 4049 750 4115 invenerat
771 4047 1008 4114 Freinshemius.

973 4153 1020 4205 sa·
