<?xml version="1.0" encoding="UTF-8"?>
<!DOCTYPE html PUBLIC "-//W3C//DTD XHTML 1.0 Transitional//EN"
    "http://www.w3.org/TR/xhtml1/DTD/xhtml1-transitional.dtd">
<html xmlns="http://www.w3.org/1999/xhtml" xml:lang="en" lang="en">
 <head>
  <title>
</title>
<meta http-equiv="Content-Type" content="text/html;charset=utf-8" />
  <meta name='ocr-system' content='tesseract 3.04.00' />
  <meta name='ocr-capabilities' content='ocr_page ocr_carea ocr_par ocr_line ocrx_word'/>
</head>
<body>
  <div class='ocr_page' id='page_1' title='image "./adversariacriti03madvgoog/adversariacriti03madvgoog_0298.png"; bbox 0 0 3018 4634; ppageno 0'>
   <div class='ocr_carea' id='block_1_1' title="bbox 556 245 1306 336">
    <p class='ocr_par' dir='ltr' id='par_1_1' title="bbox 556 245 1306 336">
     <span class='ocr_line' id='line_1_1' title="bbox 556 245 1306 336; baseline 0.001 -14"><span class='ocrx_word' id='word_1_1' title='bbox 556 268 657 323; x_wconf 64' lang='lat' dir='ltr'><strong>more</strong></span> <span class='ocrx_word' id='word_1_2' title='bbox 676 267 746 327; x_wconf 76' lang='lat' dir='ltr'><strong>uon</strong></span> <span class='ocrx_word' id='word_1_3' title='bbox 767 267 909 325; x_wconf 74' lang='lat' dir='ltr'><strong>numo.</strong></span> <span class='ocrx_word' id='word_1_4' title='bbox 1162 253 1224 336; x_wconf 73' lang='lat' dir='ltr'><strong>att</strong></span> <span class='ocrx_word' id='word_1_5' title='bbox 1304 245 1306 248; x_wconf 79' lang='grc'><strong>’</strong></span> 
     </span>
    </p>
   </div>
   <div class='ocr_carea' id='block_1_2' title="bbox 66 463 1368 3180">
    <p class='ocr_par' dir='ltr' id='par_1_2' title="bbox 66 463 1368 969">
     <span class='ocr_line' id='line_1_2' title="bbox 66 463 1368 560; baseline -0.002 -27"><span class='ocrx_word' id='word_1_6' title='bbox 66 515 69 520; x_wconf 30' lang='grc' dir='ltr'><em>ψ</em></span> <span class='ocrx_word' id='word_1_7' title='bbox 201 465 456 543; x_wconf 71' lang='lat' dir='ltr'><strong>(existimatio</strong></span> <span class='ocrx_word' id='word_1_8' title='bbox 484 467 697 532; x_wconf 82' lang='lat' dir='ltr'><strong>eommunis</strong></span> <span class='ocrx_word' id='word_1_9' title='bbox 718 466 892 560; x_wconf 81' lang='lat' dir='ltr'><strong>omnibns</strong></span> <span class='ocrx_word' id='word_1_10' title='bbox 914 466 985 549; x_wconf 89' lang='lat' dir='ltr'><strong>est)</strong></span> <span class='ocrx_word' id='word_1_11' title='bbox 1008 469 1040 534; x_wconf 88' lang='lat' dir='ltr'><strong>et</strong></span> <span class='ocrx_word' id='word_1_12' title='bbox 1061 463 1178 546; x_wconf 79' lang='lat' dir='ltr'><strong>xxm,</strong></span> <span class='ocrx_word' id='word_1_13' title='bbox 1211 469 1279 549; x_wconf 53' lang='lat'><strong>47„</strong></span> <span class='ocrx_word' id='word_1_14' title='bbox 1364 499 1368 508; x_wconf 82' lang='lat'><em>·</em></span> 
     </span>
     <span class='ocr_line' id='line_1_3' title="bbox 200 569 1266 658; baseline 0.006 -24"><span class='ocrx_word' id='word_1_15' title='bbox 200 571 220 634; x_wconf 87' lang='lat'>8</span> <span class='ocrx_word' id='word_1_16' title='bbox 244 569 462 648; x_wconf 80' lang='lat' dir='ltr'><strong>(eommunis</strong></span> <span class='ocrx_word' id='word_1_17' title='bbox 494 569 732 637; x_wconf 75' lang='lat' dir='ltr'><strong>existimatio</strong></span> <span class='ocrx_word' id='word_1_18' title='bbox 763 571 845 651; x_wconf 84' lang='lat' dir='ltr'><strong>est).</strong></span> <span class='ocrx_word' id='word_1_19' title='bbox 894 569 1048 638; x_wconf 68' lang='lat' dir='ltr'><strong>roserit</strong></span> <span class='ocrx_word' id='word_1_20' title='bbox 1069 591 1106 640; x_wconf 86' lang='lat' dir='ltr'><strong>en</strong></span> <span class='ocrx_word' id='word_1_21' title='bbox 1127 574 1266 658; x_wconf 82' lang='lat' dir='ltr'><strong>superio-¹</strong></span> 
     </span>
     <span class='ocr_line' id='line_1_4' title="bbox 199 674 1264 764; baseline 0.004 -24"><span class='ocrx_word' id='word_1_22' title='bbox 199 674 285 764; x_wconf 84' lang='lat' dir='ltr'><strong>ribus</strong></span> <span class='ocrx_word' id='word_1_23' title='bbox 306 676 406 742; x_wconf 89' lang='lat' dir='ltr'><strong>audiri</strong></span> <span class='ocrx_word' id='word_1_24' title='bbox 433 693 523 759; x_wconf 85' lang='lat' dir='ltr'><strong>posse</strong></span> <span class='ocrx_word' id='word_1_25' title='bbox 555 674 684 741; x_wconf 84' lang='lat' dir='ltr'><strong>videtur.</strong></span> <span class='ocrx_word' id='word_1_26' title='bbox 732 674 793 756; x_wconf 78' lang='lat' dir='ltr'><strong>Qui</strong></span> <span class='ocrx_word' id='word_1_27' title='bbox 819 676 870 742; x_wconf 90' lang='lat' dir='ltr'><strong>hio</strong></span> <span class='ocrx_word' id='word_1_28' title='bbox 892 676 1021 744; x_wconf 87' lang='lat' dir='ltr'><strong>dolenda</strong></span> <span class='ocrx_word' id='word_1_29' title='bbox 1042 678 1181 762; x_wconf 76' lang='lat' dir='ltr'><strong>quadam</strong></span> <span class='ocrx_word' id='word_1_30' title='bbox 1206 695 1264 761; x_wconf 89' lang='lat' dir='ltr'><strong>pa·</strong></span> 
     </span>
     <span class='ocr_line' id='line_1_5' title="bbox 198 776 1348 867; baseline 0.003 -19"><span class='ocrx_word' id='word_1_31' title='bbox 198 785 307 848; x_wconf 83' lang='lat' dir='ltr'><strong>terunt</strong></span> <span class='ocrx_word' id='word_1_32' title='bbox 338 779 516 866; x_wconf 83' lang='lat' dir='ltr'><strong>(Vielhaber</strong></span> <span class='ocrx_word' id='word_1_33' title='bbox 549 782 580 845; x_wconf 89' lang='lat' dir='ltr'><strong>et</strong></span> <span class='ocrx_word' id='word_1_34' title='bbox 602 776 807 861; x_wconf 80' lang='lat' dir='ltr'><strong>Duobnerus)‚</strong></span> <span class='ocrx_word' id='word_1_35' title='bbox 843 797 946 847; x_wconf 85' lang='lat' dir='ltr'><strong>eorum</strong></span> <span class='ocrx_word' id='word_1_36' title='bbox 982 783 1157 867; x_wconf 76' lang='lat' dir='ltr'><strong>suspicione</strong></span> <span class='ocrx_word' id='word_1_37' title='bbox 1188 784 1265 852; x_wconf 89' lang='lat' dir='ltr'><strong>nihil</strong></span> <span class='ocrx_word' id='word_1_38' title='bbox 1344 815 1348 824; x_wconf 94' lang='lat'>·</span> 
     </span>
     <span class='ocr_line' id='line_1_6' title="bbox 198 887 1202 969; baseline 0 -17"><span class='ocrx_word' id='word_1_39' title='bbox 198 887 319 954; x_wconf 87' lang='lat' dir='ltr'><strong>inanius</strong></span> <span class='ocrx_word' id='word_1_40' title='bbox 342 906 410 954; x_wconf 88' lang='lat' dir='ltr'><strong>esse</strong></span> <span class='ocrx_word' id='word_1_41' title='bbox 432 887 542 969; x_wconf 83' lang='lat' dir='ltr'><strong>potest.</strong></span> <span class='ocrx_word' id='word_1_42' title='bbox 1192 933 1202 952; x_wconf 93' lang='lat'><strong>.</strong></span> 
     </span>
    </p>

    <p class='ocr_par' dir='ltr' id='par_1_3' title="bbox 196 989 1345 2022">
     <span class='ocr_line' id='line_1_7' title="bbox 299 989 1265 1077; baseline 0 -19"><span class='ocrx_word' id='word_1_43' title='bbox 299 991 332 1060; x_wconf 76' lang='lat' dir='ltr'><strong>O.</strong></span> <span class='ocrx_word' id='word_1_44' title='bbox 354 989 395 1054; x_wconf 87' lang='grc'><strong>66</strong></span> <span class='ocrx_word' id='word_1_45' title='bbox 424 991 521 1059; x_wconf 90' lang='lat' dir='ltr'><strong>eieoto</strong></span> <span class='ocrx_word' id='word_1_46' title='bbox 546 1008 651 1074; x_wconf 87' lang='lat' dir='ltr'><strong>pravo,</strong></span> <span class='ocrx_word' id='word_1_47' title='bbox 685 989 766 1073; x_wconf 91' lang='lat' dir='ltr'><strong>quod</strong></span> <span class='ocrx_word' id='word_1_48' title='bbox 798 990 927 1056; x_wconf 79' lang='lat' dir='ltr'><strong>editores</strong></span> <span class='ocrx_word' id='word_1_49' title='bbox 948 990 1163 1067; x_wconf 82' lang='lat' dir='ltr'><strong>addiderunt,</strong></span> <span class='ocrx_word' id='word_1_50' title='bbox 1189 1011 1265 1077; x_wconf 81' lang='lat' dir='ltr'><strong>sup-</strong></span> 
     </span>
     <span class='ocr_line' id='line_1_8' title="bbox 198 1095 1261 1179; baseline 0.001 -17"><span class='ocrx_word' id='word_1_51' title='bbox 198 1095 354 1179; x_wconf 89' lang='lat' dir='ltr'><strong>plemento</strong></span> <span class='ocrx_word' id='word_1_52' title='bbox 390 1095 530 1176; x_wconf 73' lang='lat' dir='ltr'><strong>(venit),</strong></span> <span class='ocrx_word' id='word_1_53' title='bbox 568 1095 664 1160; x_wconf 87' lang='lat' dir='ltr'><strong>oratio</strong></span> <span class='ocrx_word' id='word_1_54' title='bbox 700 1095 744 1160; x_wconf 84' lang='lat' dir='ltr'><strong>sio</strong></span> <span class='ocrx_word' id='word_1_55' title='bbox 766 1096 972 1162; x_wconf 88' lang='lat' dir='ltr'><strong>oontinuanda</strong></span> <span class='ocrx_word' id='word_1_56' title='bbox 1004 1097 1066 1162; x_wconf 84' lang='lat' dir='ltr'><strong>est:</strong></span> <span class='ocrx_word' id='word_1_57' title='bbox 1103 1097 1261 1164; x_wconf 88' lang='lat' dir='ltr'><strong>biduum</strong></span> 
     </span>
     <span class='ocr_line' id='line_1_9' title="bbox 197 1199 1266 1292; baseline -0.004 -22"><span class='ocrx_word' id='word_1_58' title='bbox 197 1199 360 1290; x_wconf 81' lang='lat' dir='ltr'><strong>Mazaeus</strong></span> <span class='ocrx_word' id='word_1_59' title='bbox 394 1203 649 1268; x_wconf 80' lang='lat' dir='ltr'><strong>commoratus</strong></span> <span class='ocrx_word' id='word_1_60' title='bbox 672 1199 847 1279; x_wconf 78' lang='lat' dir='ltr'><strong>Comana,</strong></span> <span class='ocrx_word' id='word_1_61' title='bbox 880 1201 1190 1268; x_wconf 84' lang='lat' dir='ltr'><strong>vetustissimum</strong></span> <span class='ocrx_word' id='word_1_62' title='bbox 1225 1206 1266 1292; x_wconf 90' lang='lat' dir='ltr'><strong>ot</strong></span> 
     </span>
     <span class='ocr_line' id='line_1_10' title="bbox 199 1303 1264 1390; baseline 0.001 -18"><span class='ocrx_word' id='word_1_63' title='bbox 199 1303 493 1374; x_wconf 78' lang='lat' dir='ltr'><strong>sanctissimum</strong></span> <span class='ocrx_word' id='word_1_64' title='bbox 523 1305 562 1370; x_wconf 90' lang='lat' dir='ltr'><strong>in</strong></span> <span class='ocrx_word' id='word_1_65' title='bbox 597 1303 837 1389; x_wconf 79' lang='lat' dir='ltr'><strong>Cappadoeia</strong></span> <span class='ocrx_word' id='word_1_66' title='bbox 866 1305 1030 1372; x_wconf 77' lang='lat' dir='ltr'><strong>Bellone</strong></span> <span class='ocrx_word' id='word_1_67' title='bbox 1061 1307 1264 1390; x_wconf 89' lang='lat' dir='ltr'><strong>templum,</strong></span> 
     </span>
     <span class='ocr_line' id='line_1_11' title="bbox 204 1409 1265 1502; baseline 0.001 -24"><span class='ocrx_word' id='word_1_68' title='bbox 204 1459 285 1490; x_wconf 79' lang='grc'><strong>...,</strong></span> <span class='ocrx_word' id='word_1_69' title='bbox 306 1410 347 1476; x_wconf 92' lang='lat' dir='ltr'><strong>id</strong></span> <span class='ocrx_word' id='word_1_70' title='bbox 379 1411 522 1477; x_wconf 91' lang='lat' dir='ltr'><strong>homini</strong></span> <span class='ocrx_word' id='word_1_71' title='bbox 556 1409 803 1502; x_wconf 81' lang='lat' dir='ltr'><strong>nobilissimo</strong></span> <span class='ocrx_word' id='word_1_72' title='bbox 839 1411 1042 1496; x_wconf 81' lang='lat' dir='ltr'><strong>Lycomedi</strong></span> <span class='ocrx_word' id='word_1_73' title='bbox 1080 1411 1265 1496; x_wconf 85' lang='lat' dir='ltr'><strong>Bithynio</strong></span> 
     </span>
     <span class='ocr_line' id='line_1_12' title="bbox 198 1515 1261 1600; baseline 0.002 -18"><span class='ocrx_word' id='word_1_74' title='bbox 198 1515 446 1583; x_wconf 85' lang='lat' dir='ltr'><strong>adiudioavit.</strong></span> <span class='ocrx_word' id='word_1_75' title='bbox 492 1515 635 1582; x_wconf 74' lang='lat' dir='ltr'><strong>Plurima</strong></span> <span class='ocrx_word' id='word_1_76' title='bbox 658 1515 850 1600; x_wconf 87' lang='lat' dir='ltr'><strong>interpositis</strong></span> <span class='ocrx_word' id='word_1_77' title='bbox 871 1516 1006 1582; x_wconf 86' lang='lat' dir='ltr'><strong>nominis</strong></span> <span class='ocrx_word' id='word_1_78' title='bbox 1023 1517 1056 1582; x_wconf 90' lang='lat' dir='ltr'><strong>in</strong></span> <span class='ocrx_word' id='word_1_79' title='bbox 1077 1519 1261 1584; x_wconf 87' lang='lat' dir='ltr'><strong>memoriam</strong></span> 
     </span>
     <span class='ocr_line' id='line_1_13' title="bbox 197 1616 1266 1705; baseline -0.007 -16"><span class='ocrx_word' id='word_1_80' title='bbox 197 1619 358 1689; x_wconf 81' lang='lat' dir='ltr'><strong>remeandi</strong></span> <span class='ocrx_word' id='word_1_81' title='bbox 379 1616 660 1703; x_wconf 78' lang='lat' dir='ltr'><strong>oausa&#39;pronomon</strong></span> <span class='ocrx_word' id='word_1_82' title='bbox 689 1621 752 1702; x_wconf 88' lang='lat' dir='ltr'><strong>(id)</strong></span> <span class='ocrx_word' id='word_1_83' title='bbox 786 1621 1010 1705; x_wconf 80' lang='lat' dir='ltr'><strong>superadditur.</strong></span> <span class='ocrx_word' id='word_1_84' title='bbox 1064 1621 1195 1689; x_wconf 79' lang='lat' dir='ltr'><strong>Tollitur</strong></span> <span class='ocrx_word' id='word_1_85' title='bbox 1216 1623 1266 1690; x_wconf 85' lang='lat' dir='ltr'><strong>sio</strong></span> 
     </span>
     <span class='ocr_line' id='line_1_14' title="bbox 198 1727 1345 1812; baseline 0.001 -18"><span class='ocrx_word' id='word_1_86' title='bbox 198 1727 374 1801; x_wconf 80' lang='lat' dir='ltr'><strong>difficultas,</strong></span> <span class='ocrx_word' id='word_1_87' title='bbox 408 1743 475 1810; x_wconf 86' lang='lat' dir='ltr'><strong>quae</strong></span> <span class='ocrx_word' id='word_1_88' title='bbox 496 1744 557 1792; x_wconf 92' lang='lat' dir='ltr'><strong>non</strong></span> <span class='ocrx_word' id='word_1_89' title='bbox 579 1743 674 1809; x_wconf 84' lang='lat' dir='ltr'><strong>parra</strong></span> <span class='ocrx_word' id='word_1_90' title='bbox 695 1729 728 1792; x_wconf 92' lang='lat' dir='ltr'><strong>in</strong></span> <span class='ocrx_word' id='word_1_91' title='bbox 751 1746 786 1792; x_wconf 90' lang='lat' dir='ltr'><strong>eo</strong></span> <span class='ocrx_word' id='word_1_92' title='bbox 806 1729 888 1805; x_wconf 85' lang='lat' dir='ltr'><strong>erut,</strong></span> <span class='ocrx_word' id='word_1_93' title='bbox 921 1727 1002 1812; x_wconf 89' lang='lat' dir='ltr'><strong>quod</strong></span> <span class='ocrx_word' id='word_1_94' title='bbox 1024 1727 1126 1795; x_wconf 80' lang='lat' dir='ltr'><strong>Caesar</strong></span> <span class='ocrx_word' id='word_1_95' title='bbox 1147 1747 1164 1793; x_wconf 84' lang='lat' dir='ltr'><strong>a</strong></span> <span class='ocrx_word' id='word_1_96' title='bbox 1185 1728 1261 1795; x_wconf 86' lang='lat' dir='ltr'><strong>Giii·</strong></span> <span class='ocrx_word' id='word_1_97' title='bbox 1344 1738 1345 1741; x_wconf 75' lang='grc'>’</span> 
     </span>
     <span class='ocr_line' id='line_1_15' title="bbox 199 1831 1265 1920; baseline 0.002 -22"><span class='ocrx_word' id='word_1_98' title='bbox 199 1833 247 1898; x_wconf 87' lang='lat' dir='ltr'><strong>eia</strong></span> <span class='ocrx_word' id='word_1_99' title='bbox 265 1831 426 1898; x_wconf 77' lang='lat' dir='ltr'><strong>Mazacam</strong></span> <span class='ocrx_word' id='word_1_100' title='bbox 447 1849 626 1920; x_wconf 78' lang='lat' dir='ltr'><strong>progressus</strong></span> <span class='ocrx_word' id='word_1_101' title='bbox 646 1831 764 1898; x_wconf 87' lang='lat' dir='ltr'><strong>redisse</strong></span> <span class='ocrx_word' id='word_1_102' title='bbox 788 1831 922 1900; x_wconf 81' lang='lat' dir='ltr'><strong>Comum</strong></span> <span class='ocrx_word' id='word_1_103' title='bbox 943 1835 1025 1918; x_wconf 77' lang='lat' dir='ltr'><strong>(qum</strong></span> <span class='ocrx_word' id='word_1_104' title='bbox 1047 1831 1163 1899; x_wconf 79' lang='lat' dir='ltr'><strong>dilioiae</strong></span> <span class='ocrx_word' id='word_1_105' title='bbox 1191 1851 1265 1916; x_wconf 83' lang='lat' dir='ltr'><strong>pro-</strong></span> 
     </span>
     <span class='ocr_line' id='line_1_16' title="bbox 196 1935 1259 2022; baseline 0.002 -19"><span class='ocrx_word' id='word_1_106' title='bbox 196 1937 285 2021; x_wconf 89' lang='lat' dir='ltr'><strong>piora</strong></span> <span class='ocrx_word' id='word_1_107' title='bbox 306 1937 390 2017; x_wconf 89' lang='lat' dir='ltr'><strong>sunt)</strong></span> <span class='ocrx_word' id='word_1_108' title='bbox 412 1935 580 2004; x_wconf 85' lang='lat' dir='ltr'><strong>uidebatur.</strong></span> <span class='ocrx_word' id='word_1_109' title='bbox 622 1935 766 2016; x_wconf 76' lang='lat' dir='ltr'><strong>Mazaca,</strong></span> <span class='ocrx_word' id='word_1_110' title='bbox 799 1939 1043 2018; x_wconf 71' lang='lat' dir='ltr'><strong>matimonio,</strong></span> <span class='ocrx_word' id='word_1_111' title='bbox 1076 1938 1114 2004; x_wconf 92' lang='lat' dir='ltr'><strong>de</strong></span> <span class='ocrx_word' id='word_1_112' title='bbox 1142 1939 1259 2022; x_wconf 86' lang='lat' dir='ltr'><strong>templo</strong></span> 
     </span>
    </p>

    <p class='ocr_par' dir='ltr' id='par_1_4' title="bbox 200 2145 1266 2441">
     <span class='ocr_line' id='line_1_17' title="bbox 297 2145 1266 2231; baseline -0.002 -18"><span class='ocrx_word' id='word_1_113' title='bbox 297 2147 331 2216; x_wconf 80' lang='lat' dir='ltr'><strong>O.</strong></span> <span class='ocrx_word' id='word_1_114' title='bbox 365 2147 404 2210; x_wconf 85' lang='grc'><strong>67</strong></span> <span class='ocrx_word' id='word_1_115' title='bbox 439 2145 563 2230; x_wconf 82' lang='lat' dir='ltr'><strong>egregia</strong></span> <span class='ocrx_word' id='word_1_116' title='bbox 601 2147 777 2214; x_wconf 88' lang='lat' dir='ltr'><strong>Marklaudi</strong></span> <span class='ocrx_word' id='word_1_117' title='bbox 809 2147 984 2215; x_wconf 80' lang='lat' dir='ltr'><strong>emendatio</strong></span> <span class='ocrx_word' id='word_1_118' title='bbox 1026 2148 1266 2231; x_wconf 87' lang='lat' dir='ltr'><strong>(exeitnsque</strong></span> 
     </span>
     <span class='ocr_line' id='line_1_18' title="bbox 200 2251 1261 2336; baseline 0 -18"><span class='ocrx_word' id='word_1_119' title='bbox 200 2251 389 2336; x_wconf 84' lang='lat' dir='ltr'><strong>imperiis)</strong></span> <span class='ocrx_word' id='word_1_120' title='bbox 411 2251 584 2318; x_wconf 86' lang='lat' dir='ltr'><strong>adiuvanda</strong></span> <span class='ocrx_word' id='word_1_121' title='bbox 616 2253 661 2319; x_wconf 88' lang='lat' dir='ltr'><strong>sio</strong></span> <span class='ocrx_word' id='word_1_122' title='bbox 684 2254 819 2320; x_wconf 84' lang='lat' dir='ltr'><strong>videtur:</strong></span> <span class='ocrx_word' id='word_1_123' title='bbox 857 2255 1002 2316; x_wconf 79' lang='lat' dir='ltr'><strong>eaoitoo</strong></span> <span class='ocrx_word' id='word_1_124' title='bbox 1033 2254 1161 2318; x_wconf 73' lang='lat' dir='ltr'><strong>aestio</strong></span> <span class='ocrx_word' id='word_1_125' title='bbox 1187 2253 1261 2318; x_wconf 90' lang='lat' dir='ltr'><strong>im-</strong></span> 
     </span>
     <span class='ocr_line' id='line_1_19' title="bbox 201 2357 1028 2441; baseline 0.001 -20"><span class='ocrx_word' id='word_1_126' title='bbox 201 2357 437 2441; x_wconf 84' lang='lat' dir='ltr'><strong>periisquo.²)</strong></span> <span class='ocrx_word' id='word_1_127' title='bbox 491 2358 548 2432; x_wconf 86' lang='lat' dir='ltr'><strong>(De</strong></span> <span class='ocrx_word' id='word_1_128' title='bbox 583 2377 609 2424; x_wconf 87' lang='lat' dir='ltr'><strong>o.</strong></span> <span class='ocrx_word' id='word_1_129' title='bbox 647 2357 940 2441; x_wconf 74' lang='lat' dir='ltr'><strong>taduiv01.1p.</strong></span> <span class='ocrx_word' id='word_1_130' title='bbox 964 2357 1028 2437; x_wconf 78' lang='lat'><strong>48.)</strong></span> 
     </span>
    </p>

    <p class='ocr_par' dir='ltr' id='par_1_5' title="bbox 197 2461 1266 2968">
     <span class='ocr_line' id='line_1_20' title="bbox 302 2461 1263 2548; baseline 0 -22"><span class='ocrx_word' id='word_1_131' title='bbox 302 2461 335 2526; x_wconf 83' lang='lat' dir='ltr'><strong>G.</strong></span> <span class='ocrx_word' id='word_1_132' title='bbox 369 2461 425 2527; x_wconf 78' lang='lat'><strong>73:</strong></span> <span class='ocrx_word' id='word_1_133' title='bbox 467 2463 549 2530; x_wconf 90' lang='lat' dir='ltr'><strong>Huo</strong></span> <span class='ocrx_word' id='word_1_134' title='bbox 584 2481 731 2529; x_wconf 88' lang='lat' dir='ltr'><strong>omnem</strong></span> <span class='ocrx_word' id='word_1_135' title='bbox 768 2464 1047 2548; x_wconf 76' lang='lat' dir='ltr'><strong>comportatum</strong></span> <span class='ocrx_word' id='word_1_136' title='bbox 1084 2477 1263 2546; x_wconf 83' lang='lat' dir='ltr'><strong>aggerem</strong></span> 
     </span>
     <span class='ocr_line' id='line_1_21' title="bbox 201 2566 1266 2654; baseline 0 -22"><span class='ocrx_word' id='word_1_137' title='bbox 201 2583 242 2632; x_wconf 92' lang='lat' dir='ltr'><strong>ex</strong></span> <span class='ocrx_word' id='word_1_138' title='bbox 263 2566 406 2634; x_wconf 81' lang='lat' dir='ltr'><strong>eastris</strong></span> <span class='ocrx_word' id='word_1_139' title='bbox 428 2567 592 2634; x_wconf 87' lang='lat' dir='ltr'><strong>seruitia</strong></span> <span class='ocrx_word' id='word_1_140' title='bbox 612 2570 772 2654; x_wconf 84' lang='lat' dir='ltr'><strong>agerent</strong></span> <span class='ocrx_word' id='word_1_141' title='bbox 804 2567 955 2652; x_wconf 85' lang='lat' dir='ltr'><strong>(plerique</strong></span> <span class='ocrx_word' id='word_1_142' title='bbox 986 2566 1074 2634; x_wconf 91' lang='lat' dir='ltr'><strong>oodd.</strong></span> <span class='ocrx_word' id='word_1_143' title='bbox 1102 2585 1266 2651; x_wconf 80' lang='lat' dir='ltr'><strong>agereq-</strong></span> 
     </span>
     <span class='ocr_line' id='line_1_22' title="bbox 197 2668 1260 2758; baseline -0.003 -19"><span class='ocrx_word' id='word_1_144' title='bbox 197 2675 273 2752; x_wconf 85' lang='lat' dir='ltr'><strong>tur)</strong></span> <span class='ocrx_word' id='word_1_145' title='bbox 304 2673 435 2741; x_wconf 80' lang='lat' dir='ltr'><strong>iussit</strong></span> <span class='ocrx_word' id='word_1_146' title='bbox 488 2673 690 2740; x_wconf 85' lang='lat' dir='ltr'><strong>Soribendum</strong></span> <span class='ocrx_word' id='word_1_147' title='bbox 724 2681 898 2758; x_wconf 74' lang='lat' dir='ltr'><strong>perorent</strong></span> <span class='ocrx_word' id='word_1_148' title='bbox 929 2668 1100 2757; x_wconf 71' lang='lat' dir='ltr'><strong>(peroret)</strong></span> <span class='ocrx_word' id='word_1_149' title='bbox 1131 2672 1260 2738; x_wconf 88' lang='lat' dir='ltr'><strong>iussit.</strong></span> 
     </span>
     <span class='ocr_line' id='line_1_23' title="bbox 198 2776 1265 2863; baseline -0.005 -18"><span class='ocrx_word' id='word_1_150' title='bbox 198 2777 323 2845; x_wconf 79' lang='lat' dir='ltr'><strong>Genitor</strong></span> <span class='ocrx_word' id='word_1_151' title='bbox 344 2797 448 2863; x_wconf 78' lang='lat' dir='ltr'><strong>agger,</strong></span> <span class='ocrx_word' id='word_1_152' title='bbox 469 2797 528 2844; x_wconf 88' lang='lat' dir='ltr'><strong>non</strong></span> <span class='ocrx_word' id='word_1_153' title='bbox 557 2779 676 2863; x_wconf 82' lang='lat' dir='ltr'><strong>agitur,</strong></span> <span class='ocrx_word' id='word_1_154' title='bbox 713 2797 729 2844; x_wconf 93' lang='lat' dir='ltr'><strong>e</strong></span> <span class='ocrx_word' id='word_1_155' title='bbox 750 2780 817 2845; x_wconf 84' lang='lat' dir='ltr'><strong>loeo</strong></span> <span class='ocrx_word' id='word_1_156' title='bbox 838 2778 869 2842; x_wconf 91' lang='lat' dir='ltr'><strong>in</strong></span> <span class='ocrx_word' id='word_1_157' title='bbox 891 2777 987 2844; x_wconf 90' lang='lat' dir='ltr'><strong>alium</strong></span> <span class='ocrx_word' id='word_1_158' title='bbox 1007 2776 1122 2844; x_wconf 90' lang='lat' dir='ltr'><strong>loenm.</strong></span> <span class='ocrx_word' id='word_1_159' title='bbox 1145 2777 1188 2856; x_wconf 81' lang='lat' dir='ltr'><strong>&lt;A</strong></span> <span class='ocrx_word' id='word_1_160' title='bbox 1208 2776 1265 2841; x_wconf 74' lang='lat' dir='ltr'><strong>lit-</strong></span> 
     </span>
     <span class='ocr_line' id='line_1_24' title="bbox 197 2883 566 2968; baseline -0.003 -18"><span class='ocrx_word' id='word_1_161' title='bbox 197 2884 264 2950; x_wconf 89' lang='lat' dir='ltr'><strong>tera</strong></span> <span class='ocrx_word' id='word_1_162' title='bbox 285 2883 332 2950; x_wconf 87' lang='lat' dir='ltr'><strong>bis</strong></span> <span class='ocrx_word' id='word_1_163' title='bbox 355 2884 468 2968; x_wconf 77' lang='lat' dir='ltr'><strong>scripta</strong></span> <span class='ocrx_word' id='word_1_164' title='bbox 490 2885 566 2965; x_wconf 76' lang='lat' dir='ltr'><strong>eom·</strong></span> 
     </span>
    </p>

    <p class='ocr_par' dir='ltr' id='par_1_6' title="bbox 198 2987 1266 3180">
     <span class='ocr_line' id='line_1_25' title="bbox 228 2987 1266 3077; baseline -0.002 -23"><span class='ocrx_word' id='word_1_165' title='bbox 228 3017 231 3024; x_wconf 92' lang='lat'>·</span> <span class='ocrx_word' id='word_1_166' title='bbox 298 2987 440 3077; x_wconf 78' lang='lat' dir='ltr'><strong>Sequitur</strong></span> <span class='ocrx_word' id='word_1_167' title='bbox 472 2987 551 3055; x_wconf 90' lang='lat' dir='ltr'><strong>liber</strong></span> <span class='ocrx_word' id='word_1_168' title='bbox 582 2988 660 3056; x_wconf 83' lang='lat' dir='ltr'><strong>tolli</strong></span> <span class='ocrx_word' id='word_1_169' title='bbox 692 2987 840 3056; x_wconf 76' lang='lat' dir='ltr'><strong>Africani</strong></span> <span class='ocrx_word' id='word_1_170' title='bbox 878 2991 910 3054; x_wconf 89' lang='lat' dir='ltr'><strong>et</strong></span> <span class='ocrx_word' id='word_1_171' title='bbox 941 3005 1051 3073; x_wconf 85' lang='lat' dir='ltr'><strong>genere</strong></span> <span class='ocrx_word' id='word_1_172' title='bbox 1084 2989 1151 3054; x_wconf 90' lang='lat' dir='ltr'><strong>toto</strong></span> <span class='ocrx_word' id='word_1_173' title='bbox 1186 3002 1266 3052; x_wconf 87' lang='lat' dir='ltr'><strong>nar-</strong></span> 
     </span>
     <span class='ocr_line' id='line_1_26' title="bbox 198 3090 1262 3180; baseline -0.001 -21"><span class='ocrx_word' id='word_1_174' title='bbox 198 3091 286 3159; x_wconf 90' lang='lat' dir='ltr'><strong>randi</strong></span> <span class='ocrx_word' id='word_1_175' title='bbox 321 3095 352 3160; x_wconf 86' lang='lat' dir='ltr'><strong>et</strong></span> <span class='ocrx_word' id='word_1_176' title='bbox 373 3093 520 3159; x_wconf 88' lang='lat' dir='ltr'><strong>orationis</strong></span> <span class='ocrx_word' id='word_1_177' title='bbox 553 3093 653 3160; x_wconf 84' lang='lat' dir='ltr'><strong>forma</strong></span> <span class='ocrx_word' id='word_1_178' title='bbox 674 3095 772 3160; x_wconf 90' lang='lat' dir='ltr'><strong>multo</strong></span> <span class='ocrx_word' id='word_1_179' title='bbox 795 3094 916 3180; x_wconf 80' lang='lat' dir='ltr'><strong>longius</strong></span> <span class='ocrx_word' id='word_1_180' title='bbox 938 3110 957 3159; x_wconf 86' lang='lat' dir='ltr'><strong>a</strong></span> <span class='ocrx_word' id='word_1_181' title='bbox 979 3094 1098 3160; x_wconf 79' lang='lat' dir='ltr'><strong>Caesare</strong></span> <span class='ocrx_word' id='word_1_182' title='bbox 1131 3092 1171 3158; x_wconf 89' lang='lat' dir='ltr'><strong>ad</strong></span> <span class='ocrx_word' id='word_1_183' title='bbox 1192 3090 1262 3176; x_wconf 84' lang='lat' dir='ltr'><strong>ple-</strong></span> 
     </span>
    </p>
   </div>
   <div class='ocr_carea' id='block_1_3' title="bbox 198 3331 397 3342">
    <p class='ocr_par' dir='ltr' id='par_1_7' title="bbox 198 3331 397 3342">
     <span class='ocr_line' id='line_1_27' title="bbox 198 3331 397 3342; baseline 0 -2"><span class='ocrx_word' id='word_1_184' title='bbox 198 3331 397 3342; x_wconf 49' lang='lat' dir='ltr'><strong>ffl-</strong></span> 
     </span>
    </p>
   </div>
   <div class='ocr_carea' id='block_1_4' title="bbox 227 3477 1263 4122">
    <p class='ocr_par' dir='ltr' id='par_1_8' title="bbox 227 3477 1263 4122">
     <span class='ocr_line' id='line_1_28' title="bbox 227 3477 1263 3573; baseline -0.003 -16"><span class='ocrx_word' id='word_1_185' title='bbox 227 3499 248 3568; x_wconf 87' lang='lat'><strong>¹)</strong></span> <span class='ocrx_word' id='word_1_186' title='bbox 267 3501 297 3557; x_wconf 82' lang='lat'><strong>0.</strong></span> <span class='ocrx_word' id='word_1_187' title='bbox 316 3503 351 3558; x_wconf 88' lang='grc'><strong>68</strong></span> <span class='ocrx_word' id='word_1_188' title='bbox 369 3501 439 3555; x_wconf 90' lang='lat' dir='ltr'><strong>male</strong></span> <span class='ocrx_word' id='word_1_189' title='bbox 457 3477 637 3573; x_wconf 85' lang='lat' dir='ltr'><strong>Nipperdeius</strong></span> <span class='ocrx_word' id='word_1_190' title='bbox 663 3503 690 3556; x_wconf 89' lang='lat' dir='ltr'><strong>et</strong></span> <span class='ocrx_word' id='word_1_191' title='bbox 707 3500 865 3555; x_wconf 87' lang='lat' dir='ltr'><strong>Dnebnerus</strong></span> <span class='ocrx_word' id='word_1_192' title='bbox 885 3499 1054 3554; x_wconf 83' lang='lat' dir='ltr'><strong>desciuerunt</strong></span> <span class='ocrx_word' id='word_1_193' title='bbox 1076 3496 1263 3554; x_wconf 77' lang='lat' dir='ltr'><strong>apertissima</strong></span> 
     </span>
     <span class='ocr_line' id='line_1_29' title="bbox 269 3588 1260 3660; baseline -0.004 -14"><span class='ocrx_word' id='word_1_194' title='bbox 269 3591 372 3647; x_wconf 83' lang='lat' dir='ltr'><strong>Olarkii</strong></span> <span class='ocrx_word' id='word_1_195' title='bbox 390 3593 582 3660; x_wconf 83' lang='lat' dir='ltr'><strong>emendatione,</strong></span> <span class='ocrx_word' id='word_1_196' title='bbox 610 3594 665 3649; x_wconf 85' lang='lat' dir='ltr'><strong>iam</strong></span> <span class='ocrx_word' id='word_1_197' title='bbox 695 3593 724 3647; x_wconf 91' lang='lat' dir='ltr'><strong>in</strong></span> <span class='ocrx_word' id='word_1_198' title='bbox 742 3591 1005 3660; x_wconf 81' lang='lat' dir='ltr'><strong>oodioibua.aliquot</strong></span> <span class='ocrx_word' id='word_1_199' title='bbox 1031 3591 1175 3660; x_wconf 80' lang='lat' dir='ltr'><strong>praeopta,</strong></span> <span class='ocrx_word' id='word_1_200' title='bbox 1194 3588 1260 3642; x_wconf 86' lang='lat' dir='ltr'><strong>reti&#39;·</strong></span> 
     </span>
     <span class='ocr_line' id='line_1_30' title="bbox 267 3677 1262 3755; baseline -0.002 -17"><span class='ocrx_word' id='word_1_201' title='bbox 267 3687 437 3755; x_wconf 77' lang='lat' dir='ltr'><strong>ruerentque</strong></span> <span class='ocrx_word' id='word_1_202' title='bbox 454 3686 503 3742; x_wconf 87' lang='lat' dir='ltr'><strong>has</strong></span> <span class='ocrx_word' id='word_1_203' title='bbox 528 3686 628 3742; x_wconf 87' lang='lat' dir='ltr'><strong>sordes:</strong></span> <span class='ocrx_word' id='word_1_204' title='bbox 655 3684 889 3740; x_wconf 82' lang='lat' dir='ltr'><strong>defensionem</strong></span> <span class='ocrx_word' id='word_1_205' title='bbox 917 3682 1155 3754; x_wconf 79' lang='lat' dir='ltr'><strong>(defectionem</strong></span> <span class='ocrx_word' id='word_1_206' title='bbox 1183 3677 1262 3736; x_wconf 82' lang='lat' dir='ltr'><strong>Clur-</strong></span> 
     </span>
     <span class='ocr_line' id='line_1_31' title="bbox 267 3771 1262 3848; baseline -0.005 -18"><span class='ocrx_word' id='word_1_207' title='bbox 267 3776 339 3843; x_wconf 87' lang='lat' dir='ltr'><strong>lrius)</strong></span> <span class='ocrx_word' id='word_1_208' title='bbox 358 3777 430 3832; x_wconf 87' lang='lat' dir='ltr'><strong>eius</strong></span> <span class='ocrx_word' id='word_1_209' title='bbox 458 3778 586 3834; x_wconf 88' lang='lat' dir='ltr'><strong>nullam</strong></span> <span class='ocrx_word' id='word_1_210' title='bbox 611 3793 706 3848; x_wconf 90' lang='lat' dir='ltr'><strong>posse</strong></span> <span class='ocrx_word' id='word_1_211' title='bbox 733 3777 996 3833; x_wconf 85' lang='lat' dir='ltr'><strong>exeusationem</strong></span> <span class='ocrx_word' id='word_1_212' title='bbox 1024 3775 1099 3829; x_wconf 85' lang='lat' dir='ltr'><strong>eius</strong></span> <span class='ocrx_word' id='word_1_213' title='bbox 1126 3779 1187 3833; x_wconf 85' lang='lat' dir='ltr'><strong>(om.</strong></span> <span class='ocrx_word' id='word_1_214' title='bbox 1206 3771 1262 3839; x_wconf 70' lang='lat'>01.)</span> 
     </span>
     <span class='ocr_line' id='line_1_32' title="bbox 267 3862 1260 3939; baseline -0.007 -17"><span class='ocrx_word' id='word_1_215' title='bbox 267 3867 512 3938; x_wconf 77' lang='lat' dir='ltr'><strong>imprudentia</strong></span> <span class='ocrx_word' id='word_1_216' title='bbox 539 3869 700 3939; x_wconf 84' lang='lat' dir='ltr'><strong>recipere.</strong></span> <span class='ocrx_word' id='word_1_217' title='bbox 750 3871 863 3925; x_wconf 75' lang='lat' dir='ltr'><strong>motum</strong></span> <span class='ocrx_word' id='word_1_218' title='bbox 889 3869 986 3938; x_wconf 80' lang='lat' dir='ltr'><strong>resipit</strong></span> <span class='ocrx_word' id='word_1_219' title='bbox 1013 3869 1061 3922; x_wconf 89' lang='lat' dir='ltr'><strong>ant</strong></span> <span class='ocrx_word' id='word_1_220' title='bbox 1087 3880 1139 3919; x_wconf 91' lang='lat' dir='ltr'><strong>non</strong></span> <span class='ocrx_word' id='word_1_221' title='bbox 1163 3862 1260 3930; x_wconf 81' lang='lat' dir='ltr'><strong>recipit</strong></span> 
     </span>
     <span class='ocr_line' id='line_1_33' title="bbox 268 3955 1260 4031; baseline -0.005 -17"><span class='ocrx_word' id='word_1_222' title='bbox 268 3959 447 4016; x_wconf 82' lang='lat' dir='ltr'><strong>defensionem</strong></span> <span class='ocrx_word' id='word_1_223' title='bbox 474 3962 723 4031; x_wconf 78' lang='lat' dir='ltr'><strong>excusationemque</strong></span> <span class='ocrx_word' id='word_1_224' title='bbox 744 3960 942 4030; x_wconf 79' lang='lat' dir='ltr'><strong>imprudentia.</strong></span> <span class='ocrx_word' id='word_1_225' title='bbox 986 3958 1015 4015; x_wconf 82' lang='lat' dir='ltr'><strong>C.</strong></span> <span class='ocrx_word' id='word_1_226' title='bbox 1035 3961 1070 4015; x_wconf 73' lang='grc'><strong>72</strong></span> <span class='ocrx_word' id='word_1_227' title='bbox 1087 3956 1147 4012; x_wconf 90' lang='lat' dir='ltr'><strong>init.</strong></span> <span class='ocrx_word' id='word_1_228' title='bbox 1167 3955 1260 4010; x_wconf 80' lang='lat' dir='ltr'><strong>Duab-</strong></span> 
     </span>
     <span class='ocr_line' id='line_1_34' title="bbox 267 4052 601 4122; baseline 0.006 -16"><span class='ocrx_word' id='word_1_229' title='bbox 267 4069 347 4108; x_wconf 85' lang='lat' dir='ltr'><strong>nerus</strong></span> <span class='ocrx_word' id='word_1_230' title='bbox 365 4052 523 4122; x_wconf 86' lang='lat' dir='ltr'><strong>prudentior</strong></span> <span class='ocrx_word' id='word_1_231' title='bbox 540 4053 601 4109; x_wconf 83' lang='lat' dir='ltr'><strong>mit.</strong></span> 
     </span>
    </p>
   </div>
   <div class='ocr_carea' id='block_1_5' title="bbox 0 0 1514 4634">
    <p class='ocr_par' dir='ltr' id='par_1_9' title="bbox 0 0 1514 4634">
     <span class='ocr_line' id='line_1_35' title="bbox 0 0 1514 4634; baseline 0 1"><span class='ocrx_word' id='word_1_232' title='bbox 0 0 1514 4634; x_wconf 95' lang='lat' dir='ltr'><strong> </strong></span> 
     </span>
    </p>
   </div>
  </div>
 </body>
</html>
