3018 4634
303 237 365 302 276
663 239 928 312 hie.v11.cep.111

261 439 388 518 chara,
431 439 489 504 cet.
543 435 880 522 seribendumz,qni
921 437 1099 504 vivebant
1142 444 1334 516 oleribus.

261 545 506 620 Substantirnm‚
527 543 560 608 in
572 543 760 626 quodetiam
773 543 1108 627 Hoffmannusinoidit,
1122 565 1247 631 prorsum
1259 569 1336 619 cer-

260 649 1326 734 tumest3provivebantpotestscriptumfuisseuescebantur.

360 755 428 821 lbd.
463 755 521 818 49:
562 754 699 837 quibus
728 754 906 838 qnotidie
937 755 1080 825 melius
1115 761 1336 829 subterere

260 864 410 944 tempus
442 860 704 942 maioremque
747 877 851 943 spem
889 862 1119 930 maturitate
1156 865 1336 933 frumen-

260 969 389 1032 torum
411 965 574 1050 proponi
595 964 794 1031 videbant.
842 965 948 1032 Mendi
968 969 1042 1033 nota
1063 969 1130 1036 iure
1151 973 1332 1056 apponitur..

260 1071 411 1138 Conectio
440 1091 500 1137 non
523 1091 540 1138 e
561 1071 727 1156 longinquo
748 1070 881 1153 petenda
901 1070 1040 1138 videtur:
1079 1077 1217 1158 quibus
1253 1078 1335 1164 [ee-

259 1177 339 1262 bue]
362 1176 544 1260 quotidie
564 1177 705 1242 melius
738 1196 775 1239 ee
803 1185 923 1240 terere
952 1180 1108 1262 tempus
1215 1181 1338 1248 vide-2

257 1283 360 1348 bant.
405 1283 505 1363 Quam
537 1281 628 1348 facile
659 1282 783 1347 rebus
814 1284 886 1365 post
917 1283 1054 1366 quihus
1088 1285 1245 1364 exciderit,
1271 1306 1332 1372 ep·

258 1389 392 1472 Wolff)
927 1395 930 1402 ’

358 1493 426 1561 lhd.
459 1493 514 1560 57:
562 1493 652 1560 Sese
673 1493 800 1560 omnis
821 1492 866 1558 de
887 1509 978 1576 pace
1001 1499 1202 1577 expertum
1225 1497 1328 1564 nihil

260 1599 393 1688 adhuc
415 1597 599 1664 arbitrari
633 1596 731 1662 vitio
762 1597 907 1663 facturn
940 1617 1079 1675 eorum,
1113 1617 1203 1682 quos
1235 1617 1329 1678 esse·

259 1707 438 1771 auctores
470 1705 552 1770 eins
585 1703 642 1767 rei
673 1701 882 1780 voluisset,
918 1703 1015 1788 quod
1046 1712 1114 1770 sua
1138 1706 1325 1772 mandata

258 1813 316 1876 cet.
364 1809 485 1876 Excidit
517 1808 644 1892 aliquid,
677 1827 747 1874 cum
779 1809 812 1873 in
843 1807 922 1874 hanc
953 1810 1139 1876 sententiam
1171 1811 1321 1894 scriptum

258 1918 355 1980 esset:
388 1915 487 1980 nihil
518 1914 641 1981 adhuc
670 1913 877 1999 [effecieem
911 1914 963 1998 sc]
990 1915 1187 1982 arbitrari
1217 1915 1329 1981 vitio

257 2020 403 2086 factum
428 2021 564 2085 eorum.
604 2019 685 2084 Nam
709 2019 825 2102 siquis
847 2021 937 2103 putat
969 2038 1005 2086 er
1025 2021 1075 2096 iis,
1097 2040 1165 2105 quc
1187 2021 1220 2086 le
1241 2019 1329 2086 eodi-

258 2125 345 2191 cihus
366 2125 483 2206 scripta
504 2126 586 2202 sunt,
607 2124 692 2189 idem
713 2125 776 2190 fere
798 2125 966 2190 enarrando
988 2125 1077 2217 elici¹
1092 2143 1192 2210 posse,
1223 2144 1322 2210 neque

258 2233 342 2297 reete
363 2231 430 2296 haec
465 2229 690 2315 coniunguntur
721 2248 807 2296 sese
840 2234 1035 2313 expertum
1140 2231 1328 2298 arbitrari

258 2355 356 2420 neque
377 2335 480 2402 nihil
512 2336 656 2402 lactum
679 2335 773 2400 vitio
805 2335 977 2402 alicuius
1004 2339 1087 2402 recte
1109 2336 1149 2402 (le
1169 2337 1259 2422 culpa
1279 2337 1329 2403 rei

257 2461 317 2510 non
345 2442 461 2508 effectae
484 2442 605 2516 dicitur,
638 2460 676 2507 ne
709 2439 783 2524 quid
815 2440 853 2506 de
878 2441 1039 2506 verborum
1076 2442 1180 2508 ordine
1212 2441 1329 2528 (licam⁵

258 2547 366 2629 (Panlo
398 2549 468 2632 post
499 2546 725 2613 restituendum
757 2545 1014 2629 compellare,
1045 2547 1102 2612 hoo
1129 2545 1184 2622 est,
1217 2563 1323 2630 repre·

257 2654 392 2722 hendere
413 2671 449 2719 ao
469 2671 556 2737 paene
578 2671 738 2728 accusere3
772 2652 1011 2736 compellere
1039 2653 1085 2719 sio
1107 2653 1169 2719 <lici
1190 2653 1325 2736 nequit)

357 2760 423 2826 ltd.
446 2757 502 2823 63:
546 2758 638 2824 Nam
673 2757 790 2828 utel
819 2776 925 2824 mare
957 2761 1100 2824 nostre
1135 2757 1325 2823 cohortes

256 2885 363 2932 nonae
405 2863 587 2949 legionis
630 2863 905 2942 excoluerant,
948 2878 1150 2929 accessere
1193 2861 1325 2930 subito

256 2971 379 3054 prima
410 2969 497 3035 luce
530 2968 761 3051 Pompeiani.
823 2969 998 3035 Numerum
1031 2968 1201 3035 cohortium
1222 2965 1321 3032 eroi-

253 3075 339 3142 disso
359 3076 473 3158 putant
494 3073 630 3157 qnidam,
651 3072 725 3152 iure,
747 3076 775 3140 si
796 3078 900 3142 cetera
923 3091 998 3142 sena
1019 3077 1100 3140 sunt.
1141 3073 1202 3139 Serl
1223 3068 1323 3138 olien-

257 3181 303 3246 dit
334 3179 428 3246 etiam
461 3179 795 3264 plusquamperfectum
829 3181 1094 3248 excubuerant
1118 3199 1172 3262 pro
1200 3196 1323 3244 ercu-

256 3403 454 3414 ——0-—-

284 3576 306 3644 ¹)
327 3575 392 3646 Cap.
413 3579 447 3632 54
465 3579 537 3632 recte
555 3577 713 3632 Duebnerus
731 3577 1022 3634 renuntiaverunt
1040 3571 1187 3639 revocerit;
1206 3570 1253 3626 een
1270 3585 1320 3642 pro

325 3668 555 3738 respecierile
580 3670 697 3726 mneuds
714 3673 773 3726 erut
796 3671 870 3726 certe
893 3665 997 3724 ouieeii
1028 3664 1180 3720 emendatio
1207 3666 1321 3732 reete,

324 3759 481 3828 cibariis,
508 3779 561 3817 non
580 3779 628 3834 pro
658 3761 802 3819 cibariis
828 3760 980 3835 ponendum
1010 3758 1218 3827 congiariis,
1246 3757 1319 3826 quon

324 3854 432 3925 longius
465 3872 481 3910 e
505 3855 659 3911 litterarum
677 3857 801 3926 vestigiis
827 3853 944 3910 dlscerlit
966 3867 1015 3908 nec
1038 3851 1127 3921 ipsum
1146 3853 1239 3922 aptum
1258 3851 1318 3915 eet;

323 3965 409 4018 neque
428 3949 499 4004 enim
518 3949 655 4020 congiaris
672 3947 758 4004 libera
769 3946 873 4018 republ.
887 3952 1006 4016 unquam
1024 3931 1097 4001 inter
1114 3943 1225 4015 premia
1241 3942 1314 3998 mili·

329 4044 399 4101 tarie
417 4042 587 4114 singulorum
608 4041 728 4096 militum
747 4042 795 4095 eut
813 4039 963 4096 cohortium
982 4038 1163 4094 nominentur.
