<?xml version="1.0" encoding="UTF-8"?>
<!DOCTYPE html PUBLIC "-//W3C//DTD XHTML 1.0 Transitional//EN"
    "http://www.w3.org/TR/xhtml1/DTD/xhtml1-transitional.dtd">
<html xmlns="http://www.w3.org/1999/xhtml" xml:lang="en" lang="en">
 <head>
  <title>
</title>
<meta http-equiv="Content-Type" content="text/html;charset=utf-8" />
  <meta name='ocr-system' content='tesseract 3.04.00' />
  <meta name='ocr-capabilities' content='ocr_page ocr_carea ocr_par ocr_line ocrx_word'/>
</head>
<body>
  <div class='ocr_page' id='page_1' title='image "./adversariacriti03madvgoog/adversariacriti03madvgoog_0046.png"; bbox 0 0 2938 4630; ppageno 0'>
   <div class='ocr_carea' id='block_1_1' title="bbox 608 323 1170 392">
    <p class='ocr_par' dir='ltr' id='par_1_1' title="bbox 608 323 1170 392">
     <span class='ocr_line' id='line_1_1' title="bbox 608 323 1170 392; baseline 0.014 -14"><span class='ocrx_word' id='word_1_1' title='bbox 608 323 753 392; x_wconf 81' lang='lat' dir='ltr'><strong>Vergilius.</strong></span> <span class='ocrx_word' id='word_1_2' title='bbox 1129 323 1170 386; x_wconf 87' lang='lat'><strong>33</strong></span> 
     </span>
    </p>
   </div>
   <div class='ocr_carea' id='block_1_2' title="bbox 128 515 1224 2924">
    <p class='ocr_par' dir='ltr' id='par_1_2' title="bbox 128 515 1224 2924">
     <span class='ocr_line' id='line_1_2' title="bbox 146 515 1219 604; baseline 0 -18"><span class='ocrx_word' id='word_1_3' title='bbox 146 521 377 586; x_wconf 79' lang='lat' dir='ltr'><strong>emendationes</strong></span> <span class='ocrx_word' id='word_1_4' title='bbox 399 515 632 604; x_wconf 73' lang='lat' dir='ltr'><strong>preveniamur,</strong></span> <span class='ocrx_word' id='word_1_5' title='bbox 655 521 682 585; x_wconf 90' lang='lat' dir='ltr'><strong>si</strong></span> <span class='ocrx_word' id='word_1_6' title='bbox 715 522 787 604; x_wconf 89' lang='lat' dir='ltr'><strong>quid</strong></span> <span class='ocrx_word' id='word_1_7' title='bbox 811 523 855 586; x_wconf 89' lang='lat' dir='ltr'><strong>in.</strong></span> <span class='ocrx_word' id='word_1_8' title='bbox 876 521 1006 587; x_wconf 87' lang='lat' dir='ltr'><strong>materia</strong></span> <span class='ocrx_word' id='word_1_9' title='bbox 1027 541 1085 587; x_wconf 90' lang='lat' dir='ltr'><strong>non</strong></span> <span class='ocrx_word' id='word_1_10' title='bbox 1111 516 1219 604; x_wconf 77' lang='lat' dir='ltr'><strong>amplo</strong></span> 
     </span>
     <span class='ocr_line' id='line_1_3' title="bbox 152 625 1220 710; baseline 0.001 -18"><span class='ocrx_word' id='word_1_11' title='bbox 152 627 318 692; x_wconf 87' lang='lat' dir='ltr'><strong>multorum</strong></span> <span class='ocrx_word' id='word_1_12' title='bbox 348 625 472 690; x_wconf 82' lang='lat' dir='ltr'><strong>strenuo</strong></span> <span class='ocrx_word' id='word_1_13' title='bbox 502 643 594 708; x_wconf 81' lang='lat' dir='ltr'><strong>opero</strong></span> <span class='ocrx_word' id='word_1_14' title='bbox 625 625 709 690; x_wconf 91' lang='lat' dir='ltr'><strong>nobis</strong></span> <span class='ocrx_word' id='word_1_15' title='bbox 739 625 871 710; x_wconf 87' lang='lat' dir='ltr'><strong>reliquit,</strong></span> <span class='ocrx_word' id='word_1_16' title='bbox 906 628 985 710; x_wconf 91' lang='lat' dir='ltr'><strong>quod</strong></span> <span class='ocrx_word' id='word_1_17' title='bbox 1019 627 1050 692; x_wconf 93' lang='lat' dir='ltr'><strong>in</strong></span> <span class='ocrx_word' id='word_1_18' title='bbox 1083 627 1220 694; x_wconf 85' lang='lat' dir='ltr'><strong>AEneide&#39;</strong></span> 
     </span>
     <span class='ocr_line' id='line_1_4' title="bbox 148 729 1132 816; baseline -0.004 -18"><span class='ocrx_word' id='word_1_19' title='bbox 148 753 210 798; x_wconf 93' lang='lat' dir='ltr'><strong>non</strong></span> <span class='ocrx_word' id='word_1_20' title='bbox 232 733 376 807; x_wconf 86' lang='lat' dir='ltr'><strong>multum,</strong></span> <span class='ocrx_word' id='word_1_21' title='bbox 399 732 431 798; x_wconf 91' lang='lat' dir='ltr'><strong>ln</strong></span> <span class='ocrx_word' id='word_1_22' title='bbox 453 731 604 798; x_wconf 90' lang='lat' dir='ltr'><strong>Bucolicis</strong></span> <span class='ocrx_word' id='word_1_23' title='bbox 626 735 658 797; x_wconf 91' lang='lat' dir='ltr'><strong>et</strong></span> <span class='ocrx_word' id='word_1_24' title='bbox 679 731 835 816; x_wconf 79' lang='lat' dir='ltr'><strong>Georgicis</strong></span> <span class='ocrx_word' id='word_1_25' title='bbox 856 751 950 816; x_wconf 84' lang='lat' dir='ltr'><strong>prope</strong></span> <span class='ocrx_word' id='word_1_26' title='bbox 971 729 1046 797; x_wconf 82' lang='lat' dir='ltr'><strong>nihil</strong></span> <span class='ocrx_word' id='word_1_27' title='bbox 1067 733 1132 798; x_wconf 87' lang='lat' dir='ltr'><strong>erit.</strong></span> 
     </span>
     <span class='ocr_line' id='line_1_5' title="bbox 250 831 1022 920; baseline -0.001 -18"><span class='ocrx_word' id='word_1_28' title='bbox 250 837 320 902; x_wconf 78' lang='lat' dir='ltr'><strong>AEn.</strong></span> <span class='ocrx_word' id='word_1_29' title='bbox 346 835 597 920; x_wconf 72' lang='lat' dir='ltr'><strong>1‚¹toesqq.:··</strong></span> <span class='ocrx_word' id='word_1_30' title='bbox 943 838 957 863; x_wconf 70' lang='lat'><strong>&#39;¹</strong></span> <span class='ocrx_word' id='word_1_31' title='bbox 991 831 1022 866; x_wconf 75' lang='lat'><strong>&#39;²&#39;</strong></span> 
     </span>
     <span class='ocr_line' id='line_1_6' title="bbox 252 937 1115 1027; baseline 0 -19"><span class='ocrx_word' id='word_1_32' title='bbox 252 944 393 1027; x_wconf 81' lang='lat' dir='ltr'><strong>Namque</strong></span> <span class='ocrx_word' id='word_1_33' title='bbox 413 945 472 1008; x_wconf 86' lang='lat' dir='ltr'><strong>sub</strong></span> <span class='ocrx_word' id='word_1_34' title='bbox 492 943 609 1026; x_wconf 84' lang='lat' dir='ltr'><strong>ingenti</strong></span> <span class='ocrx_word' id='word_1_35' title='bbox 627 945 740 1009; x_wconf 86' lang='lat' dir='ltr'><strong>lustrat</strong></span> <span class='ocrx_word' id='word_1_36' title='bbox 758 941 834 1008; x_wconf 86' lang='lat' dir='ltr'><strong>&#39;dum</strong></span> <span class='ocrx_word' id='word_1_37' title='bbox 857 937 978 1026; x_wconf 82' lang='lat' dir='ltr'><strong>singula</strong></span> <span class='ocrx_word' id='word_1_38' title='bbox 990 939 1115 1025; x_wconf 87' lang='lat' dir='ltr'><strong>&#39;templo</strong></span> 
     </span>
     <span class='ocr_line' id='line_1_7' title="bbox 249 1040 1223 1132; baseline -0.001 -19"><span class='ocrx_word' id='word_1_39' title='bbox 249 1051 392 1132; x_wconf 85' lang='lat' dir='ltr'><strong>reginam</strong></span> <span class='ocrx_word' id='word_1_40' title='bbox 415 1051 584 1132; x_wconf 89' lang='lat' dir='ltr'><strong>opperiens,</strong></span> <span class='ocrx_word' id='word_1_41' title='bbox 607 1050 691 1126; x_wconf 72' lang='lat' dir='ltr'><strong>dum,</strong></span> <span class='ocrx_word' id='word_1_42' title='bbox 716 1069 782 1131; x_wconf 85' lang='lat' dir='ltr'><strong>quae</strong></span> <span class='ocrx_word' id='word_1_43' title='bbox 803 1047 925 1113; x_wconf 85' lang='lat' dir='ltr'><strong>fortuna</strong></span> <span class='ocrx_word' id='word_1_44' title='bbox 948 1040 995 1111; x_wconf 75' lang='lat' dir='ltr'><strong>sit=</strong></span> <span class='ocrx_word' id='word_1_45' title='bbox 1009 1049 1087 1124; x_wconf 88' lang='lat' dir='ltr'><strong>urbi,</strong></span> <span class='ocrx_word' id='word_1_46' title='bbox 1127 1041 1172 1068; x_wconf 93' lang='lat'><strong>&#39;&#39;</strong></span> <span class='ocrx_word' id='word_1_47' title='bbox 1200 1043 1223 1071; x_wconf 84' lang='grc'><strong>”</strong></span> 
     </span>
     <span class='ocr_line' id='line_1_8' title="bbox 254 1150 1152 1238; baseline 0 -20"><span class='ocrx_word' id='word_1_48' title='bbox 254 1155 476 1238; x_wconf 71' lang='lat' dir='ltr'><strong>amicumque</strong></span> <span class='ocrx_word' id='word_1_49' title='bbox 490 1151 599 1220; x_wconf 84' lang='lat' dir='ltr'><strong>manus</strong></span> <span class='ocrx_word' id='word_1_50' title='bbox 619 1155 700 1220; x_wconf 87' lang='lat' dir='ltr'><strong>inter</strong></span> <span class='ocrx_word' id='word_1_51' title='bbox 721 1173 754 1219; x_wconf 87' lang='lat' dir='ltr'><strong>se</strong></span> <span class='ocrx_word' id='word_1_52' title='bbox 776 1171 962 1237; x_wconf 87' lang='lat' dir='ltr'><strong>operumque</strong></span> <span class='ocrx_word' id='word_1_53' title='bbox 983 1150 1117 1218; x_wconf 88' lang='lat' dir='ltr'><strong>laborem</strong></span> <span class='ocrx_word' id='word_1_54' title='bbox 1149 1176 1152 1184; x_wconf 93' lang='lat'>·</span> 
     </span>
     <span class='ocr_line' id='line_1_9' title="bbox 130 1260 1180 1335; baseline -0.002 -9"><span class='ocrx_word' id='word_1_55' title='bbox 130 1271 133 1276; x_wconf 74' lang='grc'>“</span> <span class='ocrx_word' id='word_1_56' title='bbox 249 1261 389 1335; x_wconf 87' lang='lat' dir='ltr'><strong>miratur,</strong></span> <span class='ocrx_word' id='word_1_57' title='bbox 413 1260 496 1325; x_wconf 81' lang='lat' dir='ltr'><strong>videt</strong></span> <span class='ocrx_word' id='word_1_58' title='bbox 519 1311 525 1326; x_wconf 87' lang='lat'><strong>.</strong></span> <span class='ocrx_word' id='word_1_59' title='bbox 550 1307 589 1325; x_wconf 86' lang='lat'><strong>..</strong></span> <span class='ocrx_word' id='word_1_60' title='bbox 1177 1270 1180 1279; x_wconf 84' lang='lat'>&#39;</span> 
     </span>
     <span class='ocr_line' id='line_1_10' title="bbox 241 1353 1219 1449; baseline -0.002 -19"><span class='ocrx_word' id='word_1_61' title='bbox 241 1365 362 1449; x_wconf 74' lang='lat' dir='ltr'><strong>‘Neque</strong></span> <span class='ocrx_word' id='word_1_62' title='bbox 382 1363 420 1430; x_wconf 87' lang='lat' dir='ltr'><strong>de</strong></span> <span class='ocrx_word' id='word_1_63' title='bbox 436 1378 502 1431; x_wconf 85' lang='lat' dir='ltr'><strong>&#39;dno</strong></span> <span class='ocrx_word' id='word_1_64' title='bbox 524 1365 622 1431; x_wconf 73' lang='lat' dir='ltr'><strong>Ainea</strong></span> <span class='ocrx_word' id='word_1_65' title='bbox 643 1369 726 1430; x_wconf 88' lang='lat' dir='ltr'><strong>recte</strong></span> <span class='ocrx_word' id='word_1_66' title='bbox 747 1363 808 1429; x_wconf 87' lang='lat' dir='ltr'><strong>dici</strong></span> <span class='ocrx_word' id='word_1_67' title='bbox 830 1363 907 1424; x_wconf 81' lang='lat' dir='ltr'><strong>inter</strong></span> <span class='ocrx_word' id='word_1_68' title='bbox 927 1383 966 1440; x_wconf 74' lang='lat' dir='ltr'><strong>se,</strong></span> <span class='ocrx_word' id='word_1_69' title='bbox 988 1380 1085 1446; x_wconf 88' lang='lat' dir='ltr'><strong>neque</strong></span> <span class='ocrx_word' id='word_1_70' title='bbox 1106 1353 1219 1428; x_wconf 76' lang='lat' dir='ltr'><strong>minari</strong></span> 
     </span>
     <span class='ocr_line' id='line_1_11' title="bbox 147 1463 1215 1559; baseline 0.001 -24"><span class='ocrx_word' id='word_1_71' title='bbox 147 1473 301 1559; x_wconf 61' lang='lat' dir='ltr'><strong>anticum</strong></span> <span class='ocrx_word' id='word_1_72' title='bbox 327 1488 438 1534; x_wconf 74' lang='lat' dir='ltr'><strong>manua</strong></span> <span class='ocrx_word' id='word_1_73' title='bbox 458 1473 536 1534; x_wconf 79' lang='lat' dir='ltr'><strong>inter</strong></span> <span class='ocrx_word' id='word_1_74' title='bbox 559 1493 591 1534; x_wconf 77' lang='lat' dir='ltr'><strong>ce</strong></span> <span class='ocrx_word' id='word_1_75' title='bbox 612 1471 655 1535; x_wconf 88' lang='lat' dir='ltr'><strong>de</strong></span> <span class='ocrx_word' id='word_1_76' title='bbox 678 1469 889 1552; x_wconf 80' lang='lat' dir='ltr'><strong>comparandis</strong></span> <span class='ocrx_word' id='word_1_77' title='bbox 919 1469 1059 1552; x_wconf 88' lang='lat' dir='ltr'><strong>operibns</strong></span> <span class='ocrx_word' id='word_1_78' title='bbox 1080 1463 1215 1554; x_wconf 76' lang='lat' dir='ltr'><strong>intelligi</strong></span> 
     </span>
     <span class='ocr_line' id='line_1_12' title="bbox 152 1573 1214 1661; baseline -0.002 -19"><span class='ocrx_word' id='word_1_79' title='bbox 152 1595 251 1660; x_wconf 84' lang='lat' dir='ltr'><strong>posse,</strong></span> <span class='ocrx_word' id='word_1_80' title='bbox 273 1579 447 1660; x_wconf 82' lang='lat' dir='ltr'><strong>‘inepteque</strong></span> <span class='ocrx_word' id='word_1_81' title='bbox 478 1577 627 1642; x_wconf 80' lang='lat' dir='ltr'><strong>eiusmodi</strong></span> <span class='ocrx_word' id='word_1_82' title='bbox 661 1575 916 1658; x_wconf 74' lang='lat' dir='ltr'><strong>comparationem</strong></span> <span class='ocrx_word' id='word_1_83' title='bbox 958 1573 1062 1640; x_wconf 78' lang='lat' dir='ltr'><strong>AEneae</strong></span> <span class='ocrx_word' id='word_1_84' title='bbox 1097 1575 1214 1661; x_wconf 84' lang='lat' dir='ltr'><strong>affingi,</strong></span> 
     </span>
     <span class='ocr_line' id='line_1_13' title="bbox 158 1679 1215 1764; baseline 0 -18"><span class='ocrx_word' id='word_1_85' title='bbox 158 1684 290 1764; x_wconf 76' lang='lat' dir='ltr'><strong>apparet.</strong></span> <span class='ocrx_word' id='word_1_86' title='bbox 346 1682 391 1748; x_wconf 76' lang='lat' dir='ltr'><strong>Er</strong></span> <span class='ocrx_word' id='word_1_87' title='bbox 427 1701 473 1759; x_wconf 77' lang='lat' dir='ltr'><strong>co,</strong></span> <span class='ocrx_word' id='word_1_88' title='bbox 506 1682 587 1764; x_wconf 90' lang='lat' dir='ltr'><strong>qnod</strong></span> <span class='ocrx_word' id='word_1_89' title='bbox 617 1683 648 1745; x_wconf 93' lang='lat' dir='ltr'><strong>in</strong></span> <span class='ocrx_word' id='word_1_90' title='bbox 676 1679 777 1746; x_wconf 88' lang='lat' dir='ltr'><strong>codice</strong></span> <span class='ocrx_word' id='word_1_91' title='bbox 800 1703 815 1742; x_wconf 87' lang='lat' dir='ltr'><strong>c</strong></span> <span class='ocrx_word' id='word_1_92' title='bbox 838 1679 998 1758; x_wconf 86' lang='lat' dir='ltr'><strong>(chcnsi</strong></span> <span class='ocrx_word' id='word_1_93' title='bbox 1021 1701 1081 1746; x_wconf 89' lang='lat' dir='ltr'><strong>sec.</strong></span> <span class='ocrx_word' id='word_1_94' title='bbox 1104 1681 1163 1761; x_wconf 88' lang='lat' dir='ltr'><strong>IX)</strong></span> <span class='ocrx_word' id='word_1_95' title='bbox 1197 1693 1215 1746; x_wconf 89' lang='lat' dir='ltr'><strong>a&#39;</strong></span> 
     </span>
     <span class='ocr_line' id='line_1_14' title="bbox 153 1776 1224 1870; baseline 0.002 -19"><span class='ocrx_word' id='word_1_96' title='bbox 153 1787 259 1870; x_wconf 89' lang='lat' dir='ltr'><strong>prima·</strong></span> <span class='ocrx_word' id='word_1_97' title='bbox 273 1804 369 1854; x_wconf 85' lang='lat' dir='ltr'><strong>mann</strong></span> <span class='ocrx_word' id='word_1_98' title='bbox 394 1788 541 1870; x_wconf 86' lang='lat' dir='ltr'><strong>scripturn</strong></span> <span class='ocrx_word' id='word_1_99' title='bbox 564 1789 619 1863; x_wconf 90' lang='lat' dir='ltr'><strong>est,</strong></span> <span class='ocrx_word' id='word_1_100' title='bbox 642 1785 764 1862; x_wconf 74' lang='lat' dir='ltr'><strong>intruso,</strong></span> <span class='ocrx_word' id='word_1_101' title='bbox 789 1787 975 1853; x_wconf 88' lang='lat' dir='ltr'><strong>Ribbeeln&#39;ns</strong></span> <span class='ocrx_word' id='word_1_102' title='bbox 997 1790 1116 1848; x_wconf 76' lang='lat' dir='ltr'><strong>intrans</strong></span> <span class='ocrx_word' id='word_1_103' title='bbox 1140 1776 1224 1852; x_wconf 81' lang='lat' dir='ltr'><strong>effe-¹</strong></span> 
     </span>
     <span class='ocr_line' id='line_1_15' title="bbox 150 1891 1214 1978; baseline -0.001 -22"><span class='ocrx_word' id='word_1_104' title='bbox 150 1893 209 1968; x_wconf 77' lang='lat' dir='ltr'><strong>oit3</strong></span> <span class='ocrx_word' id='word_1_105' title='bbox 245 1894 301 1958; x_wconf 87' lang='lat' dir='ltr'><strong>sed</strong></span> <span class='ocrx_word' id='word_1_106' title='bbox 329 1894 479 1978; x_wconf 75' lang='lat' dir='ltr'><strong>ingressio</strong></span> <span class='ocrx_word' id='word_1_107' title='bbox 510 1893 542 1956; x_wconf 92' lang='lat' dir='ltr'><strong>ln</strong></span> <span class='ocrx_word' id='word_1_108' title='bbox 574 1892 725 1974; x_wconf 85' lang='lat' dir='ltr'><strong>templum</strong></span> <span class='ocrx_word' id='word_1_109' title='bbox 756 1891 812 1956; x_wconf 90' lang='lat' dir='ltr'><strong>hoo</strong></span> <span class='ocrx_word' id='word_1_110' title='bbox 846 1893 912 1957; x_wconf 93' lang='lat' dir='ltr'><strong>loco</strong></span> <span class='ocrx_word' id='word_1_111' title='bbox 947 1894 1028 1976; x_wconf 75' lang='lat' dir='ltr'><strong>(post</strong></span> <span class='ocrx_word' id='word_1_112' title='bbox 1048 1893 1214 1977; x_wconf 66' lang='lat' dir='ltr'><strong>opperiens,</strong></span> 
     </span>
     <span class='ocr_line' id='line_1_16' title="bbox 150 1989 1224 2084; baseline 0.001 -22"><span class='ocrx_word' id='word_1_113' title='bbox 150 1989 406 2084; x_wconf 67' lang='lat' dir='ltr'><strong>inter&#39;artptcum</strong></span> <span class='ocrx_word' id='word_1_114' title='bbox 427 1999 536 2061; x_wconf 80' lang='lat' dir='ltr'><strong>mbnuc</strong></span> <span class='ocrx_word' id='word_1_115' title='bbox 568 1999 600 2062; x_wconf 90' lang='lat' dir='ltr'><strong>et</strong></span> <span class='ocrx_word' id='word_1_116' title='bbox 630 2017 754 2082; x_wconf 72' lang='lat' dir='ltr'><strong>operam</strong></span> <span class='ocrx_word' id='word_1_117' title='bbox 776 1996 921 2075; x_wconf 78' lang='lat' dir='ltr'><strong>laborem)</strong></span> <span class='ocrx_word' id='word_1_118' title='bbox 943 1994 1116 2082; x_wconf 79' lang='lat' dir='ltr'><strong>significari</strong></span> <span class='ocrx_word' id='word_1_119' title='bbox 1131 1991 1224 2063; x_wconf 84' lang='lat' dir='ltr'><strong>nullo&#39;</strong></span> 
     </span>
     <span class='ocr_line' id='line_1_17' title="bbox 152 2090 1215 2188; baseline -0.001 -18"><span class='ocrx_word' id='word_1_120' title='bbox 152 2107 244 2188; x_wconf 86' lang='lat' dir='ltr'><strong>pacto</strong></span> <span class='ocrx_word' id='word_1_121' title='bbox 265 2107 374 2188; x_wconf 86' lang='lat' dir='ltr'><strong>potest.</strong></span> <span class='ocrx_word' id='word_1_122' title='bbox 420 2105 564 2170; x_wconf 76' lang='lat' dir='ltr'><strong>&#39;Ponenda</strong></span> <span class='ocrx_word' id='word_1_123' title='bbox 585 2103 651 2168; x_wconf 86' lang='lat' dir='ltr'><strong>erat</strong></span> <span class='ocrx_word' id='word_1_124' title='bbox 675 2097 743 2184; x_wconf 88' lang='lat' dir='ltr'><strong>ipsa</strong></span> <span class='ocrx_word' id='word_1_125' title='bbox 766 2102 877 2167; x_wconf 77' lang='lat' dir='ltr'><strong>codicis</strong></span> <span class='ocrx_word' id='word_1_126' title='bbox 899 2105 1059 2186; x_wconf 83' lang='lat' dir='ltr'><strong>scriptura.</strong></span> <span class='ocrx_word' id='word_1_127' title='bbox 1102 2090 1215 2170; x_wconf 79' lang='lat' dir='ltr'><strong>AEncas</strong></span> 
     </span>
     <span class='ocr_line' id='line_1_18' title="bbox 153 2208 1214 2292; baseline 0.004 -21"><span class='ocrx_word' id='word_1_128' title='bbox 153 2214 237 2271; x_wconf 74' lang='lat' dir='ltr'><strong>intra</strong></span> <span class='ocrx_word' id='word_1_129' title='bbox 267 2231 306 2286; x_wconf 77' lang='lat' dir='ltr'><strong>oe,</strong></span> <span class='ocrx_word' id='word_1_130' title='bbox 342 2209 398 2276; x_wconf 92' lang='lat' dir='ltr'><strong>hoc</strong></span> <span class='ocrx_word' id='word_1_131' title='bbox 422 2213 478 2286; x_wconf 82' lang='lat' dir='ltr'><strong>est,</strong></span> <span class='ocrx_word' id='word_1_132' title='bbox 511 2211 624 2274; x_wconf 88' lang='lat' dir='ltr'><strong>tacitus</strong></span> <span class='ocrx_word' id='word_1_133' title='bbox 652 2208 806 2272; x_wconf 86' lang='lat' dir='ltr'><strong>artificum</strong></span> <span class='ocrx_word' id='word_1_134' title='bbox 829 2227 921 2290; x_wconf 88' lang='lat' dir='ltr'><strong>opera</strong></span> <span class='ocrx_word' id='word_1_135' title='bbox 943 2209 1122 2284; x_wconf 86' lang='lat' dir='ltr'><strong>admiratur,</strong></span> <span class='ocrx_word' id='word_1_136' title='bbox 1155 2229 1214 2292; x_wconf 92' lang='lat' dir='ltr'><strong>quo</strong></span> 
     </span>
     <span class='ocr_line' id='line_1_19' title="bbox 152 2313 1213 2398; baseline -0.006 -17"><span class='ocrx_word' id='word_1_137' title='bbox 152 2317 293 2398; x_wconf 83' lang='lat' dir='ltr'><strong>exemplo</strong></span> <span class='ocrx_word' id='word_1_138' title='bbox 316 2317 433 2380; x_wconf 87' lang='lat' dir='ltr'><strong>Plinius</strong></span> <span class='ocrx_word' id='word_1_139' title='bbox 458 2315 555 2380; x_wconf 86' lang='lat' dir='ltr'><strong>maior</strong></span> <span class='ocrx_word' id='word_1_140' title='bbox 576 2315 652 2379; x_wconf 83' lang='lat' dir='ltr'><strong>dixit</strong></span> <span class='ocrx_word' id='word_1_141' title='bbox 678 2313 736 2391; x_wconf 82' lang='lat' dir='ltr'><strong>(X,</strong></span> <span class='ocrx_word' id='word_1_142' title='bbox 761 2313 832 2391; x_wconf 87' lang='lat'>118)</span> <span class='ocrx_word' id='word_1_143' title='bbox 854 2314 935 2375; x_wconf 78' lang='lat' dir='ltr'><strong>intro</strong></span> <span class='ocrx_word' id='word_1_144' title='bbox 955 2325 1044 2377; x_wconf 75' lang='lat' dir='ltr'><strong>semel</strong></span> <span class='ocrx_word' id='word_1_145' title='bbox 1064 2315 1213 2389; x_wconf 66' lang='lat' dir='ltr'><strong>meditari,</strong></span> 
     </span>
     <span class='ocr_line' id='line_1_20' title="bbox 151 2419 1215 2504; baseline 0.002 -21"><span class='ocrx_word' id='word_1_146' title='bbox 151 2423 183 2484; x_wconf 84' lang='lat' dir='ltr'><strong>et</strong></span> <span class='ocrx_word' id='word_1_147' title='bbox 205 2421 413 2500; x_wconf 78' lang='lat' dir='ltr'><strong>Quintilianus</strong></span> <span class='ocrx_word' id='word_1_148' title='bbox 435 2422 516 2482; x_wconf 78' lang='lat' dir='ltr'><strong>iutra</strong></span> <span class='ocrx_word' id='word_1_149' title='bbox 534 2441 565 2482; x_wconf 81' lang='lat' dir='ltr'><strong>ac</strong></span> <span class='ocrx_word' id='word_1_150' title='bbox 586 2420 751 2503; x_wconf 63' lang='lat' dir='ltr'><strong>disponere,</strong></span> <span class='ocrx_word' id='word_1_151' title='bbox 780 2438 957 2504; x_wconf 81' lang='lat' dir='ltr'><strong>componere</strong></span> <span class='ocrx_word' id='word_1_152' title='bbox 979 2419 1029 2500; x_wconf 84' lang='lat' dir='ltr'><strong>(X,</strong></span> <span class='ocrx_word' id='word_1_153' title='bbox 1054 2420 1083 2498; x_wconf 79' lang='grc'><strong>6,</strong></span> <span class='ocrx_word' id='word_1_154' title='bbox 1106 2421 1136 2495; x_wconf 79' lang='grc'><strong>2,</strong></span> <span class='ocrx_word' id='word_1_155' title='bbox 1158 2421 1215 2497; x_wconf 80' lang='lat' dir='ltr'><strong>xi,</strong></span> 
     </span>
     <span class='ocr_line' id='line_1_21' title="bbox 152 2524 1216 2608; baseline 0 -20"><span class='ocrx_word' id='word_1_156' title='bbox 152 2525 182 2604; x_wconf 79' lang='lat'><strong>3,</strong></span> <span class='ocrx_word' id='word_1_157' title='bbox 208 2526 250 2602; x_wconf 79' lang='grc'><strong>2).</strong></span> <span class='ocrx_word' id='word_1_158' title='bbox 306 2525 414 2596; x_wconf 87' lang='lat' dir='ltr'><strong>(Paulo</strong></span> <span class='ocrx_word' id='word_1_159' title='bbox 449 2527 520 2591; x_wconf 85' lang='lat' dir='ltr'><strong>unte</strong></span> <span class='ocrx_word' id='word_1_160' title='bbox 551 2545 580 2590; x_wconf 88' lang='lat' dir='ltr'><strong>v.</strong></span> <span class='ocrx_word' id='word_1_161' title='bbox 602 2524 679 2599; x_wconf 84' lang='lat'>445,</span> <span class='ocrx_word' id='word_1_162' title='bbox 701 2525 754 2589; x_wconf 90' lang='lat' dir='ltr'><strong>nbi</strong></span> <span class='ocrx_word' id='word_1_163' title='bbox 787 2525 947 2589; x_wconf 83' lang='lat' dir='ltr'><strong>devertis</strong></span> <span class='ocrx_word' id='word_1_164' title='bbox 975 2525 1105 2608; x_wconf 75' lang='lat' dir='ltr'><strong>facilem</strong></span> <span class='ocrx_word' id='word_1_165' title='bbox 1136 2526 1216 2588; x_wconf 84' lang='lat' dir='ltr'><strong>nictu</strong></span> 
     </span>
     <span class='ocr_line' id='line_1_22' title="bbox 128 2613 1213 2714; baseline 0.001 -19"><span class='ocrx_word' id='word_1_166' title='bbox 128 2613 327 2696; x_wconf 38' lang='lat' dir='ltr'><strong>‘dubitatum</strong></span> <span class='ocrx_word' id='word_1_167' title='bbox 360 2633 417 2708; x_wconf 78' lang='lat' dir='ltr'><strong>est,</strong></span> <span class='ocrx_word' id='word_1_168' title='bbox 451 2650 547 2714; x_wconf 91' lang='lat' dir='ltr'><strong>nuper</strong></span> <span class='ocrx_word' id='word_1_169' title='bbox 578 2630 618 2695; x_wconf 89' lang='lat' dir='ltr'><strong>ab</strong></span> <span class='ocrx_word' id='word_1_170' title='bbox 652 2629 751 2711; x_wconf 89' lang='lat' dir='ltr'><strong>aliquo</strong></span> <span class='ocrx_word' id='word_1_171' title='bbox 785 2649 854 2693; x_wconf 87' lang='lat' dir='ltr'><strong>cnm</strong></span> <span class='ocrx_word' id='word_1_172' title='bbox 890 2631 976 2713; x_wconf 73' lang='lat' dir='ltr'><strong>gram</strong></span> <span class='ocrx_word' id='word_1_173' title='bbox 1009 2649 1124 2706; x_wconf 89' lang='lat' dir='ltr'><strong>errore,</strong></span> <span class='ocrx_word' id='word_1_174' title='bbox 1157 2651 1213 2697; x_wconf 93' lang='lat' dir='ltr'><strong>non</strong></span> 
     </span>
     <span class='ocr_line' id='line_1_23' title="bbox 156 2735 1214 2818; baseline 0.001 -18"><span class='ocrx_word' id='word_1_175' title='bbox 156 2739 281 2802; x_wconf 87' lang='lat' dir='ltr'><strong>memini</strong></span> <span class='ocrx_word' id='word_1_176' title='bbox 313 2740 489 2802; x_wconf 85' lang='lat' dir='ltr'><strong>annotatam</strong></span> <span class='ocrx_word' id='word_1_177' title='bbox 522 2757 540 2802; x_wconf 87' lang='lat' dir='ltr'><strong>a</strong></span> <span class='ocrx_word' id='word_1_178' title='bbox 562 2735 691 2818; x_wconf 87' lang='lat' dir='ltr'><strong>Vergilii</strong></span> <span class='ocrx_word' id='word_1_179' title='bbox 714 2736 937 2799; x_wconf 83' lang='lat' dir='ltr'><strong>enarratoribus</strong></span> <span class='ocrx_word' id='word_1_180' title='bbox 966 2735 1088 2801; x_wconf 86' lang='lat' dir='ltr'><strong>Senecae</strong></span> <span class='ocrx_word' id='word_1_181' title='bbox 1109 2736 1214 2804; x_wconf 80' lang='lat' dir='ltr'><strong>innita-</strong></span> 
     </span>
     <span class='ocr_line' id='line_1_24' title="bbox 154 2839 1032 2924; baseline -0.008 -16"><span class='ocrx_word' id='word_1_182' title='bbox 154 2843 267 2908; x_wconf 81' lang='lat' dir='ltr'><strong>ll&#39;onem</strong></span> <span class='ocrx_word' id='word_1_183' title='bbox 290 2841 379 2924; x_wconf 87' lang='lat' dir='ltr'><strong>epist.</strong></span> <span class='ocrx_word' id='word_1_184' title='bbox 401 2841 452 2918; x_wconf 84' lang='lat'><strong>90,</strong></span> <span class='ocrx_word' id='word_1_185' title='bbox 477 2839 530 2903; x_wconf 89' lang='lat'><strong>13:</strong></span> <span class='ocrx_word' id='word_1_186' title='bbox 553 2841 673 2924; x_wconf 79' lang='lat' dir='ltr'><strong>sapiens</strong></span> <span class='ocrx_word' id='word_1_187' title='bbox 693 2839 796 2918; x_wconf 72' lang='lat' dir='ltr'><strong>facilis</strong></span> <span class='ocrx_word' id='word_1_188' title='bbox 818 2841 897 2902; x_wconf 82' lang='lat' dir='ltr'><strong>ciclo</strong></span> <span class='ocrx_word' id='word_1_189' title='bbox 912 2839 1032 2924; x_wconf 58' lang='lat' dir='ltr'><strong>suilli)</strong></span> 
     </span>
    </p>
   </div>
   <div class='ocr_carea' id='block_1_3' title="bbox 148 2999 352 3006">
    <p class='ocr_par' dir='ltr' id='par_1_3' title="bbox 148 2999 352 3006">
     <span class='ocr_line' id='line_1_25' title="bbox 148 2999 352 3006; baseline -0.01 0"><span class='ocrx_word' id='word_1_190' title='bbox 148 2999 352 3006; x_wconf 73' lang='grc'><strong>------</strong></span> 
     </span>
    </p>
   </div>
   <div class='ocr_carea' id='block_1_4' title="bbox 182 3097 1218 4094">
    <p class='ocr_par' dir='ltr' id='par_1_4' title="bbox 224 3097 1218 4000">
     <span class='ocr_line' id='line_1_26' title="bbox 226 3097 1216 3168; baseline 0.009 -21"><span class='ocrx_word' id='word_1_191' title='bbox 226 3097 431 3164; x_wconf 88' lang='lat' dir='ltr'><strong>pronominibus</strong></span> <span class='ocrx_word' id='word_1_192' title='bbox 450 3114 477 3151; x_wconf 86' lang='lat' dir='ltr'><strong>se</strong></span> <span class='ocrx_word' id='word_1_193' title='bbox 497 3099 691 3167; x_wconf 74' lang='lat' dir='ltr'><strong>excipientibus</strong></span> <span class='ocrx_word' id='word_1_194' title='bbox 720 3099 849 3168; x_wconf 83' lang='lat' dir='ltr'><strong>arripitur</strong></span> <span class='ocrx_word' id='word_1_195' title='bbox 866 3099 1024 3154; x_wconf 78' lang='lat' dir='ltr'><strong>Plautinum</strong></span> <span class='ocrx_word' id='word_1_196' title='bbox 1042 3120 1084 3152; x_wconf 87' lang='lat' dir='ltr'><strong>soo</strong></span> <span class='ocrx_word' id='word_1_197' title='bbox 1101 3103 1155 3168; x_wconf 76' lang='lat' dir='ltr'><strong>sibi,</strong></span> <span class='ocrx_word' id='word_1_198' title='bbox 1174 3117 1216 3156; x_wconf 82' lang='lat' dir='ltr'><strong>ex-</strong></span> 
     </span>
     <span class='ocr_line' id='line_1_27' title="bbox 225 3187 1217 3260; baseline 0.006 -20"><span class='ocrx_word' id='word_1_199' title='bbox 225 3187 312 3256; x_wconf 86' lang='lat' dir='ltr'><strong>pulso,</strong></span> <span class='ocrx_word' id='word_1_200' title='bbox 343 3189 412 3258; x_wconf 89' lang='lat' dir='ltr'><strong>quod</strong></span> <span class='ocrx_word' id='word_1_201' title='bbox 431 3187 523 3244; x_wconf 81' lang='lat' dir='ltr'><strong>abesse</strong></span> <span class='ocrx_word' id='word_1_202' title='bbox 541 3195 643 3260; x_wconf 90' lang='lat' dir='ltr'><strong>nequit,</strong></span> <span class='ocrx_word' id='word_1_203' title='bbox 663 3197 716 3257; x_wconf 75' lang='lat' dir='ltr'><strong>elti3</strong></span> <span class='ocrx_word' id='word_1_204' title='bbox 749 3193 782 3257; x_wconf 92' lang='lat' dir='ltr'><strong>X,</strong></span> <span class='ocrx_word' id='word_1_205' title='bbox 807 3195 859 3248; x_wconf 86' lang='grc'><strong>588</strong></span> <span class='ocrx_word' id='word_1_206' title='bbox 878 3209 909 3246; x_wconf 88' lang='lat' dir='ltr'><strong>ex</strong></span> <span class='ocrx_word' id='word_1_207' title='bbox 926 3209 979 3246; x_wconf 92' lang='lat' dir='ltr'><strong>nno</strong></span> <span class='ocrx_word' id='word_1_208' title='bbox 997 3192 1019 3244; x_wconf 94' lang='lat' dir='ltr'><strong>P</strong></span> <span class='ocrx_word' id='word_1_209' title='bbox 1037 3192 1217 3247; x_wconf 83' lang='lat' dir='ltr'><strong>intolerabilis</strong></span> 
     </span>
     <span class='ocr_line' id='line_1_28' title="bbox 224 3281 1215 3354; baseline 0.002 -20"><span class='ocrx_word' id='word_1_210' title='bbox 224 3281 411 3336; x_wconf 73' lang='lat' dir='ltr'><strong>coniunctionis</strong></span> <span class='ocrx_word' id='word_1_211' title='bbox 430 3295 495 3349; x_wconf 78' lang='lat' dir='ltr'><strong>optet</strong></span> <span class='ocrx_word' id='word_1_212' title='bbox 512 3283 539 3336; x_wconf 95' lang='lat' dir='ltr'><strong>in</strong></span> <span class='ocrx_word' id='word_1_213' title='bbox 558 3284 626 3337; x_wconf 85' lang='lat' dir='ltr'><strong>banc</strong></span> <span class='ocrx_word' id='word_1_214' title='bbox 646 3287 809 3338; x_wconf 85' lang='lat' dir='ltr'><strong>structuram</strong></span> <span class='ocrx_word' id='word_1_215' title='bbox 827 3285 981 3339; x_wconf 78' lang='lat' dir='ltr'><strong>certissime</strong></span> <span class='ocrx_word' id='word_1_216' title='bbox 1000 3284 1069 3354; x_wconf 84' lang='lat' dir='ltr'><strong>legis</strong></span> <span class='ocrx_word' id='word_1_217' title='bbox 1087 3285 1215 3340; x_wconf 83' lang='lat' dir='ltr'><strong>infertur:</strong></span> 
     </span>
     <span class='ocr_line' id='line_1_29' title="bbox 224 3375 1217 3448; baseline 0.008 -24"><span class='ocrx_word' id='word_1_218' title='bbox 224 3375 281 3424; x_wconf 84' lang='lat' dir='ltr'><strong>dum</strong></span> <span class='ocrx_word' id='word_1_219' title='bbox 300 3415 307 3428; x_wconf 88' lang='lat'><strong>.</strong></span> <span class='ocrx_word' id='word_1_220' title='bbox 327 3415 332 3427; x_wconf 85' lang='lat'>.</span> <span class='ocrx_word' id='word_1_221' title='bbox 353 3379 452 3442; x_wconf 77' lang='lat' dir='ltr'><strong>,Aproi</strong></span> <span class='ocrx_word' id='word_1_222' title='bbox 468 3395 493 3427; x_wconf 74' lang='lat' dir='ltr'><strong>se</strong></span> <span class='ocrx_word' id='word_1_223' title='bbox 509 3393 604 3444; x_wconf 70' lang='lat' dir='ltr'><strong>popae,</strong></span> <span class='ocrx_word' id='word_1_224' title='bbox 622 3381 683 3429; x_wconf 72' lang='lat' dir='ltr'><strong>solit</strong></span> <span class='ocrx_word' id='word_1_225' title='bbox 702 3416 710 3432; x_wconf 84' lang='lat'><strong>.</strong></span> <span class='ocrx_word' id='word_1_226' title='bbox 729 3417 735 3429; x_wconf 94' lang='lat'>.</span> <span class='ocrx_word' id='word_1_227' title='bbox 755 3417 761 3429; x_wconf 89' lang='lat'><em>.</em></span> <span class='ocrx_word' id='word_1_228' title='bbox 781 3379 864 3442; x_wconf 58' lang='lat' dir='ltr'><strong>luston</strong></span> <span class='ocrx_word' id='word_1_229' title='bbox 893 3377 941 3438; x_wconf 87' lang='lat' dir='ltr'><strong>XI,</strong></span> <span class='ocrx_word' id='word_1_230' title='bbox 972 3375 1029 3433; x_wconf 79' lang='lat'>821&#39;</span> <span class='ocrx_word' id='word_1_231' title='bbox 1043 3379 1217 3448; x_wconf 73' lang='lat' dir='ltr'><strong>apertissima</strong></span> 
     </span>
     <span class='ocr_line' id='line_1_30' title="bbox 224 3466 1217 3540; baseline 0.004 -22"><span class='ocrx_word' id='word_1_232' title='bbox 224 3466 338 3534; x_wconf 75' lang='lat' dir='ltr'><strong>originis</strong></span> <span class='ocrx_word' id='word_1_233' title='bbox 361 3483 432 3521; x_wconf 82' lang='lat' dir='ltr'><strong>error</strong></span> <span class='ocrx_word' id='word_1_234' title='bbox 451 3471 526 3537; x_wconf 76' lang='lat' dir='ltr'><strong>(post</strong></span> <span class='ocrx_word' id='word_1_235' title='bbox 544 3472 633 3520; x_wconf 81' lang='lat' dir='ltr'><strong>Accam</strong></span> <span class='ocrx_word' id='word_1_236' title='bbox 654 3511 660 3523; x_wconf 90' lang='lat'><strong>.</strong></span> <span class='ocrx_word' id='word_1_237' title='bbox 680 3509 688 3525; x_wconf 82' lang='lat'><strong>.</strong></span> <span class='ocrx_word' id='word_1_238' title='bbox 707 3509 713 3524; x_wconf 89' lang='lat'><strong>.</strong></span> <span class='ocrx_word' id='word_1_239' title='bbox 732 3489 805 3522; x_wconf 86' lang='lat' dir='ltr'><strong>uuam</strong></span> <span class='ocrx_word' id='word_1_240' title='bbox 823 3473 972 3538; x_wconf 76' lang='lat' dir='ltr'><strong>Alloquitur)</strong></span> <span class='ocrx_word' id='word_1_241' title='bbox 990 3472 1075 3536; x_wconf 81' lang='lat' dir='ltr'><strong>fidam</strong></span> <span class='ocrx_word' id='word_1_242' title='bbox 1093 3487 1140 3540; x_wconf 82' lang='lat' dir='ltr'><strong>pro</strong></span> <span class='ocrx_word' id='word_1_243' title='bbox 1157 3473 1217 3536; x_wconf 82' lang='lat' dir='ltr'><strong>fida</strong></span> 
     </span>
     <span class='ocr_line' id='line_1_31' title="bbox 225 3561 1218 3631; baseline 0.008 -21"><span class='ocrx_word' id='word_1_244' title='bbox 225 3566 294 3622; x_wconf 78' lang='lat' dir='ltr'><strong>(cote</strong></span> <span class='ocrx_word' id='word_1_245' title='bbox 312 3563 376 3612; x_wconf 82' lang='lat' dir='ltr'><strong>alian</strong></span> <span class='ocrx_word' id='word_1_246' title='bbox 393 3581 446 3628; x_wconf 78' lang='lat' dir='ltr'><strong>quoa</strong></span> <span class='ocrx_word' id='word_1_247' title='bbox 463 3563 518 3613; x_wconf 79' lang='lat' dir='ltr'><strong>eolo</strong></span> <span class='ocrx_word' id='word_1_248' title='bbox 538 3563 655 3628; x_wconf 72' lang='lat' dir='ltr'><strong>Camilla)</strong></span> <span class='ocrx_word' id='word_1_249' title='bbox 674 3561 810 3630; x_wconf 81' lang='lat' dir='ltr'><strong>probatur,</strong></span> <span class='ocrx_word' id='word_1_250' title='bbox 836 3565 869 3616; x_wconf 82' lang='lat' dir='ltr'><strong>ut</strong></span> <span class='ocrx_word' id='word_1_251' title='bbox 888 3563 1020 3631; x_wconf 79' lang='lat' dir='ltr'><strong>(prolegg.</strong></span> <span class='ocrx_word' id='word_1_252' title='bbox 1037 3579 1065 3630; x_wconf 86' lang='lat' dir='ltr'><strong>p.</strong></span> <span class='ocrx_word' id='word_1_253' title='bbox 1083 3565 1131 3627; x_wconf 81' lang='lat'><strong>85)</strong></span> <span class='ocrx_word' id='word_1_254' title='bbox 1148 3563 1218 3618; x_wconf 79' lang='lat' dir='ltr'><strong>bova</strong></span> 
     </span>
     <span class='ocr_line' id='line_1_32' title="bbox 224 3651 1217 3726; baseline 0.007 -23"><span class='ocrx_word' id='word_1_255' title='bbox 224 3651 333 3705; x_wconf 82' lang='lat' dir='ltr'><strong>accedat</strong></span> <span class='ocrx_word' id='word_1_256' title='bbox 359 3651 474 3722; x_wconf 80' lang='lat' dir='ltr'><strong>suspicio</strong></span> <span class='ocrx_word' id='word_1_257' title='bbox 499 3653 532 3706; x_wconf 86' lang='lat' dir='ltr'><strong>dc</strong></span> <span class='ocrx_word' id='word_1_258' title='bbox 550 3655 684 3707; x_wconf 87' lang='lat' dir='ltr'><strong>sententia</strong></span> <span class='ocrx_word' id='word_1_259' title='bbox 700 3653 896 3708; x_wconf 88' lang='lat' dir='ltr'><strong>incredibiliter</strong></span> <span class='ocrx_word' id='word_1_260' title='bbox 913 3655 1075 3726; x_wconf 81' lang='lat' dir='ltr'><strong>imperfecta.</strong></span> <span class='ocrx_word' id='word_1_261' title='bbox 1109 3657 1217 3721; x_wconf 76' lang='lat' dir='ltr'><strong>(Infini-</strong></span> 
     </span>
     <span class='ocr_line' id='line_1_33' title="bbox 226 3744 1218 3814; baseline 0.005 -18"><span class='ocrx_word' id='word_1_262' title='bbox 226 3744 313 3798; x_wconf 84' lang='lat' dir='ltr'><strong>tivurn</strong></span> <span class='ocrx_word' id='word_1_263' title='bbox 323 3746 479 3802; x_wconf 87' lang='lat' dir='ltr'><strong>historicum</strong></span> <span class='ocrx_word' id='word_1_264' title='bbox 491 3763 544 3800; x_wconf 89' lang='lat' dir='ltr'><strong>nou</strong></span> <span class='ocrx_word' id='word_1_265' title='bbox 553 3747 582 3800; x_wconf 92' lang='lat' dir='ltr'><strong>in</strong></span> <span class='ocrx_word' id='word_1_266' title='bbox 592 3745 725 3800; x_wconf 86' lang='lat' dir='ltr'><strong>sententia</strong></span> <span class='ocrx_word' id='word_1_267' title='bbox 734 3747 855 3814; x_wconf 80' lang='lat' dir='ltr'><strong>relativa,</strong></span> <span class='ocrx_word' id='word_1_268' title='bbox 867 3749 912 3802; x_wconf 85' lang='lat' dir='ltr'><strong>sod</strong></span> <span class='ocrx_word' id='word_1_269' title='bbox 927 3751 1016 3803; x_wconf 82' lang='lat' dir='ltr'><strong>tamen</strong></span> <span class='ocrx_word' id='word_1_270' title='bbox 1035 3751 1108 3802; x_wconf 86' lang='lat' dir='ltr'><strong>extra</strong></span> <span class='ocrx_word' id='word_1_271' title='bbox 1127 3761 1218 3802; x_wconf 83' lang='lat' dir='ltr'><strong>norru-</strong></span> 
     </span>
     <span class='ocr_line' id='line_1_34' title="bbox 227 3837 1217 3908; baseline 0.004 -19"><span class='ocrx_word' id='word_1_272' title='bbox 227 3837 335 3902; x_wconf 81' lang='lat' dir='ltr'><strong>tionem,</strong></span> <span class='ocrx_word' id='word_1_273' title='bbox 354 3839 446 3906; x_wconf 86' lang='lat' dir='ltr'><strong>posuit</strong></span> <span class='ocrx_word' id='word_1_274' title='bbox 467 3839 602 3908; x_wconf 79' lang='lat' dir='ltr'><strong>Vergilius</strong></span> <span class='ocrx_word' id='word_1_275' title='bbox 622 3839 705 3892; x_wconf 84' lang='lat' dir='ltr'><strong>etiarn</strong></span> <span class='ocrx_word' id='word_1_276' title='bbox 724 3838 820 3908; x_wconf 84' lang='lat' dir='ltr'><strong>Georg.</strong></span> <span class='ocrx_word' id='word_1_277' title='bbox 849 3841 894 3906; x_wconf 88' lang='lat' dir='ltr'><strong>IV,</strong></span> <span class='ocrx_word' id='word_1_278' title='bbox 915 3842 975 3904; x_wconf 79' lang='lat'>134,</span> <span class='ocrx_word' id='word_1_279' title='bbox 1004 3843 1062 3903; x_wconf 85' lang='grc'>140,</span> <span class='ocrx_word' id='word_1_280' title='bbox 1088 3841 1150 3896; x_wconf 81' lang='lat' dir='ltr'><strong>AEn.</strong></span> <span class='ocrx_word' id='word_1_281' title='bbox 1170 3839 1217 3902; x_wconf 88' lang='lat' dir='ltr'><strong>IV,</strong></span> 
     </span>
     <span class='ocr_line' id='line_1_35' title="bbox 227 3929 977 4000; baseline 0.004 -18"><span class='ocrx_word' id='word_1_282' title='bbox 227 3931 287 3993; x_wconf 74' lang='lat'><strong>422,</strong></span> <span class='ocrx_word' id='word_1_283' title='bbox 307 3930 369 3994; x_wconf 92' lang='lat' dir='ltr'><strong>Vll,</strong></span> <span class='ocrx_word' id='word_1_284' title='bbox 390 3934 431 3987; x_wconf 80' lang='lat'><strong>15.</strong></span> <span class='ocrx_word' id='word_1_285' title='bbox 464 3931 534 3986; x_wconf 83' lang='lat' dir='ltr'><strong>Nam</strong></span> <span class='ocrx_word' id='word_1_286' title='bbox 552 3929 649 3998; x_wconf 78' lang='lat' dir='ltr'><strong>Georg.</strong></span> <span class='ocrx_word' id='word_1_287' title='bbox 669 3931 690 3995; x_wconf 84' lang='grc' dir='ltr'><strong>Ι,</strong></span> <span class='ocrx_word' id='word_1_288' title='bbox 710 3935 762 3988; x_wconf 77' lang='grc'><strong>200</strong></span> <span class='ocrx_word' id='word_1_289' title='bbox 780 3933 890 3986; x_wconf 88' lang='lat' dir='ltr'><strong>auditur</strong></span> <span class='ocrx_word' id='word_1_290' title='bbox 906 3935 977 4000; x_wconf 78' lang='lat' dir='ltr'><strong>vidi.)</strong></span> 
     </span>
    </p>

    <p class='ocr_par' dir='ltr' id='par_1_5' title="bbox 182 4020 1218 4094">
     <span class='ocr_line' id='line_1_36' title="bbox 182 4020 1218 4094; baseline 0.004 -18"><span class='ocrx_word' id='word_1_291' title='bbox 182 4020 208 4087; x_wconf 75' lang='lat'><strong>²)</strong></span> <span class='ocrx_word' id='word_1_292' title='bbox 226 4022 268 4076; x_wconf 91' lang='lat' dir='ltr'><strong>De</strong></span> <span class='ocrx_word' id='word_1_293' title='bbox 285 4021 307 4083; x_wconf 87' lang='grc' dir='ltr'><strong>Ι,</strong></span> <span class='ocrx_word' id='word_1_294' title='bbox 334 4026 386 4078; x_wconf 71' lang='lat'><strong>393</strong></span> <span class='ocrx_word' id='word_1_295' title='bbox 404 4023 470 4078; x_wconf 82' lang='lat' dir='ltr'><strong>satis</strong></span> <span class='ocrx_word' id='word_1_296' title='bbox 488 4023 553 4076; x_wconf 91' lang='lat' dir='ltr'><strong>olim</strong></span> <span class='ocrx_word' id='word_1_297' title='bbox 582 4023 648 4086; x_wconf 79' lang='lat' dir='ltr'><strong>dixi,</strong></span> <span class='ocrx_word' id='word_1_298' title='bbox 674 4026 821 4078; x_wconf 80' lang='lat' dir='ltr'><strong>necessario</strong></span> <span class='ocrx_word' id='word_1_299' title='bbox 840 4025 966 4094; x_wconf 87' lang='lat' dir='ltr'><strong>coniungi</strong></span> <span class='ocrx_word' id='word_1_300' title='bbox 994 4029 1103 4080; x_wconf 86' lang='lat' dir='ltr'><strong>ornatus</strong></span> <span class='ocrx_word' id='word_1_301' title='bbox 1131 4027 1159 4080; x_wconf 82' lang='lat' dir='ltr'><strong>et</strong></span> <span class='ocrx_word' id='word_1_302' title='bbox 1176 4044 1218 4080; x_wconf 84' lang='lat' dir='ltr'><strong>ac·</strong></span> 
     </span>
    </p>
   </div>
   <div class='ocr_carea' id='block_1_5' title="bbox 204 4114 1221 4258">
    <p class='ocr_par' dir='ltr' id='par_1_6' title="bbox 204 4114 1221 4258">
     <span class='ocr_line' id='line_1_37' title="bbox 225 4114 1221 4183; baseline 0.008 -18"><span class='ocrx_word' id='word_1_303' title='bbox 225 4114 310 4167; x_wconf 85' lang='lat' dir='ltr'><strong>tionis</strong></span> <span class='ocrx_word' id='word_1_304' title='bbox 325 4116 546 4182; x_wconf 80' lang='lat' dir='ltr'><strong>significationem</strong></span> <span class='ocrx_word' id='word_1_305' title='bbox 561 4119 715 4180; x_wconf 63' lang='lat' dir='ltr'><strong>(medactum</strong></span> <span class='ocrx_word' id='word_1_306' title='bbox 731 4120 847 4182; x_wconf 80' lang='lat' dir='ltr'><strong>pharetro</strong></span> <span class='ocrx_word' id='word_1_307' title='bbox 865 4129 888 4168; x_wconf 82' lang='lat' dir='ltr'><strong>ct</strong></span> <span class='ocrx_word' id='word_1_308' title='bbox 906 4155 912 4168; x_wconf 83' lang='lat'><strong>.</strong></span> <span class='ocrx_word' id='word_1_309' title='bbox 932 4156 939 4172; x_wconf 84' lang='lat'><strong>.</strong></span> <span class='ocrx_word' id='word_1_310' title='bbox 959 4157 966 4170; x_wconf 89' lang='lat'><strong>.</strong></span> <span class='ocrx_word' id='word_1_311' title='bbox 982 4128 1142 4183; x_wconf 72' lang='lat' dir='ltr'><strong>promentem),</strong></span> <span class='ocrx_word' id='word_1_312' title='bbox 1162 4123 1221 4174; x_wconf 87' lang='lat' dir='ltr'><strong>tum</strong></span> 
     </span>
     <span class='ocr_line' id='line_1_38' title="bbox 204 4204 1020 4258; baseline 0.011 -22"><span class='ocrx_word' id='word_1_313' title='bbox 204 4204 314 4239; x_wconf 80' lang='lat' dir='ltr'><strong>unuvrcn</strong></span> <span class='ocrx_word' id='word_1_314' title='bbox 326 4207 401 4241; x_wconf 55' lang='lat' dir='ltr'><strong>nevus</strong></span> <span class='ocrx_word' id='word_1_315' title='bbox 414 4209 463 4241; x_wconf 73' lang='lat' dir='ltr'><strong>cm.</strong></span> <span class='ocrx_word' id='word_1_316' title='bbox 484 4209 505 4242; x_wconf 89' lang='lat' dir='ltr'><strong>n.</strong></span> <span class='ocrx_word' id='word_1_317' title='bbox 1005 4217 1020 4258; x_wconf 82' lang='lat'><strong>3</strong></span> 
     </span>
    </p>
   </div>
   <div class='ocr_carea' id='block_1_6' title="bbox 0 0 1478 4630">
    <p class='ocr_par' dir='ltr' id='par_1_7' title="bbox 0 0 1478 4630">
     <span class='ocr_line' id='line_1_39' title="bbox 0 0 1478 4630; baseline 0 0"><span class='ocrx_word' id='word_1_318' title='bbox 0 0 1478 4630; x_wconf 95' lang='lat' dir='ltr'><strong> </strong></span> 
     </span>
    </p>
   </div>
  </div>
 </body>
</html>
