2970 4648
317 250 379 314 462
677 249 953 322 nummoquv.

275 470 344 516 rum
384 451 513 518 interitu
545 450 654 515 laonna
680 450 737 516 est
778 449 816 516 In
850 449 1004 516 nonnullis
1036 449 1160 533 quidem
1181 450 1271 526 loeis,
1304 451 1336 515 ut

272 557 418 641 ep.2104,
441 558 491 634 27,
513 553 712 638 prorsussine
734 572 827 620 eausa
848 555 942 620 haeret
980 601 988 616 .
1216 553 1219 558 ’

375 663 454 728 Meae
478 661 709 728 emendationes
738 660 816 725 mihi
848 661 922 730 olim
944 661 1049 728 multae
1079 661 1262 728 videbantur
1283 681 1335 728 neo

274 770 472 852 spernendae;
507 787 601 842 nuno,
643 785 711 832 eum
733 767 938 850 proponendae
959 768 1042 843 sunt,
1081 768 1334 852 praegravatione

272 894 380 941 eorum
402 875 539 940 locorum
563 873 726 948 memoria,
758 874 790 938 in
815 874 928 957 quibus
956 893 1025 938 enm
1053 874 1200 949 haererem
1223 877 1278 940 aut
1299 874 1333 938 11

276 981 388 1046 mendo
409 1000 470 1046 non
493 979 681 1057 dubitarem,
715 982 836 1054 tamen,
863 980 895 1044 in
919 998 977 1062 quo
999 979 1090 1062 plane
1112 980 1334 1064 acquiescerem

273 1090 308 1152 et
332 1087 380 1152 oui
403 1085 594 1162 oonfiderem,
617 1104 677 1160 non
699 1085 862 1169 repperi1).

271 1293 470 1300 ...β-*-

300 1439 323 1509 1)
342 1439 468 1507 Amplam
486 1437 530 1493 hio
548 1453 653 1508 qnoque
671 1435 811 1492 materiam
829 1435 950 1490 relietum
973 1435 1117 1506 datamque
1135 1453 1192 1492 esse
1211 1435 1335 1505 prudenti

341 1531 439 1586 editori
469 1531 499 1585 in
517 1532 684 1600 superiorum
711 1528 779 1584 bene
797 1529 916 1584 inventis
941 1529 1111 1584 retrahendis
1128 1532 1156 1583 et
1173 1528 1250 1583 nouis
1268 1544 1335 1583 erto·

342 1625 417 1680 ribus
437 1622 610 1694 expellendis,
637 1621 717 1677 senile
744 1624 802 1676 erat
829 1623 904 1678 intra
928 1638 981 1677 non
999 1623 1146 1678 multarum
1162 1620 1335 1691 epistolarum

344 1717 462 1786 spatium
490 1714 683 1771 subsistentem
711 1714 857 1770 ostendero.
909 1715 961 1770 Sed
998 1717 1141 1770 contentus
1173 1731 1218 1768 ero
1249 1713 1335 1768 tribus

341 1812 502 1881 quattuorue
532 1809 667 1878 exemplis.
720 1807 786 1874 Quis
819 1807 891 1861 enim
923 1824 976 1862 non
1005 1808 1125 1874 miretur,
1154 1809 1234 1888 epist.
1266 1809 1290 1872 5,
1320 1809 1335 1862 8

339 1903 461 1958 codicum
505 1918 568 1956 sane
608 1902 738 1957 bonorum
785 1901 962 1964 auctoritate,
1005 1901 1050 1956 sed
1092 1903 1184 1956 eontra
1224 1900 1335 1954 formam

340 1995 469 2052 orationis
499 1994 668 2058 rhetoricam,
705 1995 799 2048 contre
834 1993 996 2047 sententiam
1023 1994 1066 2048 edi
1096 2010 1179 2048 nnnc:
1210 1995 1335 2047 utrum-

340 2104 404 2156 qne
423 2085 612 2156 pendentis
630 2086 735 2140 animi
754 2089 821 2152 est,
853 2087 1040 2154 utrumqne
1064 2086 1174 2141 fntnri
1199 2102 1334 2155 exspee-

339 2180 482 2234 tatione
501 2178 700 2234 sollicitum
726 2195 774 2248 pro
793 2179 945 2233 solliciti
970 2178 1165 2248 (pendentis
1183 2220 1190 2235 .
1210 2223 1217 2237 .
1237 2222 1244 2236 .
1263 2180 1334 2234 sol·

340 2273 565 2343 liniamentis
576 2288 617 2343 ep.
629 2276 654 2338 9,
667 2274 743 2339 1(3),
755 2273 803 2327 ubi
812 2271 960 2328 rectissime
970 2271 1026 2326 hae
1036 2288 1063 2326 se
1076 2272 1189 2328 habent:
1201 2274 1335 2342 (sapiens),

336 2382 408 2436 qnae
436 2366 506 2421 sibi
534 2366 670 2430 desunt,
700 2382 768 2419 non
787 2365 1084 2442 desiderat;·(nam
1107 2366 1179 2421 omni
1206 2365 1336 2422 desiderio

343 2460 485 2526 liberent,
515 2460 663 2526 ettamen)
687 2473 749 2512 non
769 2457 889 2513 deesse
913 2458 984 2513 sibi
1009 2459 1140 2513 mavult
1169 2463 1246 2524 [nam
1266 2475 1335 2514 oom-

341 2553 421 2608 moda
447 2569 502 2608 non
520 2552 631 2622 spernit,
661 2550 708 2604 sed
726 2552 829 2621 sumit),
849 2551 954 2606 turbari
971 2554 999 2606 et
1015 2552 1117 2618 inferri,
1145 2551 1216 2621 qnod
1233 2567 1268 2606 ne
1285 2551 1335 2604 La-

339 2641 428 2701 tinum
447 2644 556 2715 quidem
584 2643 622 2697 sit
651 2646 732 2707 (non
755 2642 932 2698 desiderat
956 2643 1107 2730 deessefl
1143 2643 1337 2712 (Miroretiam

342 2739 495 2809 Hanptinm
522 2739 535 2790 I
563 2755 588 2806 p.
624 2739 657 2792 10
689 2735 844 2800 aberrasse.)
890 2739 930 2792 De
952 2754 993 2807 ep.
1018 2740 1042 2803 8,
1067 2739 1093 2803 4,
1111 2736 1183 2807 quod
1200 2735 1337 2805 positurus

341 2849 415 2886 eram
436 2832 586 2900 exemplum
613 2831 765 2900 spretorum
793 2829 933 2896 bonorum,
959 2830 1025 2885 satis
1051 2829 1122 2884 dixit
1143 2829 1282 2897 Hanptius
1299 2827 1336 2888 II,

342 2942 367 2994 p.
389 2927 412 2990 7,
442 2923 519 2977 modo
537 2921 685 2978 addidisset
702 2923 783 2977 otiam
803 2923 937 2978 avertit
955 2927 983 2978 et
1001 2924 1156 2977 cernunt*
1171 2920 1339 2977 restituenda

336 3032 398 3071 esse
424 3033 472 3086 pro
491 3016 602 3070 111111
629 3018 657 3069 11
683 3016 852 3072 cernulat.
904 3015 976 3083 Quid
994 3016 1082 3072 dicam
1099 3015 1132 3070 de
1150 3029 1191 3084 ep.
1209 3017 1234 3078 9,
1254 3018 1337 3081 614),

341 3111 389 3166 nbi
413 3110 544 3164 retinetur
569 3111 597 3162 et
621 3110 763 3163 exornatur
786 3106 820 3161 ab
845 3107 946 3162 Heasio
969 3107 1120 3164 adiectione
1141 3108 1338 3179 prepositionis

340 3204 440 3257 inter
467 3201 593 3256 mendum
620 3202 768 3256 certissima
799 3201 849 3256 bae
867 3201 967 3256 Mureti
984 3200 1171 3257 emendatione
1188 3202 1337 3258 sublatum:

339 3294 456 3350 Habet
483 3293 572 3358 (1111.
603 3293 721 3361 habes)
749 3297 859 3348 autem
889 3310 953 3348 non
980 3295 1119 3350 tantum
1146 3312 1226 3350 nens
1252 3295 1336 3366 (1111.

343 3391 419 3451 usn]
449 3386 614 3442 amicitia
641 3388 774 3443 veteris
805 3390 837 3441 et
864 3389 962 3442 certa
988 3387 1138 3457 magnam
1173 3388 1336 3458 volupta-

339 3482 420 3545 tem,
456 3479 514 3534 sed
549 3481 652 3545 etiam
684 3463 1338 3550 111111111111111111111(11111111-

340 3573 571 3640 parationem)
600 3573 709 3627 nova?
755 3573 813 3627 Hoo
844 3563 918 3627 enim
943 3575 1043 3644 agitur,
1066 3563 1147 3629 etiam
1164 3591 1195 3629 ex
1212 3575 1294 3630 initio
1311 3577 1340 3628 et

346 3666 540 3733 comparatione
560 3666 700 3738 amicitiae
734 3666 903 3736 voluptatem
937 3667 1049 3738 percipi.
1102 3667 1194 3722 Mendi
1229 3669 1339 3724 initium

339 3761 430 3812 ortum
449 3761 490 3812 eet
508 3775 539 3812 ex
556 3757 659 3821 habes
677 3774 725 3828 pro
751 3758 872 3826 habet,
905 3759 1024 3814 nondum
1051 3760 1247 3827 animadverso,
1268 3759 1340 3830 quod

306 3879 309 3884 ·
344 3851 496 3906 subiectum
514 3852 654 3906 sententia
672 3855 750 3918 esset,
777 3853 890 3921 scripto,
922 3870 979 3922 quae
1007 3853 1081 3909 verbi
1100 3854 1186 3909 sonna
1203 3868 1339 3922 nepetae

341 3944 450 4014 quidem
467 3945 503 4000 in·
516 3945 651 4000 sententia
668 3941 788 4014 generali
806 3946 878 4000 11111-
890 3947 988 4016 potest.
