2970 4648
529 282 559 338 L.
580 282 683 340 seneca
700 282 733 340 de
751 283 839 342 benai.
1112 283 1174 351 419

252 477 320 548 lod.
345 481 395 561 21,
426 481 461 546 3:
494 481 694 548 fenerator
819 483 1021 575 debitores
1051 503 1121 556 uon
1154 505 1219 569 ap·

152 587 295 670 pellat,
326 605 420 670 quos
441 587 517 653 scit
537 586 752 666 decoxisse,
774 588 883 660 etin
915 608 1075 672 quorum
1096 589 1220 675 pudo·

152 712 229 760 rem
262 693 361 760 nihil
395 695 595 777 superest,
628 693 705 769 uisi
733 693 829 777 quod
855 696 999 777 pereat
1043 695 1110 762 Sor.
1143 696 1220 764 nisi

154 819 228 884 qao
270 802 404 880 pereat
445 798 517 877 (nisi
553 815 612 882 quo
650 798 788 866 adhibito
824 817 949 881 prorsus
980 804 1087 883 pereat
1119 801 1216 884 pudor
1313 876 1315 880 ¹

153 902 323 985 debitoris).
370 904 467 970 Paulo
487 906 560 970 ante
591 903 627 990 (ξ
648 905 681 987 2)
704 903 900 972 scribendum
921 908 984 972 est:
1030 905 1124 973 Nam
1159 905 1220 971 ul-

152 1009 421 1093 timaquoque
442 1009 656 1076 necessitas
683 1031 757 1074 noc
779 1019 897 1093 ceper,
927 1012 969 1076 ut
989 1010 1034 1076 ad
1056 1030 1139 1077 eum
1162 1031 1222 1078 re·

153 1117 262 1184 niam.
297 1115 439 1184 Codices:
461 1115 678 1182 necessitas
699 1115 737 1180 in
759 1115 825 1182 hoc
846 1117 948 1198 aget;
970 1115 1119 1182 Hessius:
1142 1135 1221 1183 nec.

153 1241 223 1289 non
244 1222 282 1287 in
303 1221 373 1286 hoc
395 1221 492 1306 aget.
514 1207 623 1287 'Nihil
644 1223 693 1288 est
712 1222 742 1287 h.
763 1221 785 1286 1.
807 1220 841 1283 io
860 1219 916 1284 too
937 1241 1036 1306 opere.

258 1327 325 1394 loe.
347 1327 397 1404 25,
429 1325 467 1392 4:
511 1326 662 1392 Moneri
694 1327 801 1394 velle
833 1345 876 1392 ac
906 1345 1022 1408 posse
1056 1327 1222 1394 secunda

153 1435 283 1502 virtus
317 1436 379 1500 est
405 1451 500 1516 quos
528 1432 745 1515 obsequens
766 1432 890 1498 faciet
915 1433 956 1498 ot
983 1449 1123 1515 parere
1150 1433 1222 1500 huc

152 1540 251 1607 illuc
273 1539 398 1604 irenis
419 1539 565 1606 leniter
592 1538 713 1616 motis,
740 1537 967 1604 flectendus
1001 1541 1061 1605 est
1085 1539 1222 1622 paucis

153 1647 308 1714 animus
340 1646 398 1712 sui
433 1645 564 1712 rector
597 1645 779 1728 optimus3
823 1643 985 1726 proximi
1018 1647 1125 1723 sunt,
1159 1645 1223 1728 qui

153 1752 342 1820 admoniti
368 1751 407 1816 in
437 1749 536 1815 viam
564 1747 736 1814 redeunt
798 1748 850 1814 Sic
880 1747 973 1828 Nm,
1007 1749 1045 1825 R,
1076 1749 1224 1817 Gronovii

155 1858 257 1935 codd,
280 1856 385 1932 ceteri,
408 1874 542 1940 quorum.
559 1855 658 1920 ulium
680 1855 730 1920 est
750 1855 895 1937 pretinm.
952 1856 1110 1941 interponi
1139 1875 1224 1922 com·

154 1963 344 2047 pmationem
375 1963 415 2027 ab
444 1962 511 2026 arte
537 1978 684 2044 equorum
705 1961 937 2028 tractandorum
958 1966 1113 2046 sumptam
1137 1963 1222 2028 Haa-

154 2069 219 2134 sius
240 2067 329 2146 vidit,
350 2067 405 2132 sed
429 2085 500 2132 oum
523 2082 641 2150 equos
663 2066 723 2149 (sic
745 2067 826 2134 enim
852 2071 937 2136 recte
959 2069 1108 2153 scripsit),
1128 2069 1224 2152 ouem

154 2174 378 2242 nominativum
400 2191 468 2238 esse
498 2172 601 2238 cetera
628 2172 805 2248 ostendunt,
837 2193 894 2256 pro
916 2174 1090 2240 accusativo
1111 2173 1223 2258 plurali

155 2280 342 2364 accepisset,
364 2279 466 2344 cetera
476 2277 631 2362 pervertit
656 2277 855 2344 Scribonium
867 2280 929 2346 est:
1016 2281 1085 2346 est
1102 2279 1224 2363 Equos

155 2393 277 2471 (equum
300 2385 515 2469 obsequens
540 2383 672 2469 facito
703 2385 741 2448 et
756 2405 903 2468 porcos
924 2385 995 2450 huc
1015 2384 1112 2450 illuc
1134 2385 1179 2452 ir.
1202 2386 1223 2452 1.

154 2512 197 2560 m.
231 2491 451 2560 flectendus
486 2493 555 2557 est.
609 2491 752 2557 Paucis
795 2490 947 2556 animus
989 2491 1058 2556 sui
1097 2491 1225 2557 rector

155 2599 343 2682 optimum
377 2597 542 2682 proximi
575 2601 666 2664 sunt
696 2597 755 2664 cet
808 2595 884 2662 Haec
916 2615 986 2660 cum
1020 2595 1225 2677 scripsissem,

156 2705 275 2788 aliquot
315 2703 473 2770 mensibus
514 2705 595 2786 post,
638 2721 708 2768 oum
741 2701 843 2784 ipsam
879 2700 1023 2768 Gronorii
1056 2699 1224 2766 editionem

157 2809 375 2893 aspexissem,
429 2807 604 2874 Rubenium
651 2807 734 2886 vidi,
781 2806 921 2890 preclari
974 2807 1127 2874 acuminis
1170 2807 1225 2872 ho-

157 2915 286 2993 miuem,
304 2913 387 2980 idem
409 2914 551 2980 omnibus
571 2912 682 2980 litteris
705 2912 879 2980 coniecisse.
931 2912 1024 2996 Apud
1046 2911 1224 2978 Fickertum

159 3021 225 3088 eius
247 3019 427 3092 coniectura
448 3020 534 3086 nulla
554 3021 671 3086 mentio
693 3023 752 3086 est.

258 3125 326 3191 Lib.
348 3124 402 3199 VI,
425 3123 457 3202 3,
479 3125 515 3191 2:
537 3126 677 3211 ignari,
705 3126 885 3210 quantum
907 3123 1076 3190 telorum
1097 3125 1135 3191 in
1157 3124 1225 3192 ad-

157 3248 291 3296 uersos
334 3229 493 3296 fortuna
531 3233 734 3315 comparet.
777 3231 862 3297 Imo:
906 3229 944 3294 in
983 3251 1150 3310 aceruos,
1190 3233 1226 3296 ut

159 3335 254 3402 habet
275 3335 303 3401 R
324 3335 372 3418 (et
394 3335 458 3400 aine
489 3335 579 3404 dubio
607 3335 711 3416 Nau),
743 3337 803 3402 hoo
831 3336 889 3415 est,
914 3336 988 3402 dum
1017 3337 1050 3402 in
1080 3336 1151 3402 aliis
1172 3354 1225 3402 oc-

161 3441 265 3526 cupati
286 3440 324 3504 de
346 3439 477 3505 iortunae
498 3439 530 3505 ui
550 3459 608 3507 uon
630 3440 781 3526 cogitatis.

259 3545 327 3610 ibd.
350 3543 381 3623 8,
413 3545 448 3609 4:
483 3547 520 3610 et
540 3545 580 3612 in
603 3564 715 3612 unum
743 3548 885 3612 testem
913 3545 959 3612 de
981 3567 1039 3614 me
1059 3566 1137 3615 rem
1158 3548 1227 3616 dc·

159 3652 298 3719 mittit.
353 3648 422 3716 Non
445 3651 543 3736 magis
575 3650 612 3713 de
632 3671 679 3714 me
702 3670 796 3734 quem
817 3651 855 3714 de
875 3670 922 3724 aa·
953 3653 1117 3737 utrumque
1139 3671 1225 3737 oeque

159 3776 253 3842 prave
274 3756 408 3823 additur.
466 3755 542 3822 Nea.
572 3756 710 3821 testem
738 3755 892 3821 demere
927 3753 1111 3823 demittit.
1135 3758 1225 3824 Fuit:

160 3863 198 3928 in
220 3881 331 3929 unum
354 3862 497 3928 testem
517 3870 654 3924 temere
671 3860 728 3938 (sic
749 3861 813 3924 iam
835 3860 900 3938 alii)
930 3880 1010 3924 rem
1032 3861 1227 3928 demittit.

161 3969 203 4034 Et
223 3970 370 4034 temere
392 3967 471 4050 (sine
491 3971 581 4044 rem)
602 3965 750 4032 edebatur
770 3965 842 4030 ante
862 3964 1047 4032 iiokertum.

922 4071 926 4092 ¹
979 4095 1028 4152 27*
