2978 4644
541 315 686 374 'Ciceronis
705 313 854 372 Orationes.
1133 319 1192 381 ‘227

236 548 239 556 ·
274 514 458 582 mutierem
484 513 520 580 lu
540 511 687 582 lironem
709 534 735 580 a.
765 513 846 578 1867
867 515 963 600 relegi
986 518 1018 582 et
1037 521 1106 584 tum
1126 522 1236 602 preter

174 637 219 697 ee,
242 638 309 705 quae
331 619 405 686 clim
428 619 593 687 emendata
614 617 688 686 aliti
714 619 805 697 edidi,
827 621 893 687 haec
914 624 1027 688 correxi
1048 628 1103 691 eut
1123 625 1236 691 saltem

173 730 299 794 lanuvi.
409 743 412 750 ·
1154 755 1160 762 ·

178 848 181 858 ·
273 832 294 920 ξ
316 833 351 898 9:
379 831 438 899 lex
459 831 557 900 AElia
579 835 617 899 et
636 829 747 900 nuuc
769 852 901 900 eversa
923 836 996 914 est,
1018 853 1236 922 propugna-

173 938 257 1004 tula
277 939 450 1023 murique
470 937 778 1024 tranquillitatis
799 941 911 1024 atque
937 939 1020 1007 etii.
1065 937 1099 1006 Si
1131 941 1237 1028 singu·

174 1043 231 1109 lari
267 1059 394 1110 numero
413 1045 513 1110 ‘verbi
544 1041 651 1111 Cicero
683 1063 758 1113 usus
786 1047 876 1122 essct,
912 1049 1237 1134 propugnaculum

174 1168 378 1234 murusque
399 1150 588 1235 scripsisset;
612 1169 692 1217 nunc
709 1153 837 1234 apparet
848 1171 918 1218 eum
929 1153 1081 1236 posuisse:
1102 1175 1237 1216 eversu

173 1265 268 1321 ucat.
285 1255 375 1337 ¹(Oir.
391 1255 440 1336 10,
463 1257 516 1322 nbi
537 1252 942 1342 oratioslciuterpuugeuda
953 1258 1015 1324 est:
1044 1307 1094 1328 ...
1111 1261 1237 1326 nutiu-

173 1372 330 1446 nemque
372 1360 593 1428 censoriam.
650 1359 750 1442 Quas
780 1360 1035 1448 leges'ausns
1072 1365 1236 1430 estnon

141 1461 144 1465 ⁴
175 1486 280 1534 neure
302 1467 512 1552 improbus,
545 1468 673 1551 putuit
705 1468 855 1552 quidem
877 1487 980 1534 neme
1003 1471 1236 1552 convellere,

174 1583 281 1660 quum
315 1575 550 1658 potestatem
574 1573 743 1641 minuere
769 1625 778 1643 .
802 1623 842 1642 ..
869 1595 975 1642 neruo
1006 1576 1083 1644 tum
1115 1577 1242 1672 effuse·

172 1679 350 1766 petulans
384 1683 541 1748 conatus
573 1684 647 1760 eet,
683 1682 761 1748 haec
793 1683 897 1762 suut,
930 1703 947 1750 o
979 1684 1168 1764 carnifex,
1199 1686 1236 1750 in

173 1789 316 1873 gremio
337 1789 489 1871 sepulta
512 1789 734 1855 consulatus
756 1787 869 1870 tui.)¹)

272 1893 338 1960 Ibd.
362 1893 417 1960 14:
460 1893 563 1962 Idem
595 1893 665 1962 illc
698 1896 778 1961 fere
812 1893 925 1961 biduo
958 1880 1166 1980 productus
1199 1897 1237 1960 iu

173 2001 387 2067 contionem
409 2001 454 2067 ab
476 2019 532 2080 en,
562 2001 622 2068 cui
644 2001 905 2086 sic-aequatum
927 2000 1124 2086 praebebas
1146 2019 1238 2070 eon·
1302 2013 1306 2020 ·

172 2108 339 2174 sulatum
376 2107 498 2185 tuum‚'
529 2109 589 2174 cet.
632 2102 669 2170 ln
706 2106 856 2190 corruptis
887 2103 1015 2190 syllubis'
1036 2105 1091 2172 sic
1113 2095 1239 2193 eque-

172 2217 250 2280 tnm
279 2211 375 2278 latere
403 2211 525 2278 uidetur
558 2230 671 2278 nomeu
703 2211 840 2278 muueris
874 2212 1042 2292 (militaris)
1077 2211 1238 2291 inferioris,

172 2320 258 2386 cuius·
279 2320 347 2386 lnce
370 2317 547 2384 consulatus
559 2312 684 2385 Pisuuis
706 2315 787 2401 apud
799 2311 941 2384 Clodium
952 2317 1052 2386 fuerit.
1082 2317 1237 2404 Scriptum

173 2429 305 2494 fortene
315 2425 431 2491 fuerat:
455 2423 516 2490 cui
538 2425 773 2508 optionatum
788 2423 979 2507 praebebas
996 2413 1238 2491 consulatum

172 2535 286 2598 tuum.
334 2531 529 2617 [Schuetzius
552 2529 915 2613 succenturiatum]

270 2637 417 2705 ludus:
447 2627 575 2702 tarucn
611 2637 650 2702 id
682 2637 742 2702 his
770 2629 992 2701 nuu'llcere
1022 2653 1088 2721 per
1113 2635 1237 2702 inter-

173 2747 278 2812 dictu
299 2743 511 2832 potestatis
527 2746 600 2808 tuae
616 2735 865 2808 crudelitatis
880 2742 963 2805 erat
976 2758 1046 2805 uon
1063 2735 1236 2806 fercudae.

172 2851 333 2935 Peuces
365 2852 397 2915 et
431 2850 499 2915 une
527 2849 590 2914 uno
624 2845 762 2929 exemplo
794 2831 889 2912 simut
907 2828 1086 2936 'interdicta‘
1118 2830 1237 2913 risonis

172 2955 336 3043 potestatis
372 2954 437 3021 eius
467 2949 635 3020 interdicte
671 2951 873 3038 appellantur.
917 2949 1022 3017 Cicero
1058 2941 1235 3038 scripserat:

173 3082 245 3132 uon
277 3043 396 3130 licere
428 3079 493 3144 per
528 3057 741 3126 interdicta
774 3068 837 3121 rea
872 3056 1120 3125 crudelitatis
1156 3061 1238 3126 erat

126 3235 128 3238 .
173 3165 438 3243 conferenda.
492 3164 637 3232 Alterum
673 3183 786 3232 nomeu
807 3164 895 3231 initio
917 3160 956 3231 ad
989 3163 1236 3231 crudelitatis

174 3268 361 3361 adscriptum
384 3276 441 3341 est.
536 3339 539 3344 ,

222 3404 225 3412 ’
273 3381 395 3450 Ibd.29
420 3381 452 3446 in
474 3379 614 3462 corrupte
635 3375 809 3461 idemque
830 3375 909 3441 latet
930 3373 1099 3460 denique,
1122 3375 1237 3441 cratio-

174 3487 281 3574 ulsqu'e
311 3485 413 3554 sonna
445 3481 621 3551 huiusmodi
653 3481 712 3549 luit
739 3481 788 3560 (de
821 3481 965 3547 Cicerone
998 3481 1030 3545 et
1061 3479 1236 3564 Pompei0):

202 3860 225 3928 ¹)
245 3861 305 3924 §12
314 3859 396 3914 miror
408 3857 479 3928 apud
490 3857 638 3928 Kayseruru
649 3869 701 3908 nou
717 3848 840 3906 annotari
850 3847 947 3902 saltem
963 3847 1142 3902 coniecturam
1151 3861 1237 3900 meam

246 3954 275 4008 iu
303 3951 433 4007 addendis
462 3947 533 4020 apud
563 3946 703 4002 Halmium
731 3944 759 3998 et
783 3941 921 3997 Buiternm
944 3940 1060 4010 positum
1077 3939 1113 4010 (p.
1142 3939 1236 4007 1452p:

245 4061 344 4116 egere
363 4044 583 4099 sordidissime
610 4036 810 4104 Gabinium
841 4049 904 4089 uam
927 4031 1012 4086 foris
1039 4045 1112 4085 esse
1131 4027 1237 4084 Gabi·

245 4140 339 4196 nium
357 4136 511 4194 certissime
528 4148 606 4202 unge
626 4134 691 4187 sunt
709 4128 741 4184 de
761 4143 813 4182 nou
832 4127 982 4181 sustinente
1000 4139 1035 4178 es
1053 4121 1179 4178 alienum.

988 4217 1036 4270 15*
