<?xml version="1.0" encoding="UTF-8"?>
<!DOCTYPE html PUBLIC "-//W3C//DTD XHTML 1.0 Transitional//EN"
    "http://www.w3.org/TR/xhtml1/DTD/xhtml1-transitional.dtd">
<html xmlns="http://www.w3.org/1999/xhtml" xml:lang="en" lang="en">
 <head>
  <title>
</title>
<meta http-equiv="Content-Type" content="text/html;charset=utf-8" />
  <meta name='ocr-system' content='tesseract 3.04.00' />
  <meta name='ocr-capabilities' content='ocr_page ocr_carea ocr_par ocr_line ocrx_word'/>
</head>
<body>
  <div class='ocr_page' id='page_1' title='image "./adversariacriti03madvgoog/adversariacriti03madvgoog_0318.png"; bbox 0 0 3000 4638; ppageno 0'>
   <div class='ocr_carea' id='block_1_1' title="bbox 591 299 1206 364">
    <p class='ocr_par' dir='ltr' id='par_1_1' title="bbox 591 299 1206 364">
     <span class='ocr_line' id='line_1_1' title="bbox 591 299 1206 364; baseline 0.015 -9"><span class='ocrx_word' id='word_1_1' title='bbox 591 299 710 357; x_wconf 76' lang='lat' dir='ltr'><strong>Velleius</strong></span> <span class='ocrx_word' id='word_1_2' title='bbox 728 301 831 358; x_wconf 81' lang='lat' dir='ltr'><strong>Patere.</strong></span> <span class='ocrx_word' id='word_1_3' title='bbox 1145 299 1206 364; x_wconf 85' lang='lat'><strong>305</strong></span> 
     </span>
    </p>
   </div>
   <div class='ocr_carea' id='block_1_2' title="bbox 179 499 1248 797">
    <p class='ocr_par' dir='ltr' id='par_1_2' title="bbox 179 499 1248 797">
     <span class='ocr_line' id='line_1_2' title="bbox 181 499 1248 602; baseline 0 -34"><span class='ocrx_word' id='word_1_4' title='bbox 181 505 252 569; x_wconf 86' lang='lat' dir='ltr'><strong>unte</strong></span> <span class='ocrx_word' id='word_1_5' title='bbox 274 515 343 568; x_wconf 87' lang='lat' dir='ltr'><strong>eem</strong></span> <span class='ocrx_word' id='word_1_6' title='bbox 367 501 539 587; x_wconf 75' lang='lat' dir='ltr'>quietam</span> <span class='ocrx_word' id='word_1_7' title='bbox 560 501 662 602; x_wconf 88' lang='lat' dir='ltr'><strong>dioere</strong></span> <span class='ocrx_word' id='word_1_8' title='bbox 684 519 725 566; x_wconf 87' lang='lat' dir='ltr'><strong>eo</strong></span> <span class='ocrx_word' id='word_1_9' title='bbox 746 517 816 566; x_wconf 90' lang='lat' dir='ltr'><strong>non</strong></span> <span class='ocrx_word' id='word_1_10' title='bbox 839 499 1143 591; x_wconf 69' lang='lat' dir='ltr'><strong>precipitatum,</strong></span> <span class='ocrx_word' id='word_1_11' title='bbox 1178 521 1248 568; x_wconf 84' lang='lat' dir='ltr'><strong>oum</strong></span> 
     </span>
     <span class='ocr_line' id='line_1_3' title="bbox 179 605 1248 692; baseline -0.002 -17"><span class='ocrx_word' id='word_1_12' title='bbox 179 610 353 692; x_wconf 76' lang='lat' dir='ltr'><strong>presertim</strong></span> <span class='ocrx_word' id='word_1_13' title='bbox 390 609 520 692; x_wconf 83' lang='lat' dir='ltr'><strong>quiete</strong></span> <span class='ocrx_word' id='word_1_14' title='bbox 553 623 651 672; x_wconf 88' lang='lat' dir='ltr'><strong>mors</strong></span> <span class='ocrx_word' id='word_1_15' title='bbox 688 607 738 672; x_wconf 85' lang='lat' dir='ltr'><strong>vix</strong></span> <span class='ocrx_word' id='word_1_16' title='bbox 774 605 884 672; x_wconf 79' lang='lat' dir='ltr'><strong>Latine</strong></span> <span class='ocrx_word' id='word_1_17' title='bbox 916 607 1096 690; x_wconf 77' lang='lat' dir='ltr'><strong>appelletur.</strong></span> <span class='ocrx_word' id='word_1_18' title='bbox 1139 609 1248 691; x_wconf 76' lang='lat' dir='ltr'><strong>linque</strong></span> 
     </span>
     <span class='ocr_line' id='line_1_4' title="bbox 179 711 1248 797; baseline -0.001 -17"><span class='ocrx_word' id='word_1_19' title='bbox 179 717 263 782; x_wconf 85' lang='lat' dir='ltr'><strong>reete</strong></span> <span class='ocrx_word' id='word_1_20' title='bbox 283 713 429 788; x_wconf 80' lang='lat' dir='ltr'><strong>iudicent,</strong></span> <span class='ocrx_word' id='word_1_21' title='bbox 463 711 516 796; x_wconf 89' lang='lat' dir='ltr'><strong>qui</strong></span> <span class='ocrx_word' id='word_1_22' title='bbox 538 713 605 777; x_wconf 86' lang='lat' dir='ltr'><strong>haeo</strong></span> <span class='ocrx_word' id='word_1_23' title='bbox 627 711 778 778; x_wconf 82' lang='lat' dir='ltr'><strong>adieetiuu</strong></span> <span class='ocrx_word' id='word_1_24' title='bbox 813 713 874 778; x_wconf 84' lang='lat' dir='ltr'><strong>ulio</strong></span> <span class='ocrx_word' id='word_1_25' title='bbox 895 714 1031 780; x_wconf 86' lang='lat' dir='ltr'><strong>trahunt.</strong></span> <span class='ocrx_word' id='word_1_26' title='bbox 1086 713 1145 778; x_wconf 87' lang='lat' dir='ltr'><strong>Sed</strong></span> <span class='ocrx_word' id='word_1_27' title='bbox 1168 715 1248 797; x_wconf 88' lang='lat' dir='ltr'><strong>quod</strong></span> 
     </span>
    </p>
   </div>
   <div class='ocr_carea' id='block_1_3' title="bbox 180 813 1383 902">
    <p class='ocr_par' dir='ltr' id='par_1_3' title="bbox 180 813 1383 902">
     <span class='ocr_line' id='line_1_5' title="bbox 180 813 1383 902; baseline -0.002 -16"><span class='ocrx_word' id='word_1_28' title='bbox 180 837 219 886; x_wconf 88' lang='lat' dir='ltr'><strong>eu</strong></span> <span class='ocrx_word' id='word_1_29' title='bbox 232 819 369 886; x_wconf 84' lang='lat' dir='ltr'><strong>Kritzius</strong></span> <span class='ocrx_word' id='word_1_30' title='bbox 378 819 486 886; x_wconf 82' lang='lat' dir='ltr'><strong>reterri</strong></span> <span class='ocrx_word' id='word_1_31' title='bbox 500 819 567 883; x_wconf 88' lang='lat' dir='ltr'><strong>vult</strong></span> <span class='ocrx_word' id='word_1_32' title='bbox 582 818 622 883; x_wconf 88' lang='lat' dir='ltr'><strong>ed</strong></span> <span class='ocrx_word' id='word_1_33' title='bbox 636 818 808 902; x_wconf 82' lang='lat' dir='ltr'><strong>praeoedens</strong></span> <span class='ocrx_word' id='word_1_34' title='bbox 829 835 915 900; x_wconf 81' lang='lat' dir='ltr'><strong>rep,</strong></span> <span class='ocrx_word' id='word_1_35' title='bbox 937 817 970 881; x_wconf 92' lang='lat' dir='ltr'><strong>id</strong></span> <span class='ocrx_word' id='word_1_36' title='bbox 982 819 1172 902; x_wconf 79' lang='lat' dir='ltr'><strong>interpositis</strong></span> <span class='ocrx_word' id='word_1_37' title='bbox 1186 821 1248 885; x_wconf 90' lang='lat' dir='ltr'><strong>illis</strong></span> <span class='ocrx_word' id='word_1_38' title='bbox 1382 813 1383 816; x_wconf 69' lang='grc'>’</span> 
     </span>
    </p>
   </div>
   <div class='ocr_carea' id='block_1_4' title="bbox 157 923 1249 2265">
    <p class='ocr_par' dir='ltr' id='par_1_4' title="bbox 157 923 1249 1633">
     <span class='ocr_line' id='line_1_6' title="bbox 180 923 1249 1008; baseline -0.002 -16"><span class='ocrx_word' id='word_1_39' title='bbox 180 926 523 1008; x_wconf 85' lang='lat' dir='ltr'><strong>eminuissuutque</strong></span> <span class='ocrx_word' id='word_1_40' title='bbox 548 924 630 989; x_wconf 90' lang='lat' dir='ltr'><strong>sine</strong></span> <span class='ocrx_word' id='word_1_41' title='bbox 653 924 832 1008; x_wconf 87' lang='lat' dir='ltr'><strong>periou&#39;lo</strong></span> <span class='ocrx_word' id='word_1_42' title='bbox 853 923 919 988; x_wconf 89' lang='lat' dir='ltr'><strong>fieri</strong></span> <span class='ocrx_word' id='word_1_43' title='bbox 940 924 1062 1006; x_wconf 83' lang='lat' dir='ltr'><strong>nequit,</strong></span> <span class='ocrx_word' id='word_1_44' title='bbox 1084 943 1120 990; x_wconf 84' lang='lat' dir='ltr'><strong>ao</strong></span> <span class='ocrx_word' id='word_1_45' title='bbox 1142 946 1180 990; x_wconf 90' lang='lat' dir='ltr'><strong>ne</strong></span> <span class='ocrx_word' id='word_1_46' title='bbox 1207 928 1249 990; x_wconf 83' lang='lat' dir='ltr'><strong>sa</strong></span> 
     </span>
     <span class='ocr_line' id='line_1_7' title="bbox 181 1027 1246 1118; baseline 0 -20"><span class='ocrx_word' id='word_1_47' title='bbox 181 1033 303 1118; x_wconf 91' lang='lat' dir='ltr'><strong>quidem</strong></span> <span class='ocrx_word' id='word_1_48' title='bbox 325 1032 397 1114; x_wconf 89' lang='lat' dir='ltr'><strong>post</strong></span> <span class='ocrx_word' id='word_1_49' title='bbox 429 1029 564 1113; x_wconf 86' lang='lat' dir='ltr'><strong>quiete</strong></span> <span class='ocrx_word' id='word_1_50' title='bbox 596 1047 665 1094; x_wconf 89' lang='lat' dir='ltr'><strong>oum</strong></span> <span class='ocrx_word' id='word_1_51' title='bbox 687 1029 792 1112; x_wconf 86' lang='lat' dir='ltr'><strong>Lipeio</strong></span> <span class='ocrx_word' id='word_1_52' title='bbox 823 1027 899 1094; x_wconf 88' lang='lat' dir='ltr'><strong>setis</strong></span> <span class='ocrx_word' id='word_1_53' title='bbox 932 1031 1093 1096; x_wconf 80' lang='lat' dir='ltr'><strong>commode</strong></span> <span class='ocrx_word' id='word_1_54' title='bbox 1115 1033 1246 1098; x_wconf 84' lang='lat' dir='ltr'><strong>additur.</strong></span> 
     </span>
     <span class='ocr_line' id='line_1_8' title="bbox 181 1121 1249 1220; baseline -0.004 -16"><span class='ocrx_word' id='word_1_55' title='bbox 181 1139 297 1204; x_wconf 88' lang='lat' dir='ltr'><strong>Verum</strong></span> <span class='ocrx_word' id='word_1_56' title='bbox 318 1137 420 1220; x_wconf 91' lang='lat' dir='ltr'><strong>ipsum</strong></span> <span class='ocrx_word' id='word_1_57' title='bbox 452 1121 696 1219; x_wconf 86' lang='lat' dir='ltr'><strong>praeoipitutu</strong></span> <span class='ocrx_word' id='word_1_58' title='bbox 729 1153 790 1200; x_wconf 93' lang='lat' dir='ltr'><strong>non</strong></span> <span class='ocrx_word' id='word_1_59' title='bbox 811 1137 894 1200; x_wconf 84' lang='lat' dir='ltr'><strong>reete</strong></span> <span class='ocrx_word' id='word_1_60' title='bbox 916 1136 1103 1200; x_wconf 73' lang='lat' dir='ltr'><strong>eontrarium</strong></span> <span class='ocrx_word' id='word_1_61' title='bbox 1125 1138 1249 1219; x_wconf 86' lang='lat' dir='ltr'><strong>ponitur</strong></span> 
     </span>
     <span class='ocr_line' id='line_1_9' title="bbox 182 1241 1247 1328; baseline -0.004 -18"><span class='ocrx_word' id='word_1_62' title='bbox 182 1245 330 1328; x_wconf 78' lang='lat' dir='ltr'><strong>quietae</strong></span> <span class='ocrx_word' id='word_1_63' title='bbox 347 1243 422 1324; x_wconf 89' lang='lat' dir='ltr'><strong>reip.</strong></span> <span class='ocrx_word' id='word_1_64' title='bbox 466 1241 668 1309; x_wconf 74' lang='lat' dir='ltr'><strong>scribendum</strong></span> <span class='ocrx_word' id='word_1_65' title='bbox 690 1243 778 1324; x_wconf 89' lang='lat' dir='ltr'><strong>puto:</strong></span> <span class='ocrx_word' id='word_1_66' title='bbox 801 1241 935 1324; x_wconf 81' lang='lat' dir='ltr'><strong>quiete</strong></span> <span class='ocrx_word' id='word_1_67' title='bbox 955 1242 1019 1305; x_wconf 83' lang='lat' dir='ltr'><strong>eut</strong></span> <span class='ocrx_word' id='word_1_68' title='bbox 1051 1244 1154 1306; x_wconf 84' lang='lat' dir='ltr'><strong>uerte</strong></span> <span class='ocrx_word' id='word_1_69' title='bbox 1178 1261 1247 1306; x_wconf 89' lang='lat' dir='ltr'><strong>non</strong></span> 
     </span>
     <span class='ocr_line' id='line_1_10' title="bbox 175 1345 1247 1437; baseline 0 -25"><span class='ocrx_word' id='word_1_70' title='bbox 175 1348 379 1437; x_wconf 73' lang='lat' dir='ltr'><strong>precipiti</strong></span> <span class='ocrx_word' id='word_1_71' title='bbox 413 1347 577 1413; x_wconf 77' lang='lat' dir='ltr'><strong>sinitote.</strong></span> <span class='ocrx_word' id='word_1_72' title='bbox 637 1347 767 1429; x_wconf 85' lang='lat' dir='ltr'><strong>Propter</strong></span> <span class='ocrx_word' id='word_1_73' title='bbox 804 1345 1038 1422; x_wconf 89' lang='lat' dir='ltr'><strong>similitudinem</strong></span> <span class='ocrx_word' id='word_1_74' title='bbox 1075 1347 1247 1412; x_wconf 84' lang='lat' dir='ltr'><strong>litterarum</strong></span> 
     </span>
     <span class='ocr_line' id='line_1_11' title="bbox 182 1453 1248 1538; baseline -0.006 -15"><span class='ocrx_word' id='word_1_75' title='bbox 182 1455 262 1538; x_wconf 89' lang='lat' dir='ltr'><strong>eipi</strong></span> <span class='ocrx_word' id='word_1_76' title='bbox 286 1456 318 1520; x_wconf 90' lang='lat' dir='ltr'><strong>et</strong></span> <span class='ocrx_word' id='word_1_77' title='bbox 347 1453 422 1519; x_wconf 85' lang='lat' dir='ltr'><strong>civi</strong></span> <span class='ocrx_word' id='word_1_78' title='bbox 454 1453 522 1518; x_wconf 86' lang='lat' dir='ltr'><strong>duee</strong></span> <span class='ocrx_word' id='word_1_79' title='bbox 546 1471 635 1520; x_wconf 88' lang='lat' dir='ltr'><strong>voees</strong></span> <span class='ocrx_word' id='word_1_80' title='bbox 667 1455 816 1520; x_wconf 85' lang='lat' dir='ltr'><strong>trunuatse</strong></span> <span class='ocrx_word' id='word_1_81' title='bbox 850 1453 1038 1518; x_wconf 85' lang='lat' dir='ltr'><strong>oouluerunt.</strong></span> <span class='ocrx_word' id='word_1_82' title='bbox 1080 1453 1248 1519; x_wconf 77' lang='lat' dir='ltr'><strong>Ciuitate</strong></span> 
     </span>
     <span class='ocr_line' id='line_1_12' title="bbox 157 1558 548 1633; baseline -0.003 -6"><span class='ocrx_word' id='word_1_83' title='bbox 157 1559 383 1633; x_wconf 73' lang='lat' dir='ltr'><strong>,Ruhnkenius</strong></span> <span class='ocrx_word' id='word_1_84' title='bbox 406 1558 548 1626; x_wconf 86' lang='lat' dir='ltr'><strong>uddebut.</strong></span> 
     </span>
    </p>

    <p class='ocr_par' dir='ltr' id='par_1_5' title="bbox 181 1663 1248 2265">
     <span class='ocr_line' id='line_1_13' title="bbox 282 1663 1246 1748; baseline 0 -18"><span class='ocrx_word' id='word_1_85' title='bbox 282 1665 349 1730; x_wconf 90' lang='lat' dir='ltr'><strong>Ibd.</strong></span> <span class='ocrx_word' id='word_1_86' title='bbox 372 1663 428 1742; x_wconf 86' lang='lat'><strong>68,</strong></span> <span class='ocrx_word' id='word_1_87' title='bbox 453 1665 484 1726; x_wconf 90' lang='lat' dir='ltr'><strong>l:</strong></span> <span class='ocrx_word' id='word_1_88' title='bbox 520 1664 575 1742; x_wconf 89' lang='lat' dir='ltr'><strong>(M.</strong></span> <span class='ocrx_word' id='word_1_89' title='bbox 599 1663 725 1744; x_wconf 75' lang='lat' dir='ltr'><strong>Coelius)</strong></span> <span class='ocrx_word' id='word_1_90' title='bbox 747 1683 829 1728; x_wconf 87' lang='lat' dir='ltr'><strong>oum</strong></span> <span class='ocrx_word' id='word_1_91' title='bbox 854 1663 890 1728; x_wconf 91' lang='lat' dir='ltr'><strong>iu</strong></span> <span class='ocrx_word' id='word_1_92' title='bbox 923 1663 1075 1728; x_wconf 79' lang='lat' dir='ltr'><strong>modios</strong></span> <span class='ocrx_word' id='word_1_93' title='bbox 1096 1665 1246 1748; x_wconf 90' lang='lat' dir='ltr'><strong>quidem</strong></span> 
     </span>
     <span class='ocr_line' id='line_1_14' title="bbox 183 1769 1247 1854; baseline -0.001 -15"><span class='ocrx_word' id='word_1_94' title='bbox 183 1771 333 1839; x_wconf 83' lang='lat' dir='ltr'><strong>servari</strong></span> <span class='ocrx_word' id='word_1_95' title='bbox 363 1773 495 1854; x_wconf 89' lang='lat' dir='ltr'><strong>posset</strong></span> <span class='ocrx_word' id='word_1_96' title='bbox 532 1769 682 1853; x_wconf 84' lang='lat' dir='ltr'><strong>(quippe</strong></span> <span class='ocrx_word' id='word_1_97' title='bbox 707 1770 816 1852; x_wconf 88' lang='lat' dir='ltr'><strong>peior</strong></span> <span class='ocrx_word' id='word_1_98' title='bbox 836 1769 901 1834; x_wconf 91' lang='lat' dir='ltr'><strong>illi</strong></span> <span class='ocrx_word' id='word_1_99' title='bbox 937 1787 997 1834; x_wconf 92' lang='lat' dir='ltr'><strong>res</strong></span> <span class='ocrx_word' id='word_1_100' title='bbox 1033 1769 1247 1838; x_wconf 86' lang='lat' dir='ltr'><strong>familiaris</strong></span> 
     </span>
     <span class='ocr_line' id='line_1_15' title="bbox 183 1875 1247 1962; baseline 0.001 -20"><span class='ocrx_word' id='word_1_101' title='bbox 183 1895 290 1962; x_wconf 87' lang='lat' dir='ltr'><strong>quum</strong></span> <span class='ocrx_word' id='word_1_102' title='bbox 313 1894 418 1941; x_wconf 90' lang='lat' dir='ltr'><strong>meus</strong></span> <span class='ocrx_word' id='word_1_103' title='bbox 440 1877 548 1954; x_wconf 72' lang='lat' dir='ltr'><strong>erut),</strong></span> <span class='ocrx_word' id='word_1_104' title='bbox 578 1875 613 1940; x_wconf 93' lang='lat' dir='ltr'><strong>in</strong></span> <span class='ocrx_word' id='word_1_105' title='bbox 635 1877 801 1958; x_wconf 85' lang='lat' dir='ltr'><strong>praeturu</strong></span> <span class='ocrx_word' id='word_1_106' title='bbox 822 1892 1003 1940; x_wconf 84' lang='lat' dir='ltr'><strong>noverum</strong></span> <span class='ocrx_word' id='word_1_107' title='bbox 1024 1877 1247 1942; x_wconf 85' lang='lat' dir='ltr'><strong>tabularum</strong></span> 
     </span>
     <span class='ocr_line' id='line_1_16' title="bbox 182 1979 1247 2050; baseline 0.002 -2"><span class='ocrx_word' id='word_1_108' title='bbox 182 1983 319 2048; x_wconf 87' lang='lat' dir='ltr'><strong>uuotor</strong></span> <span class='ocrx_word' id='word_1_109' title='bbox 350 1980 499 2048; x_wconf 82' lang='lat' dir='ltr'><strong>extitit.</strong></span> <span class='ocrx_word' id='word_1_110' title='bbox 551 1979 707 2046; x_wconf 80' lang='lat' dir='ltr'><strong>Orationis</strong></span> <span class='ocrx_word' id='word_1_111' title='bbox 743 1981 843 2046; x_wconf 86' lang='lat' dir='ltr'><strong>lormu</strong></span> <span class='ocrx_word' id='word_1_112' title='bbox 874 1983 959 2046; x_wconf 84' lang='lat' dir='ltr'><strong>uentu</strong></span> <span class='ocrx_word' id='word_1_113' title='bbox 992 1982 1054 2046; x_wconf 85' lang='lat' dir='ltr'><strong>est:</strong></span> <span class='ocrx_word' id='word_1_114' title='bbox 1088 2001 1170 2048; x_wconf 87' lang='lat' dir='ltr'><strong>oum</strong></span> <span class='ocrx_word' id='word_1_115' title='bbox 1204 2003 1247 2050; x_wconf 90' lang='lat' dir='ltr'><strong>ne</strong></span> 
     </span>
     <span class='ocr_line' id='line_1_17' title="bbox 181 2083 1248 2169; baseline 0.001 -15"><span class='ocrx_word' id='word_1_116' title='bbox 181 2089 219 2154; x_wconf 90' lang='lat' dir='ltr'><strong>iu</strong></span> <span class='ocrx_word' id='word_1_117' title='bbox 242 2087 389 2153; x_wconf 85' lang='lat' dir='ltr'><strong>modion</strong></span> <span class='ocrx_word' id='word_1_118' title='bbox 410 2083 564 2169; x_wconf 92' lang='lat' dir='ltr'><strong>quidem</strong></span> <span class='ocrx_word' id='word_1_119' title='bbox 591 2086 610 2125; x_wconf 84' lang='grc'>*</span> <span class='ocrx_word' id='word_1_120' title='bbox 632 2087 782 2152; x_wconf 83' lang='lat' dir='ltr'><strong>seruari</strong></span> <span class='ocrx_word' id='word_1_121' title='bbox 802 2089 943 2169; x_wconf 89' lang='lat' dir='ltr'><strong>posset.</strong></span> <span class='ocrx_word' id='word_1_122' title='bbox 994 2087 1080 2166; x_wconf 82' lang='lat' dir='ltr'><strong>Quod</strong></span> <span class='ocrx_word' id='word_1_123' title='bbox 1102 2089 1248 2156; x_wconf 85' lang='lat' dir='ltr'><strong>substen-</strong></span> 
     </span>
     <span class='ocr_line' id='line_1_18' title="bbox 182 2191 1247 2265; baseline 0 -6"><span class='ocrx_word' id='word_1_124' title='bbox 182 2193 282 2259; x_wconf 87' lang='lat' dir='ltr'><strong>tivum</strong></span> <span class='ocrx_word' id='word_1_125' title='bbox 304 2191 458 2265; x_wconf 79' lang='lat' dir='ltr'><strong>exciderit</strong></span> <span class='ocrx_word' id='word_1_126' title='bbox 496 2192 527 2256; x_wconf 92' lang='lat' dir='ltr'><strong>et</strong></span> <span class='ocrx_word' id='word_1_127' title='bbox 560 2192 730 2258; x_wconf 88' lang='lat' dir='ltr'><strong>similitudo</strong></span> <span class='ocrx_word' id='word_1_128' title='bbox 762 2193 935 2257; x_wconf 81' lang='lat' dir='ltr'><strong>litterarum</strong></span> <span class='ocrx_word' id='word_1_129' title='bbox 958 2195 991 2256; x_wconf 92' lang='lat' dir='ltr'><strong>et</strong></span> <span class='ocrx_word' id='word_1_130' title='bbox 1011 2211 1061 2260; x_wconf 88' lang='lat' dir='ltr'><strong>res</strong></span> <span class='ocrx_word' id='word_1_131' title='bbox 1084 2196 1247 2262; x_wconf 81' lang='lat' dir='ltr'><strong>manifesto</strong></span> 
     </span>
    </p>
   </div>
   <div class='ocr_carea' id='block_1_5' title="bbox 61 2297 1245 2382">
    <p class='ocr_par' dir='ltr' id='par_1_6' title="bbox 61 2297 1245 2382">
     <span class='ocr_line' id='line_1_19' title="bbox 61 2297 1245 2382; baseline 0.004 -21"><span class='ocrx_word' id='word_1_132' title='bbox 61 2339 63 2342; x_wconf 94' lang='lat'>-</span> <span class='ocrx_word' id='word_1_133' title='bbox 181 2298 331 2366; x_wconf 86' lang='lat' dir='ltr'><strong>ostendit:</strong></span> <span class='ocrx_word' id='word_1_134' title='bbox 364 2317 407 2363; x_wconf 94' lang='lat' dir='ltr'><strong>ne</strong></span> <span class='ocrx_word' id='word_1_135' title='bbox 429 2297 466 2362; x_wconf 94' lang='lat' dir='ltr'><strong>in</strong></span> <span class='ocrx_word' id='word_1_136' title='bbox 488 2297 637 2363; x_wconf 85' lang='lat' dir='ltr'><strong>modiou</strong></span> <span class='ocrx_word' id='word_1_137' title='bbox 658 2298 812 2382; x_wconf 89' lang='lat' dir='ltr'><strong>quidem</strong></span> <span class='ocrx_word' id='word_1_138' title='bbox 826 2297 913 2382; x_wconf 75' lang='lat' dir='ltr'><strong>fide</strong></span> <span class='ocrx_word' id='word_1_139' title='bbox 935 2301 1083 2364; x_wconf 84' lang='lat' dir='ltr'><strong>servari</strong></span> <span class='ocrx_word' id='word_1_140' title='bbox 1106 2306 1245 2382; x_wconf 82' lang='lat' dir='ltr'><strong>posset.</strong></span> 
     </span>
    </p>
   </div>
   <div class='ocr_carea' id='block_1_6' title="bbox 175 2403 1352 4249">
    <p class='ocr_par' dir='ltr' id='par_1_7' title="bbox 175 2403 1352 4249">
     <span class='ocr_line' id='line_1_20' title="bbox 181 2403 1247 2488; baseline 0.003 -18"><span class='ocrx_word' id='word_1_141' title='bbox 181 2405 313 2470; x_wconf 80' lang='lat' dir='ltr'><strong>Etiamsi</strong></span> <span class='ocrx_word' id='word_1_142' title='bbox 334 2425 395 2471; x_wconf 91' lang='lat' dir='ltr'><strong>nou</strong></span> <span class='ocrx_word' id='word_1_143' title='bbox 417 2405 509 2488; x_wconf 87' lang='lat' dir='ltr'><strong>plenu</strong></span> <span class='ocrx_word' id='word_1_144' title='bbox 531 2407 563 2468; x_wconf 93' lang='lat' dir='ltr'><strong>et</strong></span> <span class='ocrx_word' id='word_1_145' title='bbox 596 2403 717 2488; x_wconf 78' lang='lat' dir='ltr'><strong>integre</strong></span> <span class='ocrx_word' id='word_1_146' title='bbox 751 2405 925 2468; x_wconf 85' lang='lat' dir='ltr'><strong>servaretur</strong></span> <span class='ocrx_word' id='word_1_147' title='bbox 957 2406 1153 2485; x_wconf 81' lang='lat' dir='ltr'><strong>pecuniarum</strong></span> <span class='ocrx_word' id='word_1_148' title='bbox 1181 2427 1247 2474; x_wconf 85' lang='lat' dir='ltr'><strong>ore·</strong></span> 
     </span>
     <span class='ocr_line' id='line_1_21' title="bbox 180 2507 1247 2589; baseline 0.002 -14"><span class='ocrx_word' id='word_1_149' title='bbox 180 2509 315 2576; x_wconf 83' lang='lat' dir='ltr'><strong>diturum</strong></span> <span class='ocrx_word' id='word_1_150' title='bbox 347 2509 435 2589; x_wconf 80' lang='lat' dir='ltr'><strong>fides,</strong></span> <span class='ocrx_word' id='word_1_151' title='bbox 471 2509 526 2576; x_wconf 90' lang='lat' dir='ltr'><strong>sed</strong></span> <span class='ocrx_word' id='word_1_152' title='bbox 562 2509 684 2574; x_wconf 83' lang='lat' dir='ltr'><strong>tuntum</strong></span> <span class='ocrx_word' id='word_1_153' title='bbox 705 2507 828 2573; x_wconf 77' lang='lat' dir='ltr'><strong>modios</strong></span> <span class='ocrx_word' id='word_1_154' title='bbox 850 2510 897 2587; x_wconf 89' lang='lat' dir='ltr'><strong>(ut</strong></span> <span class='ocrx_word' id='word_1_155' title='bbox 930 2509 1041 2574; x_wconf 87' lang='lat' dir='ltr'><strong>solutio</strong></span> <span class='ocrx_word' id='word_1_156' title='bbox 1074 2511 1247 2577; x_wconf 86' lang='lat' dir='ltr'><strong>differretur</strong></span> 
     </span>
     <span class='ocr_line' id='line_1_22' title="bbox 181 2612 1246 2699; baseline 0 -18"><span class='ocrx_word' id='word_1_157' title='bbox 181 2615 344 2684; x_wconf 79' lang='lat' dir='ltr'><strong>similiave,</strong></span> <span class='ocrx_word' id='word_1_158' title='bbox 357 2616 572 2693; x_wconf 85' lang='lat' dir='ltr'><strong>tentarentur),</strong></span> <span class='ocrx_word' id='word_1_159' title='bbox 606 2615 720 2679; x_wconf 85' lang='lat' dir='ltr'><strong>servari</strong></span> <span class='ocrx_word' id='word_1_160' title='bbox 742 2612 855 2678; x_wconf 85' lang='lat' dir='ltr'><strong>Coelius</strong></span> <span class='ocrx_word' id='word_1_161' title='bbox 886 2632 945 2680; x_wconf 91' lang='lat' dir='ltr'><strong>nou</strong></span> <span class='ocrx_word' id='word_1_162' title='bbox 976 2617 1110 2697; x_wconf 87' lang='lat' dir='ltr'><strong>poterut;</strong></span> <span class='ocrx_word' id='word_1_163' title='bbox 1143 2616 1246 2699; x_wconf 83' lang='lat' dir='ltr'><strong>itaque</strong></span> 
     </span>
     <span class='ocr_line' id='line_1_23' title="bbox 180 2719 1246 2804; baseline 0.002 -19"><span class='ocrx_word' id='word_1_164' title='bbox 180 2720 275 2785; x_wconf 87' lang='lat' dir='ltr'><strong>fidem</strong></span> <span class='ocrx_word' id='word_1_165' title='bbox 297 2721 334 2786; x_wconf 88' lang='lat' dir='ltr'><strong>de</strong></span> <span class='ocrx_word' id='word_1_166' title='bbox 357 2720 422 2788; x_wconf 89' lang='lat' dir='ltr'><strong>foro</strong></span> <span class='ocrx_word' id='word_1_167' title='bbox 445 2719 552 2786; x_wconf 90' lang='lat' dir='ltr'><strong>tollere</strong></span> <span class='ocrx_word' id='word_1_168' title='bbox 574 2737 698 2784; x_wconf 87' lang='lat' dir='ltr'><strong>omnem</strong></span> <span class='ocrx_word' id='word_1_169' title='bbox 720 2719 848 2784; x_wconf 82' lang='lat' dir='ltr'><strong>conatus</strong></span> <span class='ocrx_word' id='word_1_170' title='bbox 871 2721 927 2785; x_wconf 85' lang='lat' dir='ltr'><strong>est.</strong></span> <span class='ocrx_word' id='word_1_171' title='bbox 988 2719 1106 2784; x_wconf 89' lang='lat' dir='ltr'><strong>Deinde</strong></span> <span class='ocrx_word' id='word_1_172' title='bbox 1127 2739 1193 2804; x_wconf 85' lang='lat' dir='ltr'><strong>quae</strong></span> <span class='ocrx_word' id='word_1_173' title='bbox 1214 2723 1246 2787; x_wconf 93' lang='lat' dir='ltr'><strong>in</strong></span> 
     </span>
     <span class='ocr_line' id='line_1_24' title="bbox 181 2817 1246 2906; baseline 0 -14"><span class='ocrx_word' id='word_1_174' title='bbox 181 2825 285 2892; x_wconf 77' lang='lat' dir='ltr'><strong>otdioe</strong></span> <span class='ocrx_word' id='word_1_175' title='bbox 312 2827 355 2891; x_wconf 88' lang='lat' dir='ltr'><strong>sio</strong></span> <span class='ocrx_word' id='word_1_176' title='bbox 383 2825 571 2892; x_wconf 83' lang='lat' dir='ltr'><strong>scribuntur:</strong></span> <span class='ocrx_word' id='word_1_177' title='bbox 610 2825 734 2890; x_wconf 80' lang='lat' dir='ltr'><strong>sonito</strong></span> <span class='ocrx_word' id='word_1_178' title='bbox 772 2817 907 2889; x_wconf 80' lang='lat' dir='ltr'><strong>etium</strong></span> <span class='ocrx_word' id='word_1_179' title='bbox 929 2823 1074 2889; x_wconf 89' lang='lat' dir='ltr'><strong>Milone</strong></span> <span class='ocrx_word' id='word_1_180' title='bbox 1097 2827 1246 2906; x_wconf 68' lang='lat' dir='ltr'><strong>Annio,</strong></span> 
     </span>
     <span class='ocr_line' id='line_1_25' title="bbox 181 2917 1352 3015; baseline 0 -19"><span class='ocrx_word' id='word_1_181' title='bbox 181 2931 259 3015; x_wconf 79' lang='lat' dir='ltr'><strong>qui,</strong></span> <span class='ocrx_word' id='word_1_182' title='bbox 281 2951 354 2998; x_wconf 93' lang='lat' dir='ltr'><strong>non</strong></span> <span class='ocrx_word' id='word_1_183' title='bbox 377 2931 587 3015; x_wconf 86' lang='lat' dir='ltr'><strong>impetrato</strong></span> <span class='ocrx_word' id='word_1_184' title='bbox 608 2929 755 3005; x_wconf 88' lang='lat' dir='ltr'><strong>reditu,</strong></span> <span class='ocrx_word' id='word_1_185' title='bbox 791 2930 956 2994; x_wconf 81' lang='lat' dir='ltr'><strong>Iulianis</strong></span> <span class='ocrx_word' id='word_1_186' title='bbox 984 2929 1162 3012; x_wconf 84' lang='lat' dir='ltr'><strong>partibus</strong></span> <span class='ocrx_word' id='word_1_187' title='bbox 1184 2933 1245 2996; x_wconf 89' lang='lat' dir='ltr'><strong>in·</strong></span> <span class='ocrx_word' id='word_1_188' title='bbox 1348 2917 1352 2923; x_wconf 71' lang='grc'>’</span> 
     </span>
     <span class='ocr_line' id='line_1_26' title="bbox 178 3035 1246 3120; baseline 0 -17"><span class='ocrx_word' id='word_1_189' title='bbox 178 3037 306 3103; x_wconf 86' lang='lat' dir='ltr'><strong>festus</strong></span> <span class='ocrx_word' id='word_1_190' title='bbox 328 3040 426 3116; x_wconf 81' lang='lat' dir='ltr'><strong>eret,</strong></span> <span class='ocrx_word' id='word_1_191' title='bbox 447 3037 485 3102; x_wconf 91' lang='lat' dir='ltr'><strong>iu</strong></span> <span class='ocrx_word' id='word_1_192' title='bbox 507 3037 600 3102; x_wconf 88' lang='lat' dir='ltr'><strong>urbe</strong></span> <span class='ocrx_word' id='word_1_193' title='bbox 634 3035 867 3101; x_wconf 87' lang='lat' dir='ltr'><strong>seditionem</strong></span> <span class='ocrx_word' id='word_1_194' title='bbox 900 3035 1002 3099; x_wconf 83' lang='lat' dir='ltr'><strong>haud</strong></span> <span class='ocrx_word' id='word_1_195' title='bbox 1027 3037 1151 3120; x_wconf 83' lang='lat' dir='ltr'><strong>magis</strong></span> <span class='ocrx_word' id='word_1_196' title='bbox 1183 3057 1246 3103; x_wconf 86' lang='lat' dir='ltr'><strong>oo-</strong></span> 
     </span>
     <span class='ocr_line' id='line_1_27' title="bbox 180 3142 1244 3229; baseline -0.001 -20"><span class='ocrx_word' id='word_1_197' title='bbox 180 3143 284 3229; x_wconf 86' lang='lat' dir='ltr'><strong>oulte</strong></span> <span class='ocrx_word' id='word_1_198' title='bbox 319 3144 503 3210; x_wconf 81' lang='lat' dir='ltr'><strong>bellinum</strong></span> <span class='ocrx_word' id='word_1_199' title='bbox 541 3143 749 3208; x_wconf 90' lang='lat' dir='ltr'><strong>tumultum</strong></span> <span class='ocrx_word' id='word_1_200' title='bbox 782 3159 949 3221; x_wconf 83' lang='lat' dir='ltr'><strong>movens,</strong></span> <span class='ocrx_word' id='word_1_201' title='bbox 993 3142 1112 3223; x_wconf 87' lang='lat' dir='ltr'><strong>primo</strong></span> <span class='ocrx_word' id='word_1_202' title='bbox 1145 3161 1244 3208; x_wconf 88' lang='lat' dir='ltr'><strong>sum-</strong></span> 
     </span>
     <span class='ocr_line' id='line_1_28' title="bbox 178 3246 1246 3334; baseline 0.001 -21"><span class='ocrx_word' id='word_1_203' title='bbox 178 3250 304 3313; x_wconf 85' lang='lat' dir='ltr'><strong>motus</strong></span> <span class='ocrx_word' id='word_1_204' title='bbox 343 3267 361 3313; x_wconf 87' lang='lat' dir='ltr'><strong>e</strong></span> <span class='ocrx_word' id='word_1_205' title='bbox 396 3267 486 3334; x_wconf 78' lang='lat' dir='ltr'><strong>rep,</strong></span> <span class='ocrx_word' id='word_1_206' title='bbox 533 3249 577 3314; x_wconf 86' lang='lat' dir='ltr'><strong>sio</strong></span> <span class='ocrx_word' id='word_1_207' title='bbox 616 3249 691 3330; x_wconf 89' lang='lat' dir='ltr'><strong>puto</strong></span> <span class='ocrx_word' id='word_1_208' title='bbox 719 3247 834 3320; x_wconf 85' lang='lat' dir='ltr'><strong>multo,</strong></span> <span class='ocrx_word' id='word_1_209' title='bbox 867 3263 959 3330; x_wconf 88' lang='lat' dir='ltr'><strong>quum</strong></span> <span class='ocrx_word' id='word_1_210' title='bbox 992 3246 1109 3312; x_wconf 83' lang='lat' dir='ltr'><strong>fautum</strong></span> <span class='ocrx_word' id='word_1_211' title='bbox 1146 3253 1193 3313; x_wconf 83' lang='lat' dir='ltr'><strong>est</strong></span> <span class='ocrx_word' id='word_1_212' title='bbox 1228 3269 1246 3314; x_wconf 82' lang='lat' dir='ltr'><strong>a</strong></span> 
     </span>
     <span class='ocr_line' id='line_1_29' title="bbox 179 3350 1245 3437; baseline 0.001 -19"><span class='ocrx_word' id='word_1_213' title='bbox 179 3353 344 3436; x_wconf 81' lang='lat' dir='ltr'><strong>plerisque,</strong></span> <span class='ocrx_word' id='word_1_214' title='bbox 366 3352 465 3419; x_wconf 89' lang='lat' dir='ltr'><strong>lenius</strong></span> <span class='ocrx_word' id='word_1_215' title='bbox 487 3353 680 3437; x_wconf 81' lang='lat' dir='ltr'><strong>corrigenda:</strong></span> <span class='ocrx_word' id='word_1_216' title='bbox 714 3353 841 3418; x_wconf 83' lang='lat' dir='ltr'><strong>accito</strong></span> <span class='ocrx_word' id='word_1_217' title='bbox 863 3350 979 3416; x_wconf 85' lang='lat' dir='ltr'><strong>etium</strong></span> <span class='ocrx_word' id='word_1_218' title='bbox 1001 3351 1144 3418; x_wconf 90' lang='lat' dir='ltr'><strong>Milone</strong></span> <span class='ocrx_word' id='word_1_219' title='bbox 1166 3355 1245 3419; x_wconf 85' lang='lat' dir='ltr'><strong>An-</strong></span> 
     </span>
     <span class='ocr_line' id='line_1_30' title="bbox 178 3443 1244 3543; baseline 0 -19"><span class='ocrx_word' id='word_1_220' title='bbox 178 3459 260 3534; x_wconf 82' lang='lat' dir='ltr'><strong>nio,</strong></span> <span class='ocrx_word' id='word_1_221' title='bbox 282 3459 346 3543; x_wconf 89' lang='lat' dir='ltr'><strong>qui</strong></span> <span class='ocrx_word' id='word_1_222' title='bbox 452 3460 754 3537; x_wconf 70' lang='lat' dir='ltr'><strong>interimeret,</strong></span> <span class='ocrx_word' id='word_1_223' title='bbox 778 3443 1244 3532; x_wconf 46' lang='lat' dir='ltr'><strong>inurbemsseditionem</strong></span> 
     </span>
     <span class='ocr_line' id='line_1_31' title="bbox 179 3561 1260 3649; baseline 0.002 -21"><span class='ocrx_word' id='word_1_224' title='bbox 179 3566 368 3649; x_wconf 80' lang='lat' dir='ltr'><strong>armagis</strong></span> <span class='ocrx_word' id='word_1_225' title='bbox 391 3565 542 3630; x_wconf 88' lang='lat' dir='ltr'><strong>oooulte</strong></span> <span class='ocrx_word' id='word_1_226' title='bbox 564 3564 747 3630; x_wconf 81' lang='lat' dir='ltr'><strong>bellinum</strong></span> <span class='ocrx_word' id='word_1_227' title='bbox 769 3561 976 3629; x_wconf 85' lang='lat' dir='ltr'><strong>tumultum</strong></span> <span class='ocrx_word' id='word_1_228' title='bbox 998 3581 1161 3639; x_wconf 87' lang='lat' dir='ltr'><strong>movens,</strong></span> <span class='ocrx_word' id='word_1_229' title='bbox 1184 3569 1260 3645; x_wconf 73' lang='lat' dir='ltr'><strong>cet.¹</strong></span> 
     </span>
     <span class='ocr_line' id='line_1_32' title="bbox 177 3667 1243 3756; baseline 0.001 -20"><span class='ocrx_word' id='word_1_230' title='bbox 177 3669 337 3756; x_wconf 85' lang='lat' dir='ltr'><strong>Postremo</strong></span> <span class='ocrx_word' id='word_1_231' title='bbox 369 3669 389 3756; x_wconf 65' lang='grc' dir='ltr'><strong>ξ</strong></span> <span class='ocrx_word' id='word_1_232' title='bbox 419 3669 626 3754; x_wconf 68' lang='lat' dir='ltr'><strong>iguminatis</strong></span> <span class='ocrx_word' id='word_1_233' title='bbox 660 3669 776 3735; x_wconf 83' lang='lat' dir='ltr'><strong>duabus</strong></span> <span class='ocrx_word' id='word_1_234' title='bbox 807 3669 920 3734; x_wconf 89' lang='lat' dir='ltr'><strong>litteris</strong></span> <span class='ocrx_word' id='word_1_235' title='bbox 951 3667 1145 3734; x_wconf 81' lang='lat' dir='ltr'><strong>scribendum</strong></span> <span class='ocrx_word' id='word_1_236' title='bbox 1180 3675 1243 3737; x_wconf 87' lang='lat' dir='ltr'><strong>est:</strong></span> 
     </span>
     <span class='ocr_line' id='line_1_33' title="bbox 177 3773 1241 3860; baseline 0.002 -20"><span class='ocrx_word' id='word_1_237' title='bbox 177 3775 224 3840; x_wconf 87' lang='lat' dir='ltr'><strong>Iu</strong></span> <span class='ocrx_word' id='word_1_238' title='bbox 261 3777 415 3860; x_wconf 82' lang='lat' dir='ltr'><strong>incepto</strong></span> <span class='ocrx_word' id='word_1_239' title='bbox 454 3777 539 3859; x_wconf 85' lang='lat' dir='ltr'><strong>pari</strong></span> <span class='ocrx_word' id='word_1_240' title='bbox 582 3775 723 3841; x_wconf 89' lang='lat' dir='ltr'><strong>similis</strong></span> <span class='ocrx_word' id='word_1_241' title='bbox 763 3775 917 3842; x_wconf 83' lang='lat' dir='ltr'><strong>fortuna</strong></span> <span class='ocrx_word' id='word_1_242' title='bbox 952 3773 1110 3840; x_wconf 90' lang='lat' dir='ltr'><strong>Milonis</strong></span> <span class='ocrx_word' id='word_1_243' title='bbox 1151 3775 1241 3851; x_wconf 85' lang='lat' dir='ltr'><strong>fuit,</strong></span> 
     </span>
     <span class='ocr_line' id='line_1_34' title="bbox 177 3878 1061 3966; baseline -0.003 -19"><span class='ocrx_word' id='word_1_244' title='bbox 177 3884 318 3966; x_wconf 86' lang='lat' dir='ltr'><strong>quumvis</strong></span> <span class='ocrx_word' id='word_1_245' title='bbox 339 3881 480 3949; x_wconf 82' lang='lat' dir='ltr'><strong>Kritzius</strong></span> <span class='ocrx_word' id='word_1_246' title='bbox 502 3883 635 3966; x_wconf 79' lang='lat' dir='ltr'><strong>ignorari</strong></span> <span class='ocrx_word' id='word_1_247' title='bbox 656 3881 717 3946; x_wconf 87' lang='lat' dir='ltr'><strong>uim</strong></span> <span class='ocrx_word' id='word_1_248' title='bbox 741 3881 945 3947; x_wconf 83' lang='lat' dir='ltr'><strong>ablativomm</strong></span> <span class='ocrx_word' id='word_1_249' title='bbox 970 3878 1061 3944; x_wconf 81' lang='lat' dir='ltr'><strong>diuet.</strong></span> 
     </span>
     <span class='ocr_line' id='line_1_35' title="bbox 277 3985 1241 4067; baseline -0.001 -15"><span class='ocrx_word' id='word_1_250' title='bbox 277 3987 420 4067; x_wconf 61' lang='lat' dir='ltr'><strong>ludin,</strong></span> <span class='ocrx_word' id='word_1_251' title='bbox 445 3989 478 4052; x_wconf 85' lang='lat' dir='ltr'><strong>l:</strong></span> <span class='ocrx_word' id='word_1_252' title='bbox 501 3987 553 4053; x_wconf 80' lang='lat' dir='ltr'><strong>Ti.</strong></span> <span class='ocrx_word' id='word_1_253' title='bbox 576 3985 764 4053; x_wconf 83' lang='lat' dir='ltr'><strong>Claudius</strong></span> <span class='ocrx_word' id='word_1_254' title='bbox 786 3985 894 4065; x_wconf 84' lang='lat' dir='ltr'><strong>Nero,</strong></span> <span class='ocrx_word' id='word_1_255' title='bbox 1005 3985 1056 4050; x_wconf 83' lang='lat' dir='ltr'><strong>Ti.</strong></span> <span class='ocrx_word' id='word_1_256' title='bbox 1080 3985 1241 4052; x_wconf 83' lang='lat' dir='ltr'><strong>Oaesuris</strong></span> 
     </span>
     <span class='ocr_line' id='line_1_36' title="bbox 175 4091 1241 4179; baseline 0 -19"><span class='ocrx_word' id='word_1_257' title='bbox 175 4096 301 4177; x_wconf 85' lang='lat' dir='ltr'><strong>peter,</strong></span> <span class='ocrx_word' id='word_1_258' title='bbox 338 4095 465 4179; x_wconf 80' lang='lat' dir='ltr'><strong>magni</strong></span> <span class='ocrx_word' id='word_1_259' title='bbox 502 4094 559 4160; x_wconf 87' lang='lat' dir='ltr'><strong>vir</strong></span> <span class='ocrx_word' id='word_1_260' title='bbox 593 4093 708 4158; x_wconf 85' lang='lat' dir='ltr'><strong>enimi</strong></span> <span class='ocrx_word' id='word_1_261' title='bbox 745 4091 1046 4173; x_wconf 76' lang='lat' dir='ltr'><strong>doctissimique</strong></span> <span class='ocrx_word' id='word_1_262' title='bbox 1083 4091 1241 4175; x_wconf 81' lang='lat' dir='ltr'><strong>ingenii.</strong></span> 
     </span>
     <span class='ocr_line' id='line_1_37' title="bbox 225 4199 1041 4249; baseline -0.002 -15"><span class='ocrx_word' id='word_1_263' title='bbox 225 4199 336 4234; x_wconf 71' lang='lat' dir='ltr'><strong>uolumen</strong></span> <span class='ocrx_word' id='word_1_264' title='bbox 348 4201 428 4236; x_wconf 69' lang='lat' dir='ltr'><strong>usn...</strong></span> <span class='ocrx_word' id='word_1_265' title='bbox 440 4200 490 4234; x_wconf 78' lang='lat' dir='ltr'><strong>cm.</strong></span> <span class='ocrx_word' id='word_1_266' title='bbox 512 4201 535 4233; x_wconf 86' lang='lat' dir='ltr'><strong>u.</strong></span> <span class='ocrx_word' id='word_1_267' title='bbox 1008 4207 1041 4249; x_wconf 77' lang='lat'><strong>20</strong></span> 
     </span>
    </p>
   </div>
   <div class='ocr_carea' id='block_1_7' title="bbox 0 0 1504 4638">
    <p class='ocr_par' dir='ltr' id='par_1_8' title="bbox 0 0 1504 4638">
     <span class='ocr_line' id='line_1_38' title="bbox 0 0 1504 4638; baseline 0 1"><span class='ocrx_word' id='word_1_268' title='bbox 0 0 1504 4638; x_wconf 95' lang='lat' dir='ltr'><strong> </strong></span> 
     </span>
    </p>
   </div>
  </div>
 </body>
</html>
