2956 4648
435 279 439 286 “
542 274 572 328 L.
593 271 696 328 Seneca
713 274 849 344 Epistola.
1126 275 1186 340 481

168 464 335 547 perire),
368 485 422 532 uec
456 472 529 550 apta
566 470 613 536 est
644 471 699 549 iic,
735 489 802 552 qnae
833 470 975 556 deinceps
1008 471 1229 538 subiiciunturt

166 570 346 653 quoniam
371 573 480 638 nulla
501 574 785 641 immortalitas
808 595 890 642 oum
912 577 1138 661 exceptione
1160 579 1230 643 est.

168 673 282 756 Opinor
317 678 466 759 scriptum
505 680 615 745 luisse:
649 681 756 746 nullo
789 699 930 766 genere
963 700 1093 764 posse,
1132 683 1230 766 quod

169 779 341 866 [corpas]
377 784 531 866 optarim
575 804 646 852 nam
679 787 838 868 propter
880 805 916 852 er
955 788 1110 872 superiore
1139 807 1230 854 versu

167 887 333 969 repetitum
354 889 442 970 puto3
465 887 581 956 incerta
603 893 708 956 tamen
731 892 796 958 haec
818 891 948 975 suspicio
970 893 1025 958 est.
1070 893 1230 960 Sententia

168 1010 234 1074 quae
258 1009 324 1058 esse
352 992 487 1073 deberet,
521 993 690 1079 Opsopoeus
713 997 745 1060 et
767 995 889 1082 Lipsius
923 997 1063 1064 viderant
1099 1003 1179 1080 (pro
1187 1017 1230 1084 p-

166 1096 228 1160 ter
250 1097 348 1178 quod
370 1097 432 1174 (rel
452 1118 518 1182 per
540 1101 651 1185 qnod)
672 1103 758 1177 boc,
781 1121 813 1168 o:
836 1122 959 1188 corpus,
981 1104 1107 1186 perit).

267 1201 323 1286 Ep.
346 1202 397 1280 58,
430 1203 470 1266 26
492 1204 577 1288 (23):
623 1207 675 1270 Er
698 1208 799 1272 omni
820 1208 984 1274 natione
1005 1209 1118 1286 (scrib,
1140 1211 1176 1274 nt
1197 1209 1228 1274 in

167 1305 366 1372 deterioribus
388 1310 503 1393 aliquot
535 1311 691 1378 codicibus
720 1295 917 1378 emendatdm
944 1315 1001 1392 est,
1025 1315 1227 1393 oratione),

166 1412 328 1479 etiarnsi
374 1433 392 1478 a
424 1415 686 1500 philosophia
718 1418 953 1507 longissime
989 1437 1127 1486 aversa
1159 1423 1228 1496 est,

167 1536 304 1582 eruere
329 1521 484 1604 aliquid
507 1541 627 1588 conor
650 1525 689 1588 et
716 1523 821 1614 utile
845 1523 1018 1589 efficere.
1063 1525 1162 1605 Quid
1184 1526 1229 1592 de

166 1621 278 1701 istis,
313 1645 389 1708 quaa
422 1629 534 1694 modo
566 1628 852 1708 tractavimus,
874 1629 1035 1696 remotis
1057 1650 1076 1694 a
1097 1631 1228 1696 refor-

65 1735 69 1743 '
167 1730 533 1808 mationemorum?
565 1733 753 1818 quomodo
788 1735 992 1800 meliorem
1017 1735 1228 1802 meiacere

185 1835 262 1900 deae
284 1837 500 1916 Platonicae
530 1841 713 1922 possesor
749 1838 842 1922 quid
872 1855 913 1905 ex
940 1839 1036 1904 istis
1058 1842 1228 1922 traham,

167 1941 269 2026 quod
300 1943 548 2028 'cupiditates
588 1960 692 2008 meas
736 1945 992 2026 comprimat?
1048 1947 1119 2012 Vel
1158 1948 1228 2012 hoc

166 2049 313 2129 ipsum,
347 2049 449 2132 qnod
484 2050 616 2114 omnia
644 2048 725 2114 ista
749 2049 808 2114 cet.
851 2047 1229 2132 Proineptaillainter-

167 2154 338 2237 rogatione:
367 2154 467 2234 Quid
501 2155 545 2220 de
568 2154 665 2220 istis
701 2153 847 2234 (debebat
877 2156 989 2222 saltem
1023 2155 1097 2222 dici:
1138 2158 1229 2241 qnid

167 2258 295 2341 igitur
317 2277 358 2324 ex
380 2259 491 2335 istis,
526 2256 586 2324 etsi
606 2259 691 2324 nullo
713 2259 804 2325 modo
838 2259 936 2324 audiri
966 2263 1069 2343 potest
1089 2279 1230 2330 eruere
1256 2287 1257 2292 ¹

167 2370 342 2446 possum)
374 2364 569 2429 scribendum
602 2365 650 2428 est
691 2365 819 2429 minima
856 2364 1043 2440 mutatione,
1077 2370 1230 2436 sententia

168 2469 344 2554 aptissima:
392 2469 495 2548 Quid
526 2469 641 2542 istis,
675 2487 754 2551 qnae
787 2469 902 2534 modo
937 2470 1228 2552 tractavimus,

168 2577 350 2639 remocior
371 2595 390 2640 a
413 2573 704 2640 reformatione
726 2577 899 2639 morum?
951 2573 1101 2649 Primum,
1137 2595 1230 2659 quam

168 2683 269 2748 aliena
290 2683 354 2748 haec
374 2702 393 2747 a
414 2699 534 2746 morum
561 2679 776 2744 emendatione
800 2679 971 2757 videantur,
994 2679 1088 2756 dicit:
1120 2680 1231 2747 deinde

168 2786 311 2862 ostendit,
344 2786 440 2850 etiam
472 2805 508 2851 cr
540 2786 587 2850 his
608 2784 686 2850 utile
709 2784 823 2867 aliquid
847 2785 927 2850 trabi
949 2803 1047 2870 possa.
1093 2784 1232 2868 (Contra-

168 2909 231 2956 rrus
253 2891 301 2955 hro
323 2909 507 2974 errorque
531 2891 691 2974 quidde
722 2909 757 2956 cx
780 2889 1000 2974 qurdnaum
1023 2891 1079 2968 est
1113 2891 1150 2965 ei,
1180 2892 1232 2975 qui

170 2996 325 3061 accidit]
444 2997 577 3072 6;ιίι1.
600 3016 629 3078 p.
654 2995 713 3058 205
740 3000 796 3075 n..)
851 2995 962 3060 Tum
952 3014 985 3059 ιι
1007 2995 1142 3078 proximo
1163 2996 1231 3079 (27)

169 3101 274 3166 scribit
276 3121 311 3166 ιι
341 3101 372 3166 iu
334 2997 555 3186 14plerisque
595 3100 750 3168 codicibus
792 3103 839 3175 (et
807 3101 901 3168 icam
941 3108 991 3182 p):
1028 3101 1233 3167 imbecilli

168 3206 372 3291 fluidiqne
419 3206 644 3272 intervalla
685 3207 728 3282 (in
775 3204 843 3270 aliis
887 3223 956 3287 per
991 3202 1232 3281 intervalla)

169 3312 474 3390 constituimus;
535 3311 581 3376 ad
640 3311 716 3376 illa
774 3311 986 3375 mittamus
1045 3309 1233 3382 animum

79 3454 82 3459 ·
169 3437 252 3501 quae
294 3421 439 3484 aetcrna
475 3419 574 3482 sunt.
633 3414 707 3494 Qnae
740 3417 803 3481 sint
788 3415 905 3481 tilla
945 3414 1123 3487 intervalla,
1167 3433 1234 3497 quae

169 3524 270 3589 consti
259 3524 317 3589 rtui
359 3523 476 3588 Seneca
518 3503 654 3605 queritur
697 3523 782 3605 (nam
821 3520 892 3585 huic
934 3519 1120 3610 contrarium
1164 3518 1236 3600 poni

171 3627 302 3705 videtur,
338 3627 412 3711 quid
447 3626 514 3692 fieri
546 3626 672 3690 debeat:
708 3625 755 3690 ad
795 3625 870 3690 illa
901 3624 1110 3690 mittamus
1145 3625 1234 3701 cet),

171 3751 270 3810 nemo,
319 3734 432 3814 opinor,
472 3730 517 3796 ita
560 3729 684 3807 dixerit,
727 3732 763 3796 ut
805 3729 938 3814 intelligi
973 3729 1078 3811 possit.
1134 3730 1235 3811 Scrip-

169 3841 254 3904 serat
275 3838 340 3902 sine
362 3837 452 3902 dubio
475 3835 609 3902 Seneca:
647 3835 856 3900 Imbecilli
889 3833 1094 3916 fluidique
1128 3832 1237 3894 iuter

170 3943 273 4006 talia
306 3944 566 4015 comitatiorem
600 3939 646 4004 ad
677 3940 754 4005 illa
790 3941 1001 4006 mittamus
1045 3938 1235 4014 animum,

217 4069 418 4108 manusculum-1.
430 4069 479 4104 Cm.
503 4068 525 4102 ll.
1003 4072 1035 4118 31
