3000 4638
637 277 759 334 Valerius
776 279 837 344 Mer
1167 279 1230 344 315
1286 352 1290 362 Ι

204 475 362 558 perinde
394 475 519 540 vietor
550 475 594 555 (id
615 478 671 550 est,
706 492 767 542 non
788 475 891 542 mirus
924 477 990 559 ipse
1022 496 1128 546 eorum
1159 480 1272 559 vietor,

204 599 298 664 quam
319 581 374 646 illa
388 580 537 646 ‘viouioiu
559 583 658 660 erant)
680 580 814 646 rediit.

306 688 365 767 (De
388 688 413 765 Ι,
439 687 454 749 1
478 685 546 750 Eri.
568 687 587 748 2
610 685 726 752 dietum
749 687 797 752 est
817 687 876 751 vol.
897 688 912 752 Ι
933 707 964 771 p.
987 687 1054 767 37.)

197 815 201 824 ·
305 791 371 858 lbd.
393 792 421 866 6,
446 791 500 854 10:
521 791 694 872 (Octavius)
726 791 982 874 praesumpsit
1012 795 1138 860 animo
1162 813 1204 862 eu
1232 817 1275 863 re

204 895 1271 984 significarioritiumsuum,iuquemmetuseugurium
1343 946 1350 959 .
1403 913 1412 922 '

203 1001 321 1068 urion
339 1001 417 1068 fine
439 1003 526 1068 vitae
547 1002 700 1068 inuidit.
757 1002 954 1068 consentitur
976 1003 1122 1070 mendum
1148 1023 1216 1072 esse
1237 1006 1269 1070 in

202 1106 251 1172 his
273 1107 310 1172 in
332 1127 440 1190 quem
463 1112 597 1175 metus.
655 1107 809 1172 Oorreetio
838 1108 938 1174 senilis
969 1111 1019 1176 est
1040 1112 1072 1176 et
1093 1112 1194 1176 certe:
1214 1111 1270 1174 id-

205 1214 415 1296 praemotus
437 1217 634 1298 augurium
658 1214 729 1294 (hoe
750 1215 813 1278 ost:
845 1215 963 1290 etheo,
986 1215 1068 1298 quod
1089 1218 1190 1282 metue
1213 1233 1277 1280 uu··

203 1318 383 1402 gerebatur)
408 1319 519 1384 tristi
546 1318 627 1384 tine
647 1320 738 1386 vitae
760 1319 911 1384 iuoidit.
1271 1381 1273 1386 ,

302 1423 370 1488 Ibd.
393 1425 428 1506 (Ι,
451 1425 483 1503 6)
506 1425 540 1488 Ε.
566 1426 597 1487 l:
631 1443 691 1502 ne,
719 1425 751 1489 si
772 1425 937 1492 ulterius
959 1425 1130 1490 Romane
1150 1425 1268 1514 (osteu-

202 1530 249 1601 te)
280 1529 583 1614 apprehendero,
623 1549 639 1596 e
669 1529 820 1596 ooelesti
842 1531 986 1612 templo
1018 1530 1062 1594 ed
1092 1532 1269 1613 privatas

203 1635 334 1701 domos
369 1655 440 1700 non
480 1637 760 1702 ooaseuteneos
796 1653 884 1700 usus
920 1637 1176 1703 transtulisse
1208 1638 1274 1706 uis-

203 1740 303 1805 denr.
346 1741 454 1825 Neque
475 1742 550 1825 quid
571 1742 614 1806 sit
640 1759 728 1808 usus
750 1740 841 1823 (plur.
855 1747 951 1816 num.)
973 1741 1190 1808 transferre
1211 1761 1269 1812 ue-

202 1835 357 1930 que‘quid
378 1865 467 1911 usus
499 1864 569 1910 non
600 1847 881 1912 consentaneos
903 1848 1141 1921 transferre,
1174 1849 1274 1916 intel-1

199 1954 273 2037 ligo.
316 1954 353 2018 In
374 1953 473 2036 Ir'psii
495 1953 671 2019 coniectura
703 1953 737 2020 et
756 1953 861 2017 risus
891 1953 1144 2024 eonsendanei
1175 1955 1267 2019 vehe-

200 2061 322 2126 menter
340 2059 508 2149 ¹displicent
540 2061 572 2126 ot
591 2058 694 2140 ipsum
712 2057 822 2149 ‘visus
843 2057 956 2138 plurali
977 2077 1103 2127 numero
1124 2061 1156 2124 in
1178 2079 1267 2142 prose

200 2165 337 2232 oratione
370 2166 408 2230 de
438 2163 533 2229 oeulis
565 2165 710 2246 positum.
777 2163 983 2229 scribendum
1014 2165 1150 2232 videtur:
1193 2185 1271 2236 non

201 2279 451 2334 consentaneo
473 2291 542 2342 neu
562 2270 823 2336 transtulisse
845 2270 976 2336 videar
997 2271 1151 2350 (munta).

300 2375 367 2441 Ibd.
395 2376 431 2440 n.
454 2367 488 2442 2:
533 2375 625 2442 Nem
659 2375 782 2442 Midas
816 2379 1036 2442 eunetoruur
1069 2395 1175 2458 paeue
1206 2397 1267 2443 re-

199 2496 285 2564 gum
307 2499 402 2562 opes
424 2480 665 2548 abundantia
685 2481 860 2563 pecuniae
881 2483 1114 2555 enteeessit,
1137 2483 1265 2550 infen-

198 2588 336 2671 tiaeque
363 2587 593 2654 ineunabula
627 2586 720 2652 utili
752 2587 909 2654 deorum
940 2605 1094 2654 munero
1120 2588 1265 2654 donata

199 2694 352 2760 onustis
400 2712 493 2760 euro
543 2695 662 2776 etque
709 2693 875 2778 urgento
919 2693 1031 2776 genis
1072 2694 1262 2776 persevit.

199 2799 303 2866 Graue
335 2799 430 2865 tritini
456 2801 488 2864 in
515 2818 549 2865 os
574 2817 672 2881 poem·
695 2798 860 2864 dormienti
888 2801 1034 2882 nongenta
1063 2799 1140 2862 mire
1165 2799 1273 2873 utile¹

198 2924 309 2972 munus
341 2906 535 2988 appellantur
561 2893 716 2988 (quoniam
749 2905 789 2970 iis
817 2905 922 2988 granis
955 2923 993 2969 ne
1023 2904 1107 2970 vesei
1137 2904 1262 2986 quidem

198 3029 274 3094 puer
305 3013 453 3093 poteram
497 3011 580 3078 eliud
623 3012 720 3078 letone
761 3009 898 3076 ostendit
937 3009 1031 3076 otiam
1063 3010 1263 3092 pensavit3

198 3117 391 3184 scribendum
420 3118 518 3182 enim:
552 3117 804 3200 inientieeque
835 3117 1070 3182 ineunebnle
1096 3115 1170 3178 nili
1198 3116 1264 3183 de·
1325 3151 1328 3156 ·

196 3239 301 3288 orum
321 3241 477 3288 munere
501 3223 641 3288 donata
661 3223 812 3288 onustis
832 3241 923 3288 euro
943 3241 971 3290 a.
993 3242 1023 3288 e.
1046 3224 1155 3305 genis
1177 3241 1262 3305 pen·
1307 3269 1320 3278 -

197 3328 307 3392 sarit
351 3329 431 3406 (Vile
452 3327 531 3394 illud
548 3345 662 3394 munus
682 3329 768 3411 lenge
789 3330 1022 3410 compensatum
1043 3330 1113 3407 est)

296 3434 363 3499 Ibd.
397 3435 426 3514 7,
460 3435 497 3498 2:
540 3435 623 3500 Non
655 3435 715 3498 est
746 3434 850 3498 inter·
882 3436 1029 3515 petrem
1060 3435 1100 3498 et
1132 3433 1260 3501 filium

196 3539 315 3606 ultius
345 3539 402 3605 rei
429 3539 755 3632 comparationem
776 3539 883 3616 fieri,
915 3539 1128 3620 presertim
1160 3536 1262 3606 diri-

195 3646 337 3712 nitatis
359 3645 525 3730 fastigio
546 3645 712 3710 innotos.
759 3644 829 3709 Non
852 3643 976 3726 disputo
997 3663 1088 3724 nuno,
1111 3645 1270 3712 dixeritne-

195 3751 335 3818 Valerius
358 3771 429 3818 eum
451 3753 561 3836 poetis,
582 3754 619 3817 ut
639 3749 737 3816 semel
755 3749 882 3815 Teoitus
904 3749 994 3828 dixit,
1028 3752 1091 3819 est
1118 3751 1261 3824 feeere;

195 3875 280 3935 num,
313 3859 393 3942 quod
414 3859 470 3926 hoo
492 3858 559 3926 loeo
582 3857 738 3924 scribitur:
778 3858 837 3922 est
866 3862 949 3933 (non
972 3859 1054 3933 est),
1072 3856 1143 3922 hoo
1166 3856 1261 3922 fieri

194 3981 294 4046 neque
320 3965 348 4030 is
370 3983 469 4048 neque
493 3964 546 4030 alii
579 3965 728 4031 ffirornnt.
781 3965 903 4032 Excidit
923 3966 978 4030 aut
991 3963 1060 4048 sas
1081 3963 1137 4028 aut
1157 3983 1270 4046 opos..
