3000 4638
593 251 716 310 Valerius
732 249 803 308 Men
1131 247 1191 309 321

161 473 236 520 rem
269 454 301 525 et
331 447 516 519 seutentiam
554 465 648 529 opera
680 449 712 511 et
742 449 880 530 tempore
912 465 986 530 opus
1007 445 1058 513 sit.
1102 447 1233 512 Accedit

169 557 391 625 vitiosissimus
424 571 589 619 concursus
620 569 797 618 vacemus
926 553 1090 618 vacavit.
1141 553 1236 621 Vale-

167 665 236 730 rius
262 661 441 744 scripserat:
477 675 638 741 quorum
659 658 809 722 enimus
836 658 967 740 aliquo
989 659 1027 722 in
1048 659 1236 724 momento

167 767 357 856 ponendis
386 764 436 844 (iis
467 764 573 838 rebus,
604 781 673 845 quae
702 763 734 826 in
768 763 869 846 abque
902 764 1059 830 momento
1089 763 1235 846 ponendae

168 874 289 952 esseut)
321 870 521 954 pecuniam
554 885 745 952 nunquam
784 870 1072 946 annumeranda
1095 870 1155 934 nisi
1176 868 1237 934 fuit

172 977 345 1066 aequavit,
394 973 556 1058 Sententia
576 972 700 1056 quidem
723 973 816 1038 dubia
837 991 897 1038 non
919 974 1011 1057 eet.¹)

272 1079 392 1156 lude,
416 1078 470 1144 13:
505 1078 743 1161 totidemque
776 1097 849 1144 usa
881 1080 1079 1162 praecipuae
1102 1079 1236 1164 glorie

170 1187 396 1272 triumphos.
449 1185 579 1250 Prorsus
610 1183 721 1250 vitiose
750 1184 887 1250 abundat
907 1203 1090 1268 pronomem
1119 1185 1237 1250 scriba·

169 1314 258 1362 mue:
280 1311 356 1360 sua
378 1300 411 1354 et
430 1290 629 1374 praecipuae
653 1289 723 1366 (hoc
744 1291 809 1365 est,
829 1291 994 1376 singularis
1017 1292 1048 1355 et
1068 1293 1128 1375 pr.)
1150 1291 1238 1374 glo-

171 1401 256 1469 riae:
280 1417 340 1467 non
363 1393 539 1462 abundabit.
1030 1393 1036 1400 ’

274 1503 340 1569 lbd.
364 1501 401 1580 5,
433 1499 452 1562 3
475 1499 636 1566 sententiis
662 1499 873 1584 rectepdivisis
895 1502 996 1566 cetera
1016 1500 1108 1566 facile
1128 1519 1238 1566 emen·

171 1607 330 1674 dabuntur
352 1608 384 1671 et
415 1606 500 1671 tuto:
537 1605 847 1690 suffragatorem
876 1623 987 1690 agere
1016 1605 1140 1688 coepit.
1190 1605 1240 1671 Ut

173 1712 333 1780 scilicet
354 1713 562 1796 praeturam
583 1709 921 1776 meliusdfricani
940 1712 1131 1778 memoria
1147 1730 1240 1778 con-

174 1819 336 1884 cederet
353 1837 467 1900 quam
489 1818 568 1886 sibi
588 1816 817 1885 vindicaret
837 1835 906 1882 nec
922 1817 1125 1884 maximum
1147 1827 1240 1879 esser

106 1976 110 1985 .
154 1932 275 2004 desse
296 1923 336 2001 B)
358 1923 594 1989 verecundiae
614 1923 797 2006 pretium,
835 1921 965 2005 Scipio
998 1924 1090 1988 tunc
1114 1923 1241 1988 hono-

171 2047 256 2094 rem
278 2028 443 2112 adeptus
460 2030 535 2106 est,
559 2027 624 2094 sed
646 2027 821 2093 Cicereio
834 2028 912 2118 (ced
936 2027 1005 2094 sed
1027 2029 1060 2094 si
1076 2027 1242 2106 Cic.‚orta

172 2133 328 2218 particule
350 2153 386 2200 ex
408 2133 462 2210 oi)
499 2133 623 2216 magis
644 2133 835 2216 gratulati
864 2132 961 2200 sunt.
1003 2133 1072 2200 Nou
1104 2133 1239 2199 manime

175 2240 370 2306 carissimove
404 2239 501 2322 pretio
534 2237 716 2304 verecundia
748 2240 896 2320 cuditis,
929 2241 1073 2323 queniam
1107 2238 1242 2306 Cicereio

175 2345 316 2410 homines
337 2345 439 2430 magis
459 2343 608 2428 giutulati
629 2346 710 2408 sunt.

224 2431 227 2437 '
278 2451 338 2528 (ne
360 2469 385 2516 e.
408 2451 446 2530 o,
483 2449 520 2512 11
544 2449 848 2532 dixivel.1p.4o‚
872 2451 909 2518 ee
931 2452 960 2527 e,
985 2452 999 2512 1
1024 2470 1056 2533 p.
1078 2448 1127 2524 ee,
1152 2448 1190 2512 ee
1212 2449 1241 2524 e,

175 2555 248 2640 ep.
273 2553 379 2634 3511.)

278 2659 345 2726 Ibd.
366 2660 386 2722 6
408 2660 444 2725 Ε.
469 2661 501 2722 l:
548 2647 643 2742 Sunt
676 2664 713 2727 et
734 2660 951 2746 alienigeni
972 2677 1117 2727 emeres
1148 2657 1245 2724 iusti

62 2816 69 2828 .
177 2765 423 2834 obscuritate
469 2765 697 2850 ignorantia
733 2785 803 2832 non
839 2766 974 2834 obruti.
1029 2764 1089 2828 Gur
1124 2781 1244 2829 amores

176 2871 276 2937 iusti
295 2871 500 2956 appellentur,
523 2871 632 2948 nescio,
647 2871 901 2956 scribendumque
922 2874 997 2956 puto
1019 2870 1156 2947 renea)

280 2977 338 3055 (De
361 2995 387 3041 c,
411 2977 441 3055 7,
474 2975 632 3044 idiotam
664 2980 713 3044 est
733 2979 792 3044 vol.
816 2979 881 3060 Ip.
905 2977 953 3041 90.
994 2977 1123 3044 Prorsus
1144 2974 1245 3040 simile

177 3082 427 3148 additamentum
449 3084 593 3150 Halmius
624 3085 708 3150 recta
732 3083 1028 3168 suspicioneattigit
1049 3084 1090 3159 ll,
1116 3084 1133 3144 7
1157 3083 1193 3148 ll.
1217 3081 1246 3162 2,

179 3321 380 3330 ...ιιι-μ*-

211 3485 233 3552 ¹)
252 3483 317 3552 Cep.
337 3487 354 3540 3
373 3483 435 3538 init.
464 3483 559 3538 lacuna
578 3484 616 3538 sic
642 3484 759 3540 notanda
782 3486 810 3537 et
832 3484 963 3554 explenda
986 3487 1028 3538 est
1052 3485 1198 3554 (praeunte
1216 3484 1249 3538 A.

255 3575 378 3643 Schottb)
412 3618 418 3629 .
447 3615 454 3628 .
484 3619 490 3630 .
519 3575 664 3630 infamia
701 3574 843 3645 flagrat.
893 3577 1096 3646 [Faventibus
1124 3577 1246 3645 itaque]

254 3667 393 3740 linguis
413 3669 614 3723 contrarios
631 3667 686 3722 his
706 3669 775 3722 tam
793 3667 882 3722 diris
900 3667 1004 3722 vitiis
1029 3683 1137 3722 mores
1163 3684 1250 3722 com-

255 3775 485 3816 memoremus.

212 3852 237 3922 ²)
256 3851 346 3922 Cepi
357 3870 465 3924 prooem.
473 3853 587 3908 debebat
595 3853 876 3922 HalmiusKemptium
886 3853 961 3923 sequi
972 3853 1095 3918 (altere
1107 3852 1251 3921 diremp-

264 3946 317 3999 tio
335 3963 397 4002 non
416 3947 538 4016 utique
557 3946 779 4016 iniquitatis,
807 3947 922 4002 alteru
948 3947 1069 4016 utique
1087 3946 1253 4000 levitatis

258 4038 401 4093 crimini
420 4038 579 4092 subiecta
598 4041 671 4106 est).

169 4169 171 4174 Ι
235 4128 347 4164 Mlllvfflll
360 4131 437 4165 scens.
450 4131 499 4164 (ἲιιτ.
523 4131 544 4164 ll.
1004 4139 1048 4182 ,21
