2938 4630
618 287 767 344 Lueretius.
1144 289 1184 352 25

169 489 232 562 θεὸς
252 472 439 570 &messius
454 487 618 552 delendum
640 486 840 572 significarim
867 487 978 553 Muuro
993 489 1132 571 scripsit:
1157 511 1227 552 eum

168 593 308 658 emldrme
328 593 421 670 inre
442 613 534 668 ermr-
548 592 603 658 sed
616 593 850 677 ignavissimum
874 593 922 657 est
941 593 985 671 ld,
1006 595 1038 658 et
1059 611 1150 676 preve
1171 601 1229 675 per

168 708 195 762 et
215 698 391 782 adiungitur
411 698 452 767 id.-
490 699 569 782 qued
602 699 733 781 exempli
753 715 846 764 eeuse
867 698 1057 764 udeeiseilur.
1111 698 1228 764 Neeuit

164 804 309 887 frequens
330 805 434 869 mendi
456 823 562 888 genus,
586 825 642 866 roe
662 821 717 886 pre
738 823 799 866 nen
820 803 968 884 seriptum
975 825 984 870 τ

249 912 299 975 An
320 911 420 996 magis
438 909 517 974 illud
539 911 598 974 erit
619 911 764 976 summi,
780 903 864 991 ‘quin
886 911 1023 992 tempere
1043 909 1075 973 in
1096 927 1156 972 nuo

179 1055 183 1063 -
248 1017 473 1080 numerauimus
497 1017 579 1094 (ilem
602 1025 644 1088 erl,
667 1033 737 1080 eum
759 1032 817 1079 vox
840 1015 992 1080 emittitur
1014 1033 1084 1092 une,

248 1123 390 1202 ternpore
411 1122 510 1186 multu
532 1105 639 1198 latent,
661 1121 739 1184 ratio
760 1139 827 1203 qum
849 1122 997 1202 comperit
1018 1128 1110 1202 esse),

248 1229 410 1309 propterea
430 1227 476 1302 fit,
491 1229 545 1290 uti
569 1229 628 1290 eet.

265 1332 318 1400 lv,
344 1331 433 1406 lond,
457 1333 553 1396 1051:

247 1437 324 1502 Hee
345 1436 450 1500 Venus
472 1429 520 1502 est
541 1437 638 1510 nobis,
660 1436 732 1501 hine
753 1436 889 1500 autemst
915 1454 1026 1502 nemen
1050 1439 1172 1514 ameris,

249 1540 315 1606 haee
336 1540 425 1607 illaee.
448 1542 582 1622 primum
604 1543 730 1614 Veneris
752 1539 922 1607 dulcedinis
943 1543 975 1606 in
998 1561 1050 1608 rer

249 1645 378 1712 stilluuit
400 1648 500 1729 guttn·
595 1672 597 1683 ·

266 1751 317 1816 Sin
326 1752 539 1834 heumannus
551 1752 774 1835 etBernuysiue
784 1751 915 1835 (quinon
926 1756 1008 1818 reete
1016 1756 1147 1837 momen)
1158 1774 1230 1821 ore-

165 1856 520 1942 tiuneminterpunguut,
530 1859 615 1923 nullu
624 1859 657 1924 in
667 1858 729 1922 illie
741 1855 804 1920 toer
814 1857 893 1922 illoee
907 1857 1180 1924 relietesententiu
1194 1858 1229 1922 et

165 1963 289 2028 sublete
297 1963 418 2028 illorum
425 1963 694 2046 prdmem·Venerlr
705 1966 766 2028 eet*
780 1981 850 2028 eum
862 1965 1069 2046 superioribus
1078 1964 1225 2030 eoniuue-

164 2069 246 2134 tione
254 2068 439 2143 meessuriu3
451 2085 522 2134 uem
532 2069 564 2133 in
577 2069 764 2152 illisqueque
772 2087 834 2134 uun
845 2069 883 2132 de
895 2069 1000 2134 ordine
1013 2071 1044 2134 et
1055 2087 1225 2154 progressu,

164 2173 220 2240 sed
241 2175 279 2238 de
298 2172 417 2256 'origiue
434 2173 534 2254 prime
555 2171 800 2256 umerisugitur.
842 2173 903 2240 Sed
924 2193 983 2240 non
1009 2176 1111 2240 minus
1132 2193 1226 2257 prave

161 2279 223 2344 hee
256 2277 323 2344 luen
353 2277 548 2360 eeniungitur
569 2276 632 2340 lune
654 2276 733 2340 illue
754 2278 879 2342 stillavit
898 2289 985 2364 quita
1008 2285 1088 2364 (quse
1116 2299 1225 2364 prone·
1303 2334 1307 2342 .

162 2385 281 2450 minum
305 2384 477 2448 muiuuetie
493 2383 626 2465 pertinet
647 2382 694 2446 ed·
708 2384 760 2448 rei·
773 2384 860 2460 notun
883 2405 949 2468 que
973 2405 1054 2450 nune
1071 2385 1226 2460 offeretur,

164 2489 486 2570 demonstrationem),
520 2505 724 2571 pravumque.
745 2492 793 2554 eet
836 2491 912 2554 illud
953 2493 1055 2575 ipsum
1108 2489 1226 2552 Veneris

165 2593 331 2656 dulcedinis
351 2603 446 2677 ytrite,
480 2595 548 2660 Une
569 2595 674 2658 littere
695 2596 1009 2662 muteteseutentinm
1032 2596 1225 2676 aptissimam

168 2700 321 2784 eleganter
343 2719 516 2782 expressum
538 2697 659 2764 reddet:
919 2707 923 2715 ’

263 2807 340 2870 Haee
361 2805 432 2868 illes
451 2808 586 2888 primum
607 2803 733 2868 Veneris
756 2802 926 2870 uuleedinis
949 2805 980 2869 in
998 2821 1055 2870 ner

264 2912 396 2976 stillavit
416 2912 514 2994 gutte,
865 2929 869 2932 ·

163 3016 220 3080 hoe
243 3019 306 3083 est:
329 3017 403 3081 Haee
424 3017 557 3098 primurn
582 3014 750 3080 dulcedinis
769 3016 868 3099 gutte,
906 3033 973 3098 quae
1005 3017 1043 3082 ad
1073 3016 1227 3081 Venerem

162 3122 303 3198 illideret,
317 3122 357 3186 in
380 3139 430 3186 uer
450 3121 588 3186 stillavit.

266 3226 491 3308 V,122sqq.:

266 3349 332 3416 qne
353 3331 460 3413 presul
481 3349 576 3413 usque
597 3332 673 3396 aden
696 3330 797 3396 divino
819 3349 838 3394 a
861 3331 985 3396 nunnus
1007 3331 1131 3404 distent,

264 3439 355 3520 inque
377 3437 469 3502 deum
491 3455 704 3520 numeroque
726 3437 788 3501 sint
809 3436 934 3520 indigne
955 3436 1060 3510 videri,

265 3542 407 3608 notitiem
428 3542 530 3623 potius
551 3543 685 3623 prebere
706 3543 741 3606 ut
761 3560 849 3624 posse
872 3544 1026 3625 putentur.

266 3647 338 3730 quid
361 3648 403 3711 sit
422 3647 509 3712 viteli
531 3666 623 3712 sensu
647 3650 793 3730 metuque
813 3650 977 3742 remotum.

266 3753 404 3818 Primum
427 3752 636 3818 coniunctium
672 3752 781 3814 distem
812 3753 844 3818 in
866 3751 1041 3821 huiusmodi
1069 3749 1229 3817 sententie

165 3857 305 3935 relative,
327 3878 386 3941 que
407 3858 555 3938 transitur
587 3857 626 3922 ed
647 3858 742 3940 ipsius
764 3857 902 3922 Lucretii
923 3857 1110 3923 sententiam
1133 3875 1228 3938 supe-

165 3963 295 4028 rioribus
315 3965 505 4037 metuerim,
527 3962 600 4030 terri
622 3963 707 4028 nullu
728 3962 817 4029 medo
839 3965 951 4044 petest.
994 3961 1093 4040 (Quod
1114 3961 1229 4026 Munre

168 4068 305 4150 quamvls
347 4089 382 4130 ea
424 4070 562 4146 enarret,
605 4068 764 4134 Lueretius
808 4068 946 4152 memnii
980 4067 1011 4131 iu
1047 4063 1226 4131 huiusmodi
