2978 4644
516 271 661 328 Iuvenalis.
696 268 838 328 Mimans.
1110 271 1170 338 163

146 468 272 546 ieeinm,
318 469 505 544 meridien,
541 487 635 553 seque
666 469 789 535 invento
812 470 1016 546 scribendum,
1051 473 1083 538 ni
1114 473 1213 552 fallor,

147 578 292 659 apparet:

233 764 237 772 Ι
727 699 935 765 anseumqae
956 683 1061 749 meridi

350 790 399 850 ira
419 786 480 850 sibi
498 787 599 862 debet,

148 895 184 959 ei
210 895 278 960 sine
301 893 411 977 quibus
435 891 574 958 sibinen
598 893 792 958 satisdandum
813 893 912 975 putet.

249 1101 410 1170 Martialis
431 1105 574 1186 pleraque
596 1103 667 1187 legi,
700 1102 755 1168 sed
777 1103 838 1168 elia
859 1101 920 1166 aiio
941 1103 1088 1186 tempere,
1125 1125 1214 1191 earp-

146 1211 210 1276 iim
248 1211 351 1276 omnia
372 1209 562 1292 emsimque,
597 1210 633 1274 ut
653 1225 720 1274 rnre
740 1208 928 1273 insisterem
959 1227 1020 1274 nee
1041 1209 1105 1275 fere
1127 1213 1214 1294 quie-

149 1332 243 1399 quam
277 1317 331 1380 eui
365 1316 518 1380 meterem
545 1315 600 1379 ant
634 1307 825 1381 annotarem.
883 1313 1008 1379 Invenio
1039 1317 1144 1382 iernen
1180 1317 1213 1382 in

150 1421 340 1504 marginibus
362 1418 475 1503 pusilla
495 1419 570 1493 hee,
592 1439 660 1503 qnae
684 1439 745 1486 non
767 1437 916 1505 premam.

250 1527 292 1600 II,
317 1525 368 1603 59,
390 1521 430 1586 3:

220 1633 341 1716 Frange
362 1634 457 1708 teres,
479 1633 551 1713 pete
572 1630 653 1707 vine,
676 1637 762 1696 reses
783 1649 868 1714 repe,
889 1631 1009 1714 dingere
1029 1629 1144 1706 nerdo;

301 1737 366 1820 ipse
387 1735 474 1802 iniret
495 1736 604 1801 mertis
625 1737 657 1800 re
678 1737 856 1802 meminisse
878 1736 963 1803 deus.

250 1843 404 1927 Frangere
438 1843 522 1907 ieros
558 1842 596 1906 de
629 1842 837 1909 eorumbende
868 1842 900 1907 ei
921 1841 1058 1907 convivio
1079 1841 1214 1907 ineundo

148 1947 215 2013 diei
235 1963 298 2014 nen
320 1947 394 2030 nnio
415 1945 670 2031 seribendumque
691 1949 793 2030 pedus
818 1948 935 2031 frangis
955 1969 1066 2012 moras.
1120 1947 1215 2024 (ruit,

149 2055 203 2137 qni
223 2053 319 2118 vellet
339 2053 450 2116 scande
471 2056 573 2131 terne.)

202 2154 206 2162 '
251 2161 308 2239 ill,
331 2159 381 2236 26,
405 2158 439 2224 5:
1132 2243 1135 2250 Δ

287 2265 400 2364 Omnis
436 2264 519 2329 selus
552 2263 646 2328 hebes
679 2299 718 2314 -
755 2264 813 2328 hee
847 2283 898 2328 me
934 2266 1010 2346 pria
1045 2265 1125 2330 velle

886 2372 1016 2452 negare!
1041 2405 1081 2418 -

247 2508 251 2516 ·
343 2494 468 2541 uxerem
487 2475 546 2540 sed
567 2474 672 2550 hebes,
699 2472 844 2548 Candide,
867 2491 937 2538 eum
958 2475 1078 2557 popule.

254 2581 338 2643 Puta
374 2600 433 2646 nen
464 2581 567 2662 petest
599 2579 713 2644 ironice
743 2578 805 2642 diei
832 2597 887 2660 pro
911 2597 955 2656 ee,
989 2580 1068 2661 qnod
1091 2582 1138 2646 esi
1157 2601 1216 2664 pe-

153 2696 247 2749 desne.
291 2687 390 2754 Seribi
411 2686 516 2751 debet:
572 2731 575 2736 -

288 2792 400 2858 Omnia
422 2793 503 2857 selus
524 2790 629 2866 habes,
650 2809 704 2851 nee
725 2807 777 2852 me
794 2789 870 2870 pute
890 2788 970 2852 velle
992 2807 1119 2872 negare;

346 2915 473 2962 uxerem
495 2896 551 2960 sed
571 2895 677 2972 habes
700 2892 847 2970 Candide,
869 2913 939 2960 eum
963 2894 1082 2977 popule.

156 3000 335 3066 Desiderari
357 2985 493 3068 neriam
515 3002 568 3067 elii
590 3000 756 3067 senserant.

256 3107 313 3185 III,
336 3108 395 3171 54:
1144 3167 1147 3172 .

289 3213 365 3278 Cum
403 3213 475 3277 dere
508 3230 568 3275 non
596 3211 723 3293 possim,
757 3211 836 3293 quod
867 3203 986 3293 p'eseis,
1021 3211 1127 3286 Galle,

953 3320 1124 3401 rogantem,

341 3424 439 3488 multo
462 3421 642 3505 simplicius,
665 3419 764 3494 Gella,
788 3439 901 3504 negare
922 3425 1019 3505 petes.

255 3528 350 3593 ruit:
393 3525 481 3606 Quod
513 3527 585 3591 dare
617 3543 677 3590 nen
710 3527 844 3608 possim,
881 3548 950 3588 cerm
970 3529 1082 3611 poscis,
1120 3528 1220 3604 Galle,

156 3634 327 3718 rogantem,
350 3634 408 3698 eei.

258 3739 358 3812 (Nihil
375 3740 406 3803 in
428 3737 649 3821 epigrammate
672 3735 795 3801 ebseeni
819 3736 890 3814 est.)

257 3845 295 3919 V,
320 3842 540 3924 20,10sqq.:
648 3905 651 3913 ,

357 3949 434 4012 Haee
456 3947 560 4012 essent
581 3947 649 4011 loca
672 3965 802 4028 semper,
835 3946 867 4010 hi
887 3945 1019 4009 labores.

971 4050 1019 4100 rr*
