2918 4636
612 283 733 342 Ovidius.
1106 281 1166 346 103

144 485 260 570 aliquid
280 484 339 568 ipsi
361 483 543 551 Germanico
563 486 666 562 vovet,
689 481 762 565 quid
783 483 850 546 hae
869 479 964 546 verba
985 479 1179 566 significenh:

279 589 483 672 succedatque
504 589 566 655 huis
588 587 671 655 orhis
691 585 866 653 mudantur
886 585 1024 660 habenis,

131 700 239 780 'noque
261 697 300 762 ab
321 695 397 761 aliia
413 694 582 778 expositum
603 693 692 760 uideo
714 706 812 777 neque
833 692 898 775 ipse
919 691 1076 775 intellig03
1099 708 1209 774 quam·
1274 741 1277 747 .

143 813 236 886 quam
268 803 325 868 hoc
357 818 417 867 non
449 813 572 884 prorsus
605 814 676 866 vere
708 799 792 875 dico;
825 797 1001 883 significant
1024 796 1107 861 enim
1129 794 1208 862 Gar·

141 907 299 974 monicum
321 908 352 971 in
379 905 565 973 moueando
596 906 671 972 orbe
698 905 742 984 (in
765 923 823 989 quo
843 904 979 970 habenas
998 903 1116 979 hanah)
1138 917 1210 966 suc·

141 1015 249 1080 cedere
271 1014 415 1088 habenis,
439 1031 514 1097 quas
537 1014 628 1101 antea
650 1009 780 1078 Salanus
807 1009 957 1088 tenuerit,
993 1007 1072 1093 qnod
1093 1006 1208 1071 nidicu·

141 1119 207 1186 lum
229 1123 287 1188 est.
336 1119 540 1186 Sed‘saluam
569 1137 636 1184 ram
657 1118 785 1201 piastni
807 1115 901 1182 codex
923 1113 1142 1190 serranianus,
1176 1111 1209 1176 in

141 1246 200 1312 quc
240 1227 387 1292 Heinsius
422 1225 595 1289 medentes
622 1225 713 1292 sonihi
735 1223 863 1291 annotat
896 1221 939 1300 (ei
960 1221 1031 1298 ania,
1058 1239 1117 1303 quo
1146 1236 1207 1284 non

141 1333 234 1411 nior).
279 1321 427 1397 Preoaiur
457 1330 552 1415 igitur
574 1330 712 1411 Ovidius,
746 1329 782 1394 nh
816 1329 963 1406 habenis,
997 1325 1107 1410 quibus
1130 1322 1210 1389 Ger·

140 1438 280 1504 manicas
312 1455 391 1503 nunc
421 1435 567 1504 Salanum
590 1437 722 1502 amicum
744 1437 850 1502 teneat
882 1437 913 1500 et
944 1432 1040 1517 regan,
1064 1427 1208 1496 succedat

141 1544 214 1610 olim
238 1544 320 1611 orbis
332 1545 371 1608 ab
384 1563 418 1610 eo
430 1543 616 1621 moderatus,
638 1542 765 1620 hecout,
787 1540 925 1625 regimen
947 1539 1026 1606 orbis
1049 1540 1209 1604 danaum.

242 1649 308 1715 Ibd.
332 1649 373 1729 ΙΙ,
397 1649 428 1728 6,
451 1647 507 1713 23ι

277 1756 377 1840 Turpe
400 1757 486 1838 sequi
507 1771 612 1821 omum
637 1757 669 1819 oh
691 1753 820 1820 nuunae
843 1754 951 1819 cedere
975 1751 1109 1816 amicum

321 1864 361 1941 et,
383 1862 443 1930 nisi
468 1861 510 1927 sii
528 1859 611 1938 ichn,
634 1879 702 1926 osse
724 1878 833 1944 negare
855 1877 955 1924 suum.

144 1966 256 2032 Cedere
277 1984 347 2032 cum
369 1967 543 2033 accusativo
566 1967 612 2032 rei
634 1967 830 2033 coniunctum
851 1962 1044 2048 paucissimis
1063 1964 1094 2028 ei
1110 1960 1209 2026 inccn-

140 2072 273 2138 hissiruae
294 2071 367 2139 fidei
388 2071 572 2138 testimoniis
591 2072 765 2138 deihndiiur
786 2073 963 2155 (positis-in
986 2069 1090 2135 littera
1111 2091 1152 2145 m,
1175 2067 1211 2132 uh

139 2179 301 2242 actoriam
315 2177 395 2258 apud
406 2177 559 2244 Velleium
572 2179 639 2245 Pah
656 2179 696 2254 ii,
713 2175 763 2256 85,
780 2177 1013 2262 possessionem)
1025 2193 1082 2242 neo
1098 2173 1211 2240 bonam

140 2285 171 2352 h.
194 2286 215 2350 i.
238 2285 335 2350 habac
354 2285 553 2363 senientiam,
576 2283 664 2367 quasi
686 2284 723 2348 de
745 2301 803 2349 usn
825 2301 861 2348 aa
876 2283 1067 2366 possessione
1090 2283 1209 2365 agatur.

143 2390 244 2456 Codex
267 2389 467 2457 Sacrouianus
490 2381 522 2457 eh
554 2390 612 2455 duo
634 2390 687 2455 alii
711 2389 1025 2474 fontesascendere·
1055 2386 1110 2453 aad
1133 2387 1211 2448 ami·
1306 2393 1308 2400 ’

143 2521 235 2574 mm,
266 2497 435 2580 postposito
467 2499 498 2562 et
519 2498 551 2563 in
575 2497 708 2562 alierum
729 2513 852 2561 uersum
881 2497 994 2561 reieohc
1017 2505 1062 2574 ec,
1100 2493 1140 2558 ad
1162 2511 1210 2558 sa·

142 2603 270 2686 quentia
291 2603 411 2668 trahere
432 2621 492 2668 non
514 2603 597 2668 iicet.
641 2601 772 2667 Fuitne:
1206 2595 1210 2602 ’

492 2708 622 2774 furtunae
645 2707 786 2769 addicere
806 2706 965 2771 amioum?

244 2813 311 2878 lhd.
335 2811 393 2890 ΙΙΙ,
417 2816 444 2893 Ι,
470 2813 547 2879 152ε

244 2921 339 2986 Phua
360 2919 483 3003 quddam
506 2919 653 2996 subeunda
676 2919 732 2985 sed
753 2918 902 2984 s'inrhahe
922 2918 1035 2982 himera

279 3027 344 3091 haec
368 3044 486 3109 qnoque
507 3025 558 3090 vin
577 3025 693 3108 poteris
717 3043 790 3091 voce
812 3025 963 3090 hemonia
983 3024 1077 3108 ioqui.

244 3131 388 3214 Suspicor
406 3129 465 3196 hoc
487 3131 599 3197 damno
618 3131 685 3197 iore
708 3150 767 3197 non
788 3131 861 3208 hihi3
890 3132 1003 3201 sentiet
1022 3131 1078 3196 illa

231 3251 233 3258 ’
277 3240 309 3303 ta
331 3236 526 3303 maiestatem
547 3237 743 3322 pertimuisse
765 3255 863 3304 suam.

143 3345 193 3410 Sic
223 3341 447 3422 Serenianus,
483 3361 520 3408 en
552 3363 610 3428 quo
631 3343 808 3409 'Markehus
830 3341 1019 3419 deturbata,
1058 3341 1140 3426 quod
1173 3341 1211 3408 de

141 3443 234 3516 nnius'
261 3447 395 3514 hominis
416 3449 647 3531 perturbacione
679 3467 738 3514 non
767 3449 893 3526 dicitur3
928 3449 1024 3514 ceteri
1055 3447 1212 3514 forsteal

143 3565 214 3620 eunt
235 3553 367 3620 tundata.
411 3554 613 3620 scribendum
635 3555 775 3620 uidetur:

683 3659 738 3726 sed
759 3661 787 3721 a·
804 3659 931 3725 durhada
952 3659 1063 3724 timore

164 3793 167 3798 ·
244 3771 247 3776 '
296 3764 363 3830 haec
385 3781 503 3848 quoque
523 3767 577 3832 vix'
594 3767 710 3848 potonis
733 3783 785 3832 ure
807 3765 958 3830 tremente
980 3764 1075 3848 loqui,

244 3871 459 3952 suspicando,
482 3875 542 3941 oei.
587 3875 592 3882 “
724 3874 726 3884 “

191 3975 434 4056 ''111‚9,25:
