3000 4638
549 251 579 308 L.
595 253 700 308 Senecae
719 251 825 324 Scripta
842 251 909 306 min.
1158 249 1218 314 343

198 451 314 518 Seneca
335 471 371 518 ea
392 452 490 516 forma
508 439 693 534 scripsisset,
726 469 791 532 quae
820 449 892 516 inde
924 451 962 514 ab
984 449 1106 518 Erasmi
1129 450 1201 514 edit.
1226 451 1257 516 Il

197 561 352 622 ser-satur:
383 558 454 622 huc
487 557 605 622 omnis
635 557 728 626 ista,
757 574 836 650 quae
863 557 900 618 in
928 555 1012 620 foro
1034 556 1186 638 litigat,
1224 557 1260 620 in

196 660 629 746 theatris[desidet],iu
652 662 811 744 templis
833 665 1028 744 precatur,
1050 663 1161 728 turba
1181 662 1261 726 dis-

196 768 285 849 pari
300 767 419 850 gradu
442 768 639 842 vadit,'sno
652 767 829 850 proprioque
842 769 981 832 verbodo
1002 786 1182 851 unoquoque
1195 769 1261 834 loeo

137 881 139 885 “
196 873 309 954 posito,
342 873 473 936 alterum
495 874 630 958 ¹verbum
658 871 753 956 (qnod
784 891 858 938 sane
891 874 990 954 potius
1020 874 1177 954 plaudit
1208 875 1262 938 aut

197 977 300 1044 simile
329 978 396 1056 fnit,
430 978 581 1044 actionem
613 977 804 1060 significans,
842 997 934 1060 quarn
969 977 1134 1054 desidet)
1162 980 1191 1044 in
1233 980 1261 1042 Α

197 1085 365 1167 calensque
398 1085 551 1150 codicibus
582 1083 746 1160 omittitur,
777 1083 857 1150 dude
893 1087 966 1148 nata
999 1089 1046 1148 est
1077 1083 1262 1165 perridicula

196 1190 331 1256 Fickerti
354 1191 545 1256 coniectura:
568 1189 605 1254 in
626 1189 711 1254 foro
732 1189 886 1272 litigat,
920 1190 957 1254 iu
979 1189 1151 1254 theatris
1175 1207 1262 1271 pre·

197 1300 324 1372 catur,
346 1297 460 1360 omisso
486 1295 524 1359 iu
555 1295 725 1380 templis,
770 1293 831 1358 Sed
859 1294 928 1358 huic
957 1294 1119 1360 sententiae
1144 1293 1261 1360 Seneca

197 1401 443 1468 subiicit'banc:
485 1401 531 1464 Et
566 1421 642 1485 quae
675 1401 873 1466 veneraris
901 1403 937 1464 et
967 1419 1043 1484 qnae
1073 1399 1261 1484 despicis,

196 1525 292 1572 unus
315 1507 532 1590 exaequabit
553 1507 665 1583 cinis,
696 1507 788 1570 rebus
811 1508 969 1574 contrariis
994 1506 1115 1570 notatis.
1163 1495 1262 1586 Supra

196 1613 394 1678 veneraris
417 1613 528 1695 aliquis
549 1613 664 1678 iamin
687 1611 800 1678 codicis
823 1613 851 1674 A
874 1613 1040 1698 archetypo
1054 1611 1262 1692 adscripscrat
1337 1691 1339 1696 Ι

196 1718 348 1801 diligis;
372 1717 443 1784 hine
463 1719 494 1782 in
516 1718 547 1782 A
568 1721 600 1784 et
621 1719 732 1784 ceteris
755 1717 913 1782 scribitur:
950 1717 998 1782 llt
1020 1709 1100 1802 quae
1123 1717 1261 1800 diligis

196 1825 403 1888 veneraris
425 1827 462 1888 ot
494 1845 571 1907 qus
593 1824 677 1895 des..
712 1825 765 1907 qui
786 1843 868 1888 error
891 1823 1023 1913 editores
1046 1842 1107 1890 non
1130 1823 1261 1906 decepit,

195 1929 257 1996 nisi
289 1928 371 2012 quod
393 1949 489 2014 nuper
513 1929 652 2015 diligis
683 1929 827 2004 retineri,
864 1931 1067 1996 veneraris
1090 1929 1184 1996 deleri
1207 1947 1261 1993 ro-

194 2035 328 2110 luerunt,
362 2055 421 2102 non
448 2039 545 2110 recte,
579 2039 615 2102 ut
644 2037 758 2118 opinor.
802 2037 924 2122 Neque,
953 2055 1143 2125 quamquam
1172 2035 1261 2100 huius

197 2139 312 2206 codicis
342 2143 519 2224 praestantia
551 2142 699 2226 religione
732 2149 763 2208 et
793 2143 1041 2227 interpolationis
1075 2139 1261 2209 abstinentia

198 2249 350 2324 eensstm,
372 2267 431 2312 oon
454 2246 615 2330 aliquando
636 2246 779 2333 librarius
801 2248 867 2330 ipse
890 2251 944 2314 aut
964 2248 1002 2321 is,
1037 2267 1129 2330 quem
1152 2265 1261 2332 seque-

197 2353 299 2426 batur,
331 2351 364 2416 in
386 2352 519 2434 primum
541 2351 618 2416 illud
640 2356 672 2418 et
694 2351 957 2432 simplicissimum
979 2351 1185 2435 interpolandi
1207 2372 1261 2436 ge-

197 2475 255 2522 nus
277 2454 396 2532 incidit,
431 2462 467 2522 ut
498 2477 533 2522 er
555 2458 668 2522 litteris
691 2457 796 2524 fractis
818 2455 965 2523 Latinum
988 2459 1171 2524 uocabulum
1194 2459 1261 2524 effi-

197 2566 289 2626 ceret.
343 2562 498 2646 Singulari
518 2563 583 2626 sive
604 2581 704 2627 errore
728 2565 792 2654 sire
813 2561 1010 2628 festinatione
1034 2581 1194 2639 neuram,
1229 2565 1261 2628 in

197 2667 403 2735 consolatione
438 2668 478 2734 ad
510 2665 657 2734 Marciam
694 2671 799 2736 mmen
831 2649 1022 2750 frequentius
1051 2688 1143 2752 quam
1177 2669 1260 2742 alibi,

196 2791 287 2836 voces
320 2774 463 2838 extremis
496 2772 608 2838 litteris
643 2772 808 2856 syllabisve
832 2775 983 2847 truncari,
1014 2775 1077 2841 iam
1100 2774 1261 2840 Fickertus

197 2878 419 2944 animadvertit
440 2880 580 2964 recteque
604 2897 641 2942 ea
661 2879 873 2946 observatione
897 2898 968 2944 usus
991 2884 1039 2946 est
1057 2880 1106 2955 12,
1129 2879 1159 2957 2,
1180 2899 1261 2944 sna-

198 2987 293 3052 serit
315 2986 450 3052 scribens
473 3005 507 3050 er
529 3004 613 3062 sua,
639 2987 670 3048 et
691 2985 742 3062 26,
765 2985 794 3062 2,
816 2985 969 3059 obicum
991 2985 1022 3050 in
1039 2984 1143 3050 codice
1163 2986 1260 3050 esset:

196 3091 398 3176 qnodints
429 3091 564 3159 domus
593 3093 719 3156 status
752 3092 833 3156 inte
860 3093 962 3185 ipse,
997 3092 1024 3156 is
1048 3091 1163 3173 optime
1186 3090 1261 3155 effe·

196 3197 256 3262 cit:
289 3195 387 3278 qnod
418 3194 568 3281 integro
604 3197 733 3264 domus
755 3199 877 3270 statu,
912 3197 962 3264 oui
982 3198 1117 3264 Hessius
1143 3197 1263 3262 addidit

196 3302 350 3384 integer
383 3301 472 3384 ipse.
483 3303 509 3384 ¹)
564 3301 739 3370 Desiderari
774 3303 890 3386 aliquid
919 3303 958 3368 ad
998 3303 1261 3370 accuratissimam

196 3407 357 3474 codicisA
392 3409 550 3490 scripturae
581 3409 721 3507 notitiam
745 3409 879 3474 Haasius
905 3409 972 3474 iure
1000 3410 1125 3496 scripsit
1161 3410 1259 3492 (prat.

195 3513 255 3579 vol.
283 3513 349 3596 Ip.
374 3513 438 3591 Vl).
989 3545 991 3548 ·

196 3719 396 3730 ,.-...--.----

224 3867 335 3938 ¹)'Add
353 3869 378 3930 3,
397 3867 415 3922 2
433 3865 488 3918 vix
506 3863 606 3930 (vixit
623 3867 694 3920 resta
715 3863 851 3930 Hessius),
871 3865 895 3918 4,
916 3867 933 3919 2
951 3841 1072 3918 consol
1092 3851 1258 3932 treolpro
1281 3853 1284 3860 ’

266 3957 505 4014 consolandam
533 3972 567 4010 se
593 3957 693 4022 Areo,
721 3955 899 4009 minuerecte
918 3955 974 4022 Η.),
1004 3959 1027 4018 9,
1060 3961 1072 4011 l
1097 3953 1263 4028 admonet

265 4051 405 4106 essibus
429 4049 654 4115 (admonemur
671 4054 716 4114 c),
734 4051 781 4112 11,
812 4051 828 4104 5
853 4051 1063 4117 paucissimo
1088 4047 1263 4103 circuitus
