2970 4648
476 290 507 345 L.
527 291 626 346 Seneca
643 292 751 360 quastt.
769 291 858 346 natur.
1044 255 1047 261 Ι
1100 288 1162 352 457

143 491 212 567 5111;
235 491 304 558 edd.
327 490 474 555 divisus
496 489 549 554 sit
569 508 638 554 nec
660 488 766 564 hanc)
782 504 896 551 unam
918 486 1074 555 deterat
1096 490 1205 556 semi-

142 600 229 664 tam.
273 597 429 662 Efficitnr:
457 596 566 660 utin
596 579 892 660 multaTitinora
920 592 1070 660 divisus
1097 597 1205 659 micet

143 722 211 768 nec
232 723 345 768 unam
367 703 518 767 deterat
539 700 726 766 semitam.

245 804 1205 893 1151.25,6(555κ1582(1111151.Ιρ.52)51555111)1-
1241 815 1243 818 ’

142 917 208 982 tur:
238 915 319 980 Non
341 915 436 979 licet
457 916 562 980 stare
584 911 809 977 celestibus
832 929 900 974 uec
921 914 1063 988 averti;
1091 913 1204 996 prod-

143 1023 234 1086 eunt
268 1019 408 1096 omnia,
442 1023 483 1085 ut
514 1019 637 1084 semel
664 1017 906 1094 misserunt,
938 1017 1092 1084 vadunt.
1136 1019 1205 1086 Non

142 1126 254 1192 dicitur
259 1126 389 1211 prodire
408 1143 462 1208 pro
485 1143 529 1200 eo,
551 1123 633 1208 quod
655 1124 704 1189 est
726 1121 887 1204 procedere
909 1124 941 1186 et
961 1122 1022 1202 ire;
1051 1126 1204 1203 vadunt,

142 1235 177 1298 ut
206 1250 287 1297 nune
316 1235 374 1307 est,
407 1250 529 1315 prorsus
563 1229 671 1296 vitiose
705 1229 927 1311 superponitur.
971 1229 1087 1296 Seneca
1108 1231 1204 1308 scrip·

141 1339 238 1402 serat:
258 1341 459 1421 protendo,
480 1339 522 1402 ut
545 1335 665 1400 semel
687 1333 811 1399 missa
830 1337 934 1408 sunt,
961 1335 1109 1403 vadunt
1132 1344 1204 1412 (unc

141 1447 173 1506 et
205 1460 264 1506 non
297 1443 467 1524 intenupto
506 1445 633 1520 tenore).
688 1439 723 1504 Id
760 1439 941 1504 vocabulum
986 1441 1081 1505 etiarn
1124 1442 1205 1525 apud

142 1547 278 1613 Gellium
308 1547 411 1624 xvir,
445 1547 481 1625 8,
518 1548 536 1609 5
570 1546 717 1611 ascribis
746 1544 901 1608 mutatum
922 1544 1103 1612 videbimus.
1148 1547 1205 1613 Se-

143 1657 276 1737 quuntur
309 1656 328 1733 8
362 1654 380 1714 7
403 1654 434 1719 in
467 1653 528 1718 fine
551 1653 659 1736 eapitis
681 1651 746 1714 haec
763 1649 795 1714 in
817 1650 986 1717 codicibus:
1031 1653 1119 1719 urit
1138 1656 1206 1738 qui

142 1758 386 1824 demonstret
413 1758 631 1842 aliquando,
668 1756 811 1840 quibus
841 1758 994 1822 cometae
1023 1762 1205 1842 partibus

140 1865 313 1942 currant,
346 1884 429 1930 curn
457 1869 535 1931 tam
563 1863 716 1930 seducti
745 1879 764 1925 a
791 1861 935 1927 ceteris
958 1869 1065 1930 erret
1087 1867 1144 1946 (sic
1166 1867 1201 1944 u,

138 1988 180 2034 m.
204 1968 222 2030 2
245 1972 368 2046 errat;
402 1969 482 2046 cor,
506 1969 531 2034 P
552 1970 588 2033 4:
624 1970 755 2034 errent
783 1986 863 2062 curn
888 1970 964 2033 tam
986 1971 1156 2050 seducti,
1178 1972 1204 2036 B

139 2075 299 2140 currant
332 2093 414 2140 curn
446 2077 523 2140 tam
560 2075 723 2140 seducta
751 2073 898 2139 ceteris
929 2079 1207 2160 eant)‚'quanti

140 2181 351 2265 qualesque
381 2181 472 2248 sint.
490 2203 499 2220 ·
519 2181 590 2246 Non
612 2183 695 2246 recte
716 2180 747 2246 h·.
769 2181 789 2246 l.
812 2200 830 2246 s
852 2198 943 2246 cursu
965 2199 1047 2246 error
1071 2183 1206 2264 separari

139 2287 268 2353 videtur.
305 2287 450 2354 Fortasse
470 2287 587 2354 Seneca
602 2287 741 2372 scripsit:
763 2287 855 2365 urie,
879 2288 942 2371 qui
963 2279 1206 2355 demonstret

139 2392 369 2477 aliquando,
401 2393 536 2476 quibus
559 2394 719 2459 cometae
741 2393 924 2476 partibus
947 2395 1117 2473 currant,
1139 2413 1205 2461 cur

18 2502 20 2506 ’
141 2501 200 2583 (515
227 2499 290 2564 iarn
318 2499 386 2580 alii)
421 2503 497 2564 tarn
526 2499 679 2564 seducti
720 2517 738 2562 a
770 2499 931 2575 ceteris,
964 2510 1204 2586 coercetque,

141 2605 279 2688 quanti
301 2605 514 2689 qualesque
537 2607 624 2670 sint.
669 2604 758 2684 (Qus
780 2604 921 2671 Geertnio
944 2603 1094 2684 debetur.)

241 2711 309 2778 lbd.
335 2710 390 2788 28,
424 2712 443 2773 2
473 2729 489 2776 e
516 2711 542 2774 B
565 2712 776 2777 scribendum:
814 2710 883 2775 sed
915 2711 1057 2776 habere
1092 2730 1205 2795 repo-

140 2819 222 2884 sita
245 2821 283 2882 et
305 2817 592 2899 comprehensa
614 2823 866 2900 (comprensa,
896 2835 949 2899 pro
972 2821 1204 2899 compressa)

140 2923 309 3007 legibus·
326 2921 470 2986 mundi.
517 2922 604 2987 Idern
627 2921 770 2987 Koelerus
794 2922 915 3004 assequi
937 2921 1077 2986 voluerat
1100 2941 1205 2987 corn-

141 3029 254 3113 plexa
276 3027 446 3093 scribendo.

244 3133 303 3217 (De
326 3151 351 3198 c.
374 3132 425 3210 30,
448 3133 467 3196 5
492 3134 607 3199 dictum
631 3133 758 3201 estaol.
781 3131 798 3194 1
824 3152 854 3215 p.
882 3131 937 3208 39;
959 3132 1013 3198 sed
1036 3133 1090 3200 cfr.
1114 3152 1206 3217 supra

141 3259 171 3324 p.
195 3238 256 3302 338
278 3258 308 3302 n.
333 3240 374 3322 1.)

243 3345 309 3420 lbd.
345 3344 396 3422 31,
433 3345 469 3409 2:
513 3344 675 3410 Colores
717 3345 964 3411 meretricios
1010 3343 1206 3410 matronis

142 3449 298 3534 quidem
338 3468 412 3514 non
455 3449 671 3515 induendos
717 3450 793 3516 viri
836 3451 1034 3517 sumimus.
1092 3449 1207 3515 Seneca

143 3557 324 3638 scripserat:
357 3573 400 3620 nc
420 3555 611 3620 matronis
643 3555 796 3638 quidem
826 3555 1061 3632 induendos;
1094 3556 1206 3621 omisso

144 3681 190 3726 ne
214 3661 352 3726 additum
376 3662 424 3725 est
444 3678 525 3725 non.
564 3659 638 3736 (Gfr.
662 3660 792 3728 adVell.
807 3662 923 3739 Petit,
946 3661 996 3738 86,
1020 3659 1208 3743 258075.)

145 3768 244 3833 Paulo
265 3770 345 3850 post,
368 3767 421 3831 ubi
442 3765 473 3830 in
496 3765 521 3831 Ε
544 3768 607 3830 est:
640 3766 737 3832 alius
758 3767 795 3832 in
818 3768 1037 3833 obscoenam
1060 3766 1206 3846 partem

143 3873 230 3938 ludi
262 3873 367 3957 sugit
399 3874 436 3938 et
465 3873 618 3938 locatus
646 3873 692 3938 ad
718 3876 878 3938 mortem
904 3869 1050 3936 infame
1083 3889 1208 3935 arma·

144 3984 222 4056 tur,
255 3998 314 4044 non
336 3980 436 4064 agitur
459 3979 496 4044 de
517 3979 682 4060 armando,
715 3981 746 4043 in
770 3997 828 4063 quo
861 3979 945 4044 nulla
968 3975 1124 4041 virilitatis
1146 3975 1209 4040 iac-

144 4087 214 4150 tura
238 4087 294 4164 est,
318 4104 416 4169 neque
448 4086 485 4150 de
507 4103 540 4150 se
564 4085 601 4150 ad
624 4088 755 4150 mortem
778 4085 913 4160 locando,
947 4083 1002 4148 sed
1025 4081 1063 4148 de
1084 4083 1207 4166 pathico
