2956 4648
302 272 365 336 488
662 271 940 342 nomesplu

262 471 346 544 (Hoc
375 470 527 553 posterius
550 469 614 534 inm
646 471 747 535 scribe
781 471 891 534 codicis
913 467 1140 552 Rehdingorani
1161 469 1286 551 posuit).
1295 471 1323 546 ¹)

261 573 282 661 ᾗ
306 575 344 636 17
367 575 433 652 (14)
468 575 500 638 in
528 575 681 642 codicibus
709 577 855 641 scribitur
881 574 949 656 (P):
992 574 1092 654 Quid
1119 579 1177 640 est
1198 573 1325 651 eliud,

261 681 362 763 quod
383 679 459 745 tibi
493 681 594 762 oripi
626 681 783 746 doleas?
825 681 983 745 Amicus
1016 699 1103 746 esso
1125 682 1325 764 petriam?

262 784 381 848 Tanti
403 783 501 850 enim
524 785 637 850 illam
657 789 791 868 putes,
812 787 854 850 ut
877 786 1034 851 tardius
1056 789 1200 851 coenes?
1226 787 1325 850 Recte

261 889 421 967 hactenus,
445 890 498 974 qni
524 891 670 956 amicos
691 892 847 968 iecerunt3
879 891 933 956 sed
955 894 986 954 et
1005 889 1127 956 codices
1149 895 1182 956 et
1202 893 1326 956 senten-

262 994 316 1059 tiee
337 996 542 1080 orationisque
572 996 672 1062 forme
704 997 879 1072 ostendunt,
903 995 942 1060 de
963 996 1071 1060 amicis
1103 995 1213 1061 eodem
1234 994 1326 1059 modo

262 1119 332 1165 cnm
355 1100 566 1184 obiurgatione
587 1104 620 1167 et
645 1103 828 1168 refutatione
849 1103 1072 1184 interrogatum
1094 1119 1172 1176 esse,
1196 1120 1255 1184 quo
1285 1101 1325 1164 de

262 1206 380 1288 petris,
402 1208 434 1272 et
460 1206 501 1270 cd
532 1205 612 1272 hsnc
643 1208 774 1272 formam
793 1207 941 1289 scriptum
962 1207 1073 1271 fnisse:
1116 1206 1214 1286 Quid
1235 1225 1261 1270 e.
1285 1225 1323 1284 e,

263 1332 292 1395 q.
314 1312 389 1376 tibi
410 1311 508 1394 eripi
529 1311 686 1378 doleas?
731 1307 922 1397 [Amicooi
943 1312 1027 1397 quie
1049 1315 1146 1374 enim
1168 1312 1243 1373 sios·
1261 1333 1325 1394 po·

263 1415 348 1500 teet]
376 1417 527 1482 amicus
561 1422 665 1484 esse?
717 1419 910 1484 Patriam?
965 1417 1079 1482 Tanti
1124 1419 1223 1483 enim
1266 1417 1323 1482 cet

264 1522 310 1586 De
343 1540 455 1606 genere
487 1524 595 1588 erroris
639 1523 701 1588 dixi
736 1525 776 1589 ad
809 1524 862 1590 lib.
894 1524 939 1587 IV
970 1523 1008 1588 de
1041 1523 1141 1590 benef.
1176 1523 1215 1585 31
1250 1526 1325 1590 extr.

240 1627 406 1692 -Proxinre
426 1629 617 1712 paragrapho
629 1627 683 1704 (18
704 1631 759 1694 eut
777 1630 829 1707 15)
852 1631 927 1694 sctis
949 1628 1147 1694 menifestum
1169 1632 1225 1706 est
1248 1629 1326 1693 hunc

262 1733 460 1812 sententiam,
494 1733 624 1798 eundem
648 1734 812 1808 hominem,
840 1735 892 1817 qui
914 1737 1047 1800 mortem
1068 1736 1189 1810 timent,
1220 1737 1325 1798 temen

263 1857 296 1904 so
317 1839 362 1903 ita
395 1838 602 1920 voluptatibus
634 1842 703 1932 (eut
722 1843 814 1904 eertae
837 1841 931 1905 alicui
953 1841 1115 1925 voluptati)
1137 1840 1258 1914 dedere,
1291 1841 1328 1904 nt

263 1943 300 2008 de
322 1943 432 2008 mortis
454 1943 588 2026 periculo
610 1963 670 2010 non
692 1947 822 2030 cogitet,
857 1966 918 2012 non
951 1949 1034 2012 reete
1055 1947 1100 2011 ita
1122 1947 1260 2028 exprimi,
1290 1949 1327 2010 ut

263 2047 383 2114 dicetur
403 2047 530 2112 medie
561 2050 827 2116 oblectatione
861 2053 995 2116 mortem
1018 2053 1220 2116 contemnere.
1265 2049 1326 2114 Sed

262 2154 342 2237 quod
391 2151 583 2220 Sanctolonio
631 2175 667 2222 ex
718 2157 829 2223 codicis
878 2155 906 2221 P
948 2159 980 2220 et
1030 2156 1160 2221 eliorum
1209 2157 1326 2240 aliquot

262 2259 412 2342 scripture
433 2259 704 2338 (boletatione,
725 2265 757 2327 in
779 2280 839 2328 uno
861 2262 1114 2337 bolecationo)
1134 2263 1165 2326 in
1188 2265 1324 2327 mentem

158 2443 162 2452 ὓ
260 2365 355 2438 vonit,
376 2365 483 2443 boleti,
505 2365 627 2431 delicati
649 2371 681 2433 et
702 2368 845 2451 ancipitis
868 2368 939 2441 cibi,
964 2367 1115 2432 eSeneoe
1137 2357 1324 2432 montionem

260 2471 374 2536 factem
395 2489 474 2547 esse,
506 2489 612 2536 vereor
633 2475 749 2548 tumen,
782 2491 817 2537 eo
839 2474 939 2558 magis
961 2473 1040 2555 quod
1062 2473 1100 2536 de
1122 2474 1172 2537 Ab
1194 2475 1324 2549 tacetur,

260 2593 300 2641 ne
322 2593 411 2641 cesus
444 2593 499 2641 nos
535 2576 634 2650 ludet,
665 2578 802 2661 nihilque
827 2577 945 2644 Seneca
980 2579 1136 2660 scripserit
1168 2578 1243 2643 nisi:
1277 2581 1326 2642 At

258 2681 441 2764 quomedo
464 2679 575 2746 illam
594 2687 633 2745 ἐπ
655 2683 792 2746 edendi
810 2683 1069 2749 oblectatione
1087 2684 1323 2748 contemnis?

258 2785 378 2852 Certior
408 2803 458 2852 res
490 2785 613 2851 videtur
644 2806 711 2852 esse
742 2789 773 2852 in
807 2787 892 2874 §20
925 2789 1003 2869 (17),
1040 2788 1093 2854 nbi
1126 2788 1171 2853 sic
1204 2788 1323 2853 editur:

258 2889 375 2956 Nulla
406 2892 488 2956 vite
523 2893 673 2957 estnon
695 2887 844 2970 brevis;
886 2913 970 2958 nem
1002 2895 1034 2959 si
1067 2894 1112 2958 ed
1145 2896 1322 2959 neturem

258 3013 380 3060 rerum
415 2998 651 3080 respexeris,
691 2999 814 3064 etiem
848 2998 1027 3065 Nestoris
1070 3001 1108 3064 et
1152 3000 1323 3066 Statiliae

258 3100 383 3166 brevis
416 3104 493 3180 est,
527 3122 604 3186 quae
635 3108 691 3170 cet.
738 3103 883 3169 Condicio
918 3105 964 3181 (si
991 3153 1000 3170 .
1024 3153 1031 3168 .
1057 3154 1066 3170 .
1093 3107 1323 3188 respexeris)

258 3206 429 3270 necessario
470 3208 578 3290 primae
616 3209 779 3275 sententie
821 3207 1018 3292 adiungenda
1058 3212 1122 3277 est:
1166 3211 1324 3294 perinopte
1369 3253 1374 3262 -

259 3313 364 3376 autem
386 3311 451 3377 heec
473 3331 506 3379 se
527 3314 696 3399 excipiunt:
730 3314 865 3381 brevis
900 3316 972 3390 est3
997 3334 1082 3380 nam
1194 3316 1323 3381 brevis

258 3420 332 3488 est:
362 3420 516 3498 postremo
537 3439 658 3504 prorsus
681 3440 774 3505 preve
796 3420 907 3485 dicitnr
933 3421 1040 3485 nulle
1061 3422 1144 3487 vite
1165 3425 1223 3488 est
1255 3441 1323 3486 non
1401 3425 1406 3434 “

257 3637 455 3646 ———.—

738 3703 753 3738 t

276 3785 301 3853 ¹)
330 3790 345 3851 ὅ
364 3788 382 3842 5
399 3800 453 3841 non
470 3785 574 3849 dubito,
599 3787 665 3856 qnin
681 3791 753 3843 recte
771 3788 1030 3858 Schweighaeuserus
1048 3787 1207 3844 iudicaverit
1225 3803 1322 3842 nomen

327 3879 468 3948 proprium
486 3879 605 3934 hominis
626 3879 692 3944 eius,
709 3897 788 3950 quem
807 3881 907 3936 Seneca
924 3880 1010 3936 tentis
1036 3879 1161 3936 lontibus
1183 3879 1277 3934 efferet
1296 3881 1324 3935 et

326 3971 460 4026 memorie
491 3971 589 4034 trudet,
624 3973 744 4042 positum
779 3973 870 4030 inisse.
908 3973 961 4028 Sed
979 3973 1119 4028 Attalns
1137 3972 1218 4027 nimis
1236 3971 1324 4026 disce-

326 4061 369 4117 dit
386 4062 421 4116 eb
438 4064 580 4120 omicns.
616 4063 720 4119 Nomen
737 4065 828 4134 potins
846 4065 915 4121 lotet
931 4067 961 4120 in
980 4065 1124 4122 Stoicus.
