2978 4644
520 251 656 310 cinerate
674 253 823 310 Orsiinnes.
1103 253 1163 321 201

143 449 239 534 qnid
259 450 340 530 est,
357 449 454 535 qunti
475 451 603 516 minus
622 453 710 518 reri
729 449 861 518 simiis
882 454 1053 531 proferre
1074 457 1207 540 petui-

139 555 254 624 'stist
283 556 397 640 Neque
427 558 552 639 teinpus
581 573 682 642 neque
712 557 821 625 medus
848 559 951 626 uentus
968 577 1045 627 esse
1075 561 1206 644 videtur,

136 661 380 746 immundumque
397 661 568 746 possitis.

242 767 311 834 Ibd.
335 767 411 833 183:
452 770 509 834 An
529 768 585 846 id,
613 768 713 852 qunti
732 769 840 836 robis
862 769 1067 838 dicendum
1089 775 1148 840 est
1170 775 1208 840 ei

106 915 107 918 =
141 873 246 958 qnod
270 876 349 939 tum
370 873 507 940 Sassia
523 874 754 954 dictitavit,
778 877 917 942 eumde
939 877 1043 944 furto
1058 897 1208 963 qnaere-

142 981 270 1059 retur,
290 981 371 1046 tum
382 977 603 1046 Stratonem
617 979 811 1046 iisdemin
826 983 1035 1048 tormentis
1058 983 1207 1051 dixisse

140 1085 190 1151 de
210 1086 381 1152 venenet
422 1085 525 1152 Velim
546 1085 641 1160 sure,
675 1086 749 1169 quid
769 1085 913 1153 audiatur
932 1088 965 1153 in
985 1087 1058 1154 iilo:
1079 1090 1137 1154 An
1157 1089 1208 1168 in,

137 1191 279 1259 et'unde
305 1191 440 1276 pendeat
466 1191 620 1257 sententis
639 1191 775 1268 infinite3
805 1208 904 1277 neque
940 1193 1023 1259 enim
1049 1191 1208 1277 praeeessit

138 1297 284 1364 »diuitis
306 1299 362 1362 nni
379 1297 484 1364 sirniie
504 1295 589 1382 qnid,
610 1295 682 1390 sesi:
726 1297 1024 1366 Utrumfurtnm
1054 1299 1207 1366 fantum

143 1405 319 1470 nonest?
347 1405 502 1470 ...An
635 1421 706 1470 nnn
734 1405 957 1488 pertinuit?
986 1404 1207 1471 ...Anii

142 1513 271 1578 netum
304 1529 378 1576 non
417 1510 498 1576 esti
549 1509 659 1593 Itaque
691 1510 840 1578 mendene
871 1512 937 1576 nme
972 1529 1040 1578 esse
1076 1512 1206 1578 enustst

145 1615 350 1685 Scribonium
385 1613 523 1682 videtur:
573 1616 633 1682 An
664 1616 703 1682 id
742 1617 853 1684 vebis
889 1616 1095 1683 dieendn'm
1128 1620 1208 1698 est,

141 1722 241 1805 qued
262 1724 340 1790 tum
352 1721 486 1788 Sessin
500 1720 931 1798 distiterit,...inmissn
946 1724 1044 1808 quod
1057 1725 1150 1808 etque
1166 1733 1207 1788 et.

244 1827 311 1894 Inn.
336 1827 412 1892 192:
448 1828 654 1893 mulierem
685 1827 876 1912 quendem
911 1829 1055 1896 Larino
1092 1831 1209 1914 atque

143 1932 256 2000 illem
288 1951 412 2018 nsque
445 1953 465 1998 s
495 1933 598 1999 meri
634 1951 774 2016 supero
813 1934 967 2000 Romam
999 1935 1209 2018 proficisci

144 2059 229 2106 eum
261 2045 397 2124 ‘magno
433 2040 623 2105 comitatu
659 2041 699 2106 si
730 2039 910 2123 pecunia,
943 2059 1014 2124 quo
1040 2040 1211 2110 futilius

19 2167 21 2172 ·
143 2144 430 2212 eirenmvenire
456 2143 603 2211 iudieie
630 2147 777 2230 eapitis
810 2195 881 2214 ...
914 2146 1042 2212 filium
1064 2147 1208 2231 possiti

142 2251 193 2318 Sis
213 2252 327 2340 iguntse
347 2249 470 2318 feminae
497 2251 715 2338 significationi
742 2253 959 2337 superponitur
985 2253 1063 2322 illud
1093 2255 1210 2340 atque
1293 2313 1295 2318 ,

142 2357 270 2438 illem,
290 2357 381 2441 'qussi
402 2358 480 2423 cerii
502 2357 618 2442 aliquid
639 2361 671 2426 et
693 2359 806 2443 proprii
826 2360 958 2426 addetur
977 2361 1076 2440 (velut
1104 2379 1210 2426 esm-

143 2483 213 2547 qne
247 2463 388 2548 greudi
423 2465 516 2530 natu
547 2467 601 2531 eut
633 2463 736 2530 simile
768 2465 911 2550 aliquid);
943 2484 1033 2546 nune,
1059 2466 1146 2532 nulle
1175 2483 1210 2532 re

143 2569 260 2648 eddim,
281 2569 476 2653 ineptissima
496 2571 552 2638 iiie
571 2572 667 2637 verbe
687 2573 769 2637 sunt.
811 2571 1019 2655 Aptissimum
1041 2571 1114 2637 erit:
1134 2591 1211 2638 mn·

143 2677 286 2744 lierem
319 2676 508 2761 quandem
529 2675 671 2743 Larino
693 2675 806 2762 atque
848 2675 953 2740 illim
974 2696 993 2742 e
1014 2679 1110 2744 mari
1143 2696 1210 2743 sn·

145 2802 252 2867 pero.
300 2783 457 2850 Domieilii
484 2783 601 2850 nemini
623 2781 746 2849 additur
767 2781 937 2848 eommunis
958 2783 1055 2850 tetus
1076 2782 1210 2868 regionis

145 2889 320 2976 longinquae
343 2889 535 2976 significatio.
578 2887 709 2956 Librarii
740 2889 898 2973 antiquum
921 2889 1059 2956 adverbii
1079 2891 1211 2956 formum

145 3015 207 3064 non
224 2995 375 3062 tulerunt.

195 3105 199 3110 '
246 3104 311 3186 (De
334 3103 352 3188 ᾗ
376 3103 436 3168 199
459 3102 576 3169 dietum
598 3103 646 3168 est
666 3102 725 3167 vel.
746 3101 763 3166 Ι
782 3121 810 3186 p.
833 3102 901 3186 89.)
911 3103 936 3184 ¹)
1004 3181 1007 3188 Ι

149 3344 346 3356 ιιι--ι-ι--κ-

180 3503 200 3571 ¹)
219 3502 305 3560 Unius
322 3503 375 3558 lnei
394 3503 510 3559 eliensm
529 3503 718 3558 correctionem
742 3504 772 3557 in
794 3518 848 3557 uns
872 3501 965 3557 littere
989 3503 1105 3572 positam
1123 3501 1212 3557 vindi-

218 3596 284 3650 eebe
301 3612 318 3650 e
335 3598 498 3666 contemptu.
542 3595 610 3651 Nem
629 3599 643 3663 ς
668 3597 721 3653 163
737 3611 845 3666 prorsus
862 3594 1040 3649 neeessariam
1059 3597 1101 3649 est
1124 3599 1213 3648 netis

217 3683 343 3746 iisdem
367 3687 522 3744 fortasse
540 3689 715 3759 petronis,
734 3687 880 3742 absurdum
898 3686 994 3742 multis
1013 3687 1109 3749 menis,
1140 3685 1212 3756 quei

220 3795 305 3852 nuper
323 3782 445 3837 homines
474 3781 543 3836 mihi
560 3779 989 3843 benevolentissimi-revenerunt,
1017 3778 1097 3833 vsbi
1105 3795 1127 3834 s.
1164 3779 1212 3834 In·

220 3873 300 3940 (lines,
320 3875 427 3930 etiemsi
445 3873 591 3929 seeundum
608 3872 727 3942 eiiquem
745 3871 820 3934 dent,
844 3871 951 3942 patroni
969 3871 1067 3925 Latine
1084 3869 1139 3924 diei
1158 3887 1213 3925 non

220 3969 350 4036 pessunt„
367 3983 416 4024 nee
441 3970 471 4022 in
498 3967 605 4037 pmvstn
622 3965 723 4020 iudieio
740 3965 882 4021 Cluentius
910 3961 964 4017 nisi
988 3977 1072 4017 nuum
1090 3964 1138 4016 ent
1156 3963 1212 4017 tres

220 4058 321 4116 iudieee
340 4057 483 4114 habiturus
512 4062 577 4125 eret,
607 4075 667 4115 eum
693 4058 722 4112 in
749 4058 799 4114 hee
815 4057 924 4127 publius
953 4069 1033 4112 nense
1050 4069 1212 4125 permagnus
