2918 4652
303 280 364 343 ffis
655 276 925 346 mmmm

361 481 396 546 P.
428 479 490 542 534
527 478 666 556 (faselus)
710 478 831 542 Varro
864 475 1107 555 Desultorio‚
1151 477 1230 558 scapi
1265 475 1329 539 τοῦ

261 580 421 676 ypc'psw:
464 585 575 649 Alius
609 584 755 648 domini
798 583 965 647 delicias
1000 581 1155 646 laselon
1201 585 1330 645 actum
1364 673 1369 681 Ι

261 693 507 759 tonsillitore
528 690 706 756 movilem
728 688 885 754 l'lictam
906 687 1037 752 solvit
1088 687 1183 753 Scnls.
1207 687 1329 753 Alius

262 801 404 866 domini
447 798 623 872 delicias,
669 796 855 877 phaselon
897 797 1026 875 aptam
1070 792 1245 856 tonsillis
1290 795 1331 854 is

261 908 382 973 litore
404 904 582 969 mobilem
605 903 769 964 cinctam
789 899 918 964 solvit
974 901 1128 980 (hptnm
1151 900 1331 964 tonsillae

263 1013 421 1094 Roseus,
444 1029 505 1075 uon
526 1011 608 1073 recto
629 1025 756 1071 numero
778 1023 877 1089 neque
898 1013 996 1082 cusu.)

364 1119 397 1185 P.
420 1116 481 1182 536
504 1116 629 1190 (tunica)
673 1113 859 1179 Titinius:
884 1111 981 1190 Quin
1002 1112 1110 1194 togis
1133 1131 1214 1176 cnm
1238 1131 1332 1178 cau-

264 1225 382 1301 didis,
424 1223 570 1289 tunicis
603 1220 775 1287 sordidis
811 1218 893 1284 sint
929 1220 967 1282 et
1002 1217 1108 1284 dicis.
1169 1219 1206 1282 ln
1240 1221 1332 1302 quin

263 1332 389 1397 subesse
410 1327 522 1394 lshulae
543 1346 664 1401 nomen,
686 1328 771 1390 recte
792 1325 832 1390 ab
854 1323 923 1389 aliis
944 1323 1113 1392 iudicatum
1138 1329 1194 1392 est
1243 1325 1334 1391 Reli·

262 1455 322 1520 qnn
340 1437 383 1501 sic
404 1433 578 1500 scribenda:

358 1573 361 1580 .
412 1541 581 1624 Togisono·
602 1537 750 1612 candidis,
770 1537 884 1602 tunicis
905 1547 939 1598 at
960 1537 1092 1602 sordidis

414 1646 484 1720 sint,
512 1639 626 1707 odies?
884 1680 889 1690 ·

365 1752 398 1818 P.
420 1751 480 1814 537
503 1751 626 1827 (stola):
669 1750 816 1815 Ennius
839 1749 1024 1832 Telepho:

308 1857 389 1923 Cedo
412 1861 444 1923 et
466 1875 557 1922 caseo
580 1873 651 1920 enm
673 1855 801 1920 vestitus
823 1855 967 1938 squalida
987 1859 1101 1937 saeptus
1125 1854 1216 1920 stola.

263 1945 483 2029 Scribendum:

305 2067 387 2134 Cedo
410 2069 536 2132 stateo
557 2068 612 2130 hoc
633 2085 704 2131 cum
726 2068 852 2147 vestitu,
874 2067 1015 2150 squalida
1037 2071 1150 2150 saeptus
1174 2067 1265 2133 stola.
1450 2085 1451 2134 l

364 2174 398 2240 P.
420 2173 482 2236 538
506 2175 650 2256 (sagumh
673 2173 836 2237 Sisenna
856 2174 954 2239 Hist
978 2175 1041 2241 lih.
1065 2175 1139 2239 llI:
1164 2171 1336 2238 Senatus

264 2280 507 2345 auctoritate
527 2277 688 2362 sagaris
710 2297 814 2345 nnnc.
845 2282 908 2344 Sor.
930 2278 962 2345 S.
986 2299 1011 2344 e.
1035 2281 1174 2363 ospaci
1193 2302 1335 2346 sumus.

363 2384 430 2449 Ihd.
452 2384 732 2466 (paludamentum)
776 2383 999 2451 Sallustius
1027 2386 1127 2451 Hist.
1157 2385 1226 2452 lih.
1254 2386 1335 2451 III:

264 2491 310 2558 lit
336 2491 466 2557 eodem
491 2493 660 2572 tempore
691 2490 875 2556 Lentulus
904 2492 1054 2576 duplici
1083 2493 1164 2558 acie
1196 2490 1335 2556 locum

264 2599 411 2664 editum
446 2597 565 2663 multo
595 2597 786 2680 sanguine
824 2615 976 2663 suornm
1009 2597 1189 2662 defensus
1234 2599 1336 2671 (recte

264 2705 317 2770 alii
333 2705 564 2781 defensans),
587 2707 786 2786 postquam
807 2723 848 2768 ex
871 2704 1036 2768 sarcinis
1058 2701 1336 2786 paludamenta

262 2810 412 2876 hostari
455 2812 492 2874 et
527 2809 686 2874 delectas
730 2809 909 2900 cohortes
951 2809 1127 2894 intelligi
1171 2827 1334 2892 crepere.

263 2915 427 2981 Sallustius
449 2916 615 2997 scripserat
635 2916 700 2980 sine
734 2915 841 2980 dubio:
886 2920 1096 2998 postquam
1130 2934 1171 2980 ex
1203 2917 1336 2978 arenis

263 3022 537 3104 paludamenta
556 3022 748 3084 nostratia
770 3023 809 3084 et
830 3021 995 3085 dele'ctae
1016 3021 1192 3088 cohortes
1214 3022 1334 3087 intel·

263 3124 336 3210 ligi
359 3145 512 3222 coepere.
544 3127 723 3209 (Postquam
740 3127 869 3192 Lentulo
892 3125 1110 3209 paludamenta
1131 3127 1274 3193 Romana
1298 3148 1334 3193 ex
1450 3167 1451 3178 .

263 3233 372 3311 arenis,
398 3251 466 3316 quae
487 3249 523 3296 ea
545 3233 691 3297 hactenns
715 3232 949 3307 occultaverant
973 3231 1125 3315 pollucere
1150 3238 1333 3318 coeperuut.)

365 3337 399 3404 P.
427 3337 489 3400 543
522 3337 616 3419 (aula)
645 3339 778 3404 ¹Verro
810 3337 1209 3405 Gerontodidasealo:
1255 3338 1332 3403 Sed

265 3443 381 3509 simul
418 3444 591 3510 manibus
631 3446 786 3511 trahere
823 3445 951 3508 lanam
990 3461 1060 3508 nec
1100 3463 1171 3509 non
1213 3445 1333 3509 simul

264 3548 390 3615 oeulis
432 3551 636 3616 ohservare
679 3551 796 3617 ollam
838 3550 985 3631 pultis,
1043 3569 1087 3614 ne
1130 3549 1331 3614 aduratur.

264 3654 360 3722 Serib.
405 3655 473 3720 Sed
495 3658 612 3722 simul
634 3658 810 3724 menibus
832 3656 990 3721 trahere
1018 3657 1144 3720 lanam
1167 3677 1330 3740 nequeo,

264 3762 380 3827 simol
423 3761 547 3828 oculis
594 3764 799 3829 observare
841 3761 956 3827 ollem
1000 3761 1140 3842 pultis,
1195 3779 1225 3825 n.
1271 3762 1328 3827 ad.

104 3845 109 3856 ¹
144 3897 147 3906 ·
263 3867 436 3952 Utrumque
457 3883 491 3932 se
513 3870 605 3934 simul
627 3871 725 3934 lacere
746 3887 836 3951 posse
850 3850 969 3960 'ancilla
989 3871 1091 3951 neget.

364 3974 430 4041 lhd.
453 3976 497 4052 (in
520 3975 626 4040 eadem
648 3982 735 4052 voce)
755 3974 862 4040 Idem
883 3976 1077 4040 Bimsrco:
1112 3973 1329 4038 Vulcanum

264 4097 331 4146 noc
360 4096 470 4163 quum
498 4081 772 4166 nousslagense
799 4081 967 4148 ollarum
995 4079 1124 4163 ligura
1153 4081 1210 4144 ter
1240 4097 1328 4162 pre-
