2918 4652
326 270 389 334 610
703 269 764 325 Lib.
774 271 823 327 IX.
833 271 899 342 Cap.
907 273 929 326 1.

383 469 450 538 lud.
473 471 502 546 8,
528 469 581 534 12:
629 469 873 553 Eandemque
905 471 1096 536 rationem
1124 470 1350 544 habendam,

284 577 348 643 sed
380 577 418 640 iu
451 576 583 658 specie
617 576 777 657 dispari.
831 575 882 640 Sic
915 577 1043 642 codices.
1089 579 1198 641 Arenae
1232 597 1348 654 nomen,

265 684 323 750 ,(16
346 703 405 767 quo
429 684 541 767 agitur,
563 681 670 745 abesse
692 701 752 746 ncn
774 701 865 764 posse
897 699 1003 746 omnes
1024 681 1250 748 intellexerunt.
1294 683 1350 748 Sed

284 791 437 874 praeterea
475 787 676 872 gerundivum
716 790 748 850 et
783 787 903 850 infinita
948 788 1093 853 orationis
1138 789 1237 854 forma
1280 788 1350 853 ferri

285 895 404 979 nequit.
449 895 579 958 Fuerat:
624 892 862 974 Eandemque
884 893 1073 959 rationem
1096 894 1207 956 babet
1227 916 1352 971 arene,

286 1003 354 1067 sed
379 1002 416 1066 in
438 1021 491 1084 sp.
515 999 544 1064 d.
599 998 695 1062 Peulu
726 1001 796 1080 pest
816 998 898 1082 qnod
920 999 1080 1064 scribitur:
1113 1001 1270 1065 inducte

284 1127 409 1174 arenae
431 1106 508 1190 dici
529 1104 732 1182 ridentur,
770 1106 951 1187 tanquam
984 1105 1023 1192 id
1045 1089 1276 1180 vccabulum
1298 1107 1353 1172 in-

284 1213 421 1299 digeat
443 1211 596 1276 numeri
618 1209 894 1292 amplitudine,
927 1229 1006 1275 cum
1036 1211 1068 1275 ei
1091 1212 1353 1295 singulariter

146 1401 149 1408 ¹
285 1321 367 1386 dici
388 1318 566 1403 ingenita
588 1316 640 1381 sit
661 1316 856 1381 naturalis
879 1317 940 1380 sui
962 1317 1192 1392 multitude,
1225 1320 1353 1384 infiniti·

284 1446 340 1491 vus
363 1426 440 1489 dici
473 1422 559 1487 nulla
581 1422 700 1487 ratione
735 1422 944 1486 adorationis
970 1425 1154 1486 structurum
1181 1443 1354 1492 accommo-

284 1534 350 1597 dari
373 1532 475 1614 potest
497 1529 647 1611 debetque
669 1529 777 1592 scribi:
811 1547 891 1593 eum
914 1529 947 1592 ei
970 1528 1229 1613 singulariter
1252 1531 1355 1596 dieto

247 1689 249 1696 .
283 1637 465 1722 ingenita
487 1635 542 1700 sit
647 1633 868 1698 multitude.

384 1740 526 1816 Ible,
555 1741 608 1803 13:
652 1739 827 1804 Petimus
849 1741 988 1823 igitur,
1021 1739 1141 1817 dicas,
1177 1743 1354 1824 queniam

285 1851 331 1914 de
354 1849 528 1912 Enniano
562 1848 635 1910 iem
658 1846 774 1909 verbo
797 1845 996 1928 queritur,
1034 1847 1124 1928 quid
1155 1848 1208 1912 sit
1230 1851 1355 1914 mutus

284 1956 448 2019 huiusce
487 1971 625 2018 versus
668 1971 818 2016 sensus.
863 1950 913 2016 Sic
949 1952 1036 2017 codd.
1069 1952 1172 2036 (vulgo
1206 1956 1270 2037 qui
1305 1957 1357 2019 sit

247 2041 255 2056 '
286 2061 424 2142 notus).
481 2058 698 2124 Scribendum:
733 2057 816 2140 quis
849 2057 901 2121 sit
936 2061 1051 2143 toriae
1083 2057 1114 2124 h.
1138 2077 1166 2120 v.
1202 2077 1354 2125 sensus.

285 2168 362 2233 Cum
399 2165 528 2230 esemel
557 2164 705 2246 scriptum
739 2164 823 2227 esset
858 2163 1067 2241 (sitetius)‚
1101 2153 1354 2248 melesnppletae

284 2274 396 2338 litterae
432 2274 512 2337 sunt.
573 2269 633 2336 Cfr.
664 2269 741 2356 XX,
777 2271 809 2342 1,
848 2268 894 2333 19.
942 2269 1034 2349 (Quid
1068 2269 1168 2333 dicam
1194 2268 1232 2333 de
1267 2290 1355 2336 revu-

144 2375 149 2386 '
284 2379 455 2460 catoin§
495 2377 549 2441 12:
593 2378 900 2460 praeterpropter
936 2375 1062 2439 'vitam
1108 2376 1256 2440 vivitur
1302 2397 1353 2460 prc

285 2487 403 2561 vital)

385 2589 450 2653 lbd.
475 2587 523 2666 12,
546 2587 609 2655 3in
634 2588 696 2652 his:
727 2588 852 2669 atque,
876 2586 910 2649 si
931 2588 1061 2669 posset
1083 2587 1198 2652 etiam
1223 2587 1353 2664 obniti,

283 2699 325 2759 ut
346 2695 444 2759 totis
465 2697 632 2773 careret,
655 2713 727 2758 nun
751 2711 791 2756 ex
814 2693 851 2755 re
872 2690 910 2754 id
932 2692 1079 2768 melius,
1099 2680 1161 2757 'non
1177 2693 1353 2758 addendum

283 2802 350 2866 eret
370 2801 465 2875 fore,
499 2802 554 2865 sed
575 2800 696 2873 EXRE,
731 2798 812 2882 quod
845 2798 920 2861 nihil
942 2798 1067 2864 omnine
1090 2800 1119 2863 b.
1144 2799 1164 2862 l:
1187 2799 1353 2883 significat,

283 2906 521 2970 convertendum
554 2906 656 2987 ipsum
684 2905 716 2968 in
739 2903 845 2968 uoltu
871 2910 958 2982 (nen
988 2905 1078 2986 sore
1110 2904 1150 2968 id
1184 2907 1351 2982 melius).

283 3013 370 3091 Quod
390 3004 494 3076 autem
519 3012 657 3094 sequitur
677 3011 710 3074 in
732 3010 903 3076 codicibus:
936 3009 1111 3092 qnoniam
1146 3010 1349 3096 langueret

282 3117 433 3183 enimus
542 3117 805 3182 adfectionum
836 3115 1072 3199 quarundam
1096 3116 1350 3182 adminiculis

200 3277 202 3282 .
281 3225 572 3289 utuecessaric
606 3223 812 3306 plurimum
846 3222 928 3305 peri
951 3223 988 3288 et
1015 3223 1212 3304 privatus,
1246 3224 1351 3306 opiner

281 3330 423 3396 subesse:
447 3330 518 3394 adf.
535 3348 590 3413 qu.
615 3328 865 3393 adminiculis
881 3337 918 3418 et¹
934 3331 1164 3390 necessaria
1176 3327 1350 3414 plurium

282 3437 463 3520 temperie
496 3435 683 3517 priva-tus.
727 3433 835 3517 lbd.§
865 3432 894 3507 8,
928 3434 980 3497 ubi
1001 3433 1131 3518 legitur:
1176 3434 1348 3518 Utager‚

280 3543 419 3625 inquit,
453 3541 617 3607 mundus
639 3558 833 3624 purusque
866 3540 951 3616 fiat,
985 3539 1066 3605 dius
1099 3540 1209 3606 arbor
1232 3545 1348 3624 atque

281 3648 378 3713 vitis
400 3647 609 3714 fecundior.
655 3645 717 3710 Ser.
741 3645 831 3724 fiat,
855 3655 886 3708 6(
909 3655 948 3706 et
968 3647 1088 3712 arbor
1110 3647 1203 3729 cet.¹)
1309 3719 1311 3724 ,

299 3996 320 4061 ¹)
348 3998 397 4061 §7
424 3996 552 4052 edebatur
578 3995 717 4051 fundum
746 3997 918 4049 mercatus
949 3999 1001 4051 est
1027 3998 1105 4053 6166
1135 4000 1241 4067 atque
1266 3995 1342 4050 rino

349 4088 535 4153 consitum
564 4105 634 4143 nuuc
652 4087 780 4143 scribitur
797 4088 1041 4144 constitutum.
1092 4089 1186 4159 Neque
1209 4105 1280 4159 ager,
1298 4086 1342 4157 qui

1409 4245 1424 4602 l
