2956 4648
527 273 558 328 Is
576 273 681 328 Seneca
704 272 841 344 Epistola.
1112 273 1173 338 503

153 477 184 556 (e
207 473 273 540 qod.
295 473 361 541 Pal.
396 468 639 542 isimilibusre)
672 467 853 536 edebantur:
898 470 995 536 Hinc
1023 521 1030 538 .
1058 523 1065 536 .
1093 523 1100 537 .
1129 475 1215 538 sub·

151 580 255 650 vola.
288 580 429 662 obnupta
471 578 503 642 et
532 574 719 655 abonorum
746 574 884 640 codicum
916 578 1056 662 vestigiis
1089 579 1216 654 detorta,

153 705 169 750 e
203 685 312 770 quibus
349 701 455 750 verum
498 680 588 746 facile
621 679 744 744 eruitur.
802 679 1001 750 Scribendum
1036 687 1101 750 ost:
1136 685 1216 748 Hoc

150 791 197 872 (in
219 791 299 858 bunc
321 791 475 856 excelsum
497 788 598 853 locum
634 786 765 852 sthene
787 786 973 864 libertatem)
995 808 1095 854 nuno
1117 810 1216 873 quo·

151 898 298 980 quotu,
337 896 530 978 quantum·
554 893 681 976 potes,
718 890 819 968 sobi,
858 893 1208 980 voluptatique

151 1002 304 1070 alienus
340 1001 413 1064 iam
440 997 530 1063 hinc
560 1001 618 1062 cet.
677 996 766 1074 llius,
798 997 860 1080 qui.
878 999 1055 1066 etiamnunc
1083 1005 1213 1086 corporis

149 1125 240 1172 onere
262 1106 412 1190 promitur
445 1106 477 1168 et
498 1102 655 1168 difficilem
679 1102 792 1168 olivum
813 1103 960 1190 ascendit,
998 1108 1047 1172 est
1068 1109 1213 1179 subire,

150 1232 210 1277 non
235 1212 453 1278 subvolare.
511 1210 579 1276 Una
602 1209 717 1276 littera
742 1208 835 1292 periit
856 1227 892 1274 en
914 1209 1013 1278 subi.
1071 1213 1216 1279 Extrema

14 1301 22 1316 ’
151 1319 281 1402 epistole
310 1317 461 1400 lambec
488 1316 646 1400 leguntur:
690 1314 832 1395 Quidni
863 1333 930 1378 non
963 1316 1119 1390 timeat,
1153 1319 1215 1401 qui

153 1425 251 1488 mori
275 1425 422 1507 sperat,
457 1422 489 1487 si
517 1422 742 1504 isquoque‚
778 1419 843 1504 qui
877 1422 1042 1486 animum
1067 1423 1215 1490 tamdiu

149 1527 310 1594 iudicat
353 1546 521 1602 manere,
568 1525 753 1609 quamdiu
795 1525 992 1590 retinetur
1038 1531 1214 1612 corporis

150 1633 317 1706 vinculo,
339 1633 510 1700 solutum
534 1633 668 1698 statim
692 1631 832 1716 spargi,
866 1631 903 1695 id
925 1631 1017 1714 egit,
1038 1637 1078 1699 ut
1097 1636 1214 1700 etiam

149 1742 236 1826 post
269 1740 426 1804 mortem
460 1739 571 1804 utilis
598 1756 684 1803 csse
716 1737 865 1820 possit?
921 1737 973 1814 lii,
1006 1739 1058 1824 qui
1091 1758 1214 1824 corpore

150 1845 295 1912 dissoluto
317 1845 453 1910 animum
477 1844 584 1910 stetim
610 1843 712 1926 spargi
734 1844 834 1926 putet,
866 1862 924 1908 non
960 1846 1061 1927 potest
1095 1847 1214 1910 contre·

148 1951 212 2016 rius
235 1951 315 2035 poni,
350 1952 498 2034 tanquam
529 1950 632 2014 minus
663 1949 771 2018 mortis
801 1950 897 2014 metui
919 1948 1077 2029 obnoxius,
1102 1951 1139 2028 is,
1162 1953 1214 2036 qui

150 2057 247 2124 mori
279 2059 422 2140 speret.
477 2055 606 2139 Utrique
638 2072 720 2120 mors
750 2054 905 2137 proposita
942 2057 1003 2132 est;
1042 2057 1144 2140 agitur
1177 2057 1215 2121 de

150 2164 234 2230 stetu
256 2166 327 2246 post
348 2163 488 2226 mortem.
542 2161 607 2226 Nec
638 2161 718 2223 mori
737 2180 824 2244 spero
846 2161 961 2227 Seneca
995 2161 1106 2229 dixisse
1129 2163 1214 2229 vide·

148 2271 208 2334 tur.
254 2267 449 2346 decoraret
471 2266 539 2332 edd.
562 2268 672 2344 vetti:
697 2266 760 2349 qui
782 2267 880 2331 mori
902 2270 1037 2348 sperat
1060 2287 1102 2334 se
1125 2288 1214 2352 quo·

149 2393 219 2460 que
243 2374 315 2458 qui,
337 2372 407 2438 alii:
430 2390 536 2454 msp.
560 2373 626 2437 sed
648 2391 795 2456 quoque
818 2373 916 2456 quie,
938 2373 1098 2440 utlaouna
1120 2394 1214 2458 appa-

148 2482 225 2546 reat.
281 2479 327 2547 Ea
355 2480 467 2544 saltem
501 2496 560 2543 uno
582 2480 726 2544 vocabulo
747 2477 815 2561 plus
838 2479 956 2555 hausit;
979 2498 1049 2544 nam
1073 2481 1214 2546 adhunc

149 2585 279 2674 formam
302 2583 419 2650 Seneca
455 2585 636 2666 scripserat:
681 2583 823 2664 Quidni
857 2603 928 2650 non
967 2586 1121 2664 timeat,
1153 2589 1214 2670 qui

150 2691 267 2754 morri
302 2692 436 2774 sperat
470 2709 511 2755 se
548 2688 869 2774 [superfuturum
906 2690 939 2750 ei
969 2688 1017 2773 ie]
1051 2709 1213 2775 quoque,

149 2797 213 2880 qui
236 2798 293 2862 cet.
1149 2869 1152 2876 ,

250 2901 305 2986 Ep.
331 2901 400 2982 103,
425 2904 440 2964 l
466 2901 586 2966 codices
608 2899 718 2983 optimi
740 2899 781 2979 (B
804 2898 843 2974 A)
866 2899 931 2964 haec
953 2897 1067 2982 scripte
1086 2901 1214 2966 habent:

150 3008 284 3073 Parios
307 3010 399 3074 sunt
435 3025 560 3081 casus,
593 3004 755 3070 etiamsi
777 3023 930 3088 graves,
966 3007 1214 3090 naufragium

150 3115 295 3192 lacere,
316 3112 493 3179 vehiculo
515 3113 657 3187 everti3
692 3113 736 3176 ab
773 3111 927 3178 homine
948 3111 1098 3176 homini
1119 3115 1215 3178 coti-

150 3219 309 3284 dianum
344 3218 568 3300 periculum.
629 3217 791 3284 Pincianus
832 3219 864 3282 et
895 3217 1032 3302 plerique
1066 3219 1214 3286 editores:

153 3325 246 3392 Rari
268 3326 358 3390 sunt
381 3322 480 3405 (peius
503 3323 636 3388 Haasius
658 3323 852 3396 existunt)
887 3341 999 3390 casus
1027 3326 1084 3391 cet.
1138 3326 1216 3391 Puto

151 3428 263 3492 fuisse:
310 3429 403 3494 Rari
440 3439 494 3489 cst
523 3446 655 3502 cesus,
689 3429 844 3492 etiamsi
872 3431 1023 3512 pravis,
1056 3431 1215 3496 naufra-

150 3533 253 3618 gium
276 3532 419 3608 facere,
443 3535 500 3598 hoe
521 3537 577 3607 est,
597 3534 675 3616 quod
688 3551 757 3602 raro
772 3533 903 3599 accidat.
926 3533 987 3599 Sed
1005 3535 1081 3600 illud
1103 3536 1215 3600 certius

153 3642 185 3711 et
206 3638 331 3705 maioris
353 3639 391 3703 ed
404 3639 590 3705 sententiam
602 3639 761 3718 momenti,
783 3637 804 3724 ξ
825 3637 855 3722 4,
878 3638 929 3702 ubi
952 3638 995 3704 sic
1018 3642 1049 3704 in
1062 3639 1216 3705 codicibus

153 3744 241 3810 bonis
265 3745 305 3820 (B
334 3745 376 3821 Α)
409 3745 568 3810 scribitur:
613 3744 695 3809 Non
729 3745 904 3809 arietant
936 3745 1043 3809 inter
1074 3763 1113 3809 se
1141 3745 1217 3810 nisi

152 3850 190 3914 in
213 3849 252 3932 (B
269 3850 387 3932 nisui)
408 3850 540 3916 eodem
564 3850 809 3916 ambulantes
831 3849 919 3933 quia
941 3850 1068 3914 antem
1090 3851 1217 3931 ipsam

154 3954 442 4038 philosophiam
476 3975 547 4022 non
581 3955 745 4022 debebis
777 3955 939 4020 iactare:
977 3955 1113 4020 multis
1143 3955 1219 4019 luit

155 4060 321 4144 periculi
343 4078 457 4126 causa
488 4061 714 4128 insolenter
749 4061 924 4127 tractata
956 4062 993 4124 et
1015 4064 1220 4126 contuma-
