2918 4636
278 290 338 354 m
637 282 900 353 mmmm

333 489 400 555 lbd.
424 489 448 562 1,
471 488 501 562 9,
522 484 563 548 45
587 486 619 549 et
642 483 698 547 46:

295 595 362 659 Hoc
385 593 442 672 est,
465 591 545 675 qnod
564 589 683 674 possim
702 587 821 654 Geticis
842 585 900 654 tibi
921 586 1046 652 mittere
1067 586 1106 652 ab
1128 585 1218 664 aruis,

341 699 408 764 Hoc
429 696 531 764 solnm
555 699 613 770 eet,
635 694 706 761 istic
729 693 807 777 quod
829 692 928 776 liquet
949 710 1017 758 esse
1038 710 1152 758 meum.

233 805 304 870 Non
328 805 483 888 quaritur,
505 801 578 884 qnid
600 803 720 866 certum
740 799 782 866 sit
804 797 906 864 Ovidii
928 815 1008 878 esse,
1028 796 1084 862 sed
1105 797 1178 880 quid
1198 796 1302 862 solum

234 909 338 976 Ovidii
369 910 476 976 Romae
508 925 575 972 esse
603 906 719 988 possit,
751 923 821 968 oum
853 902 914 984 ipsi
940 902 985 968 ibi
1014 921 1082 968 esse
1110 919 1172 969 non
1195 901 1302 970 liceat.

234 1015 362 1080 Codices
386 1012 460 1076 licet.
509 1011 640 1096 Egregie
661 1001 758 1094 igitur'
778 1006 940 1092 Siesbyeue
963 1026 1068 1073 meus:

368 1120 435 1185 Hoc
459 1119 559 1182 solum
583 1116 639 1191 est,
663 1114 733 1180 istic
756 1111 923 1198 quaelicet
945 1131 1022 1192 esse,
1046 1133 1161 1195 meum,

233 1245 308 1292 usus
332 1243 366 1290 eo
388 1241 499 1308 genere
522 1220 705 1306 corrigendi,
727 1219 764 1286 de
787 1236 847 1302 quo
870 1217 932 1284 dixi
953 1219 1013 1284 vol.
1036 1220 1061 1286 Ι.
1090 1241 1120 1304 p.
1144 1221 1193 1286 68.

335 1328 516 1404 lbu.11,3,
542 1327 579 1389 15
603 1330 636 1392 ot
658 1325 711 1388 16:

297 1418 363 1502 Nec
385 1435 444 1500 nisi
465 1434 546 1518 qnod
568 1431 702 1518 prodest
724 1449 829 1496 carum
853 1431 900 1494 eet
922 1432 962 1510 et,
986 1431 1113 1498 detrahe
1136 1434 1235 1500 menti

346 1560 433 1625 spem
455 1540 571 1606 huchue
593 1537 701 1614 avidae,
724 1554 815 1602 nemo
837 1536 987 1617 petendus
1010 1536 1077 1604 orit

234 1645 341 1728 Neque
362 1655 465 1730 petere
485 1664 539 1728 pro
561 1643 673 1720 colere,
702 1650 841 1726 oppetere
862 1644 943 1707 recte
965 1643 1076 1708 dieitur
1099 1646 1139 1723 et,
1162 1645 1190 1712 ei
1211 1644 1300 1712 diee-

223 1753 328 1830 retur,
351 1751 483 1818 debebat
505 1767 588 1814 esse:
610 1769 696 1812 necto
715 1757 840 1832 petolan.
884 1747 999 1832 Opinon
1013 1748 1131 1816 tinioso:

838 1871 928 1920 nemo
953 1855 1097 1918 verendus
1118 1855 1186 1920 erit.

234 1965 316 2030 Nam
337 1963 370 2030 id
397 1981 451 2046 pro
474 1961 626 2028 adiectivo
649 1960 773 2044 ponitur
795 1959 1009 2042 (ammobilia).

333 2069 401 2135 roa.
424 2070 472 2143 11,
493 2066 527 2141 a,
550 2065 607 2144 or,
638 2065 691 2130 usi
713 2064 841 2132 ovum
863 2083 897 2132 se
919 2066 1060 2148 poetam
1094 2065 1239 2134 sarnum
1263 2069 1308 2150 (a
1447 2048 1448 2058 '

235 2178 389 2241 oratorem
410 2193 470 2239 non
493 2171 602 2238 eodem
623 2171 719 2236 divini
741 2170 864 2238 afflatus
883 2171 1091 2240 instrumento
1107 2172 1206 2238 taems
1226 2191 1307 2248 esse,

236 2280 290 2346 sed
322 2281 427 2346 tamen
459 2277 580 2361 utrique
619 2276 752 2344 calorem
788 2277 889 2345 inesse
922 2275 1033 2342 debere
1066 2276 1157 2352 dicit.
1193 2277 1238 2343 sio
1270 2278 1302 2343 in

236 2385 338 2452 codice
361 2384 543 2450 Samarieuo
565 2381 710 2450 scribitur
732 2381 805 2460 (vid.
821 2379 950 2446 Merkel.
972 2381 1058 2462 praei.
1077 2403 1106 2466 p.
1123 2383 1178 2462 V):

252 2487 257 2494 '
357 2491 495 2574 Thyrsus
517 2489 696 2566 sublestate,
718 2487 844 2572 gustata
867 2488 916 2552 est
937 2486 1043 2553 laurea
1064 2487 1160 2563 nobie,

403 2596 457 2663 sed
478 2598 584 2661 tamen
606 2593 753 2658 ambobus
777 2591 869 2658 debet
891 2591 994 2660 inesse
1016 2593 1107 2659 calor.

235 2706 267 2770 in
290 2703 456 2770 Combiano
481 2701 605 2778 numm,
638 2698 767 2766 Heinsio
801 2700 897 2764 teste:
935 2697 1068 2781 Thyreae
1088 2697 1307 2762 obiectare.

235 2809 331 2875 Recte
363 2809 580 2883 Burmannus,
624 2804 675 2886 qui
706 2805 895 2870 inanissimis
933 2803 972 2870 de
1012 2804 1112 2872 oensis
1147 2803 1303 2870 distichon

236 2915 342 2980 eiicere
366 2914 505 2990 volebat,
525 2909 678 2976 intellexit
698 2913 821 2987 minen,
852 2911 990 2978 lauream
1015 2911 1055 2978 od
1077 2912 1212 2978 oratores
1232 2927 1303 2992 per·

237 3020 346 3094 tinore,
367 3019 508 3100 thyrsum
531 3015 570 3080 ad
592 3017 710 3098 poetes,
730 3015 835 3100 itaque
858 3016 1051 3084 scribendum
1074 3036 1157 3084 esse:
1308 3095 1318 3104 ι
1414 3097 1417 3106 Ι

785 3123 910 3206 gustata
933 3122 980 3187 est
1000 3123 1106 3188 laurea
1126 3121 1218 3198 cobis,

236 3229 310 3313 (etei
330 3229 357 3294 is
387 3247 455 3293 cum
487 3227 663 3311 vulgaribus
696 3225 852 3294 codicibus
881 3237 998 3312 yeooaoa
1018 3227 1171 3314 legebat);
1204 3228 1249 3294 ita
1269 3227 1304 3292 iu

234 3333 442 3416 prioreparte
464 3351 569 3400 versus
591 3331 650 3397 duo
673 3332 836 3400 manifesto
859 3333 1016 3401 tenentur:
1054 3333 1184 3418 dryraua.
1198 3381 1206 3398 .
1219 3353 1305 3412 ,moy

235 3439 391 3524 superest,
422 3439 457 3504 ut
491 3438 663 3504 inveniatur
702 3439 829 3505 verbum
852 3439 981 3504 duarum
1004 3439 1192 3524 syllabarum
1215 3441 1300 3530 (nam

220 3545 339 3626 trium,
363 3563 491 3627 quarum
513 3543 625 3608 ultima
645 3544 750 3610 littera
773 3554 785 3604 t
804 3544 995 3624 terminetur,
1017 3564 1122 3612 versus
1143 3563 1203 3614 nou
1223 3546 1302 3620 reci·

233 3651 289 3734 pit,
314 3650 373 3715 nisi
396 3650 475 3733 quod
497 3669 515 3714 a
536 3649 636 3716 vocali
657 3651 744 3716 brevi
763 3651 911 3734 incipiat),
935 3651 1016 3735 quod
1036 3651 1135 3735 thyrsi
1150 3651 1214 3716 vim
1237 3652 1305 3736 sig·

234 3756 350 3834 nificat,
373 3754 582 3821 accusativum
603 3773 722 3840 regens.
758 3754 838 3825 Mihi
864 3757 1014 3822 nnumin
1037 3758 1175 3824 mentem
1196 3756 1305 3822 venit:

291 3921 295 3930 .
330 3919 332 3922 .
369 3861 505 3945 Thyreae
522 3860 629 3944 pateat
651 3882 708 3938 mo,
729 3862 854 3944 gustata
876 3865 923 3928 est
943 3863 1048 3928 laurea
1069 3862 1167 3928 vohis.
1220 3921 1222 3926 .

335 3965 422 4044 Quod
449 3965 540 4046 paulo
569 3966 640 4046 poet
671 3965 785 4048 legitur
807 3986 835 4030 v.
863 3966 903 4028 73
925 3986 1008 4049 sqq,
1039 3967 1091 4032 uhi
1120 3963 1248 4034 Ovidius
1271 3966 1308 4030 et

234 4069 345 4136 Salano
369 4073 410 4149 (i)
444 4069 624 4154 perpetuam
662 4068 846 4135 Germanici
872 4071 1041 4136 amicitiam
1085 4072 1117 4136 et
1152 4072 1305 4153 praeterea
