2970 4648
491 279 522 334 L.
542 278 641 334 Seneca
658 279 767 348 quasti.
783 280 873 333 natur.
1112 279 1174 342 447

153 476 259 538 dicor
278 477 440 553 veritam
463 479 545 542 certe
569 475 800 542 obtenditur
821 477 954 558 scripsit.
998 477 1077 543 Tum
1100 479 1170 561 §16
1185 482 1216 545 in

152 583 305 648 codicibus
338 583 406 665 (sed
430 599 569 646 caremus
589 582 713 664 optimi
734 582 918 654 testimonio,
950 583 982 646 iu
1011 601 1069 666 quo
1100 585 1217 668 aliquot

152 707 258 753 semus
280 706 381 754 errore
402 687 691 770 praetermittuntur)
722 687 767 752 sic
797 689 955 752 scribitur:
998 688 1079 754 Non
1104 690 1216 757 debe·

152 793 219 858 bat
248 793 340 858 mihi
372 813 491 877 parvo
521 812 582 859 res
609 793 721 859 tanta
751 795 944 870 constare,
975 813 1045 860 nec
1074 799 1215 862 exami-

152 900 259 964 navit
287 918 342 964 me
378 898 527 982 quidem
550 898 627 962 diu:
663 900 907 982 nequeenim
937 901 1049 982 paria
1069 901 1216 982 pende·

152 1005 262 1078 baut,
294 997 418 1070 utrum
441 1004 564 1070 satius
595 1009 699 1070 esset
730 1022 786 1069 me
818 1005 947 1088 perire
978 1025 1046 1089 pro
1069 1007 1147 1072 fide
1169 1027 1215 1073 an

153 1109 268 1176 iidem
302 1129 367 1194 pro
398 1129 464 1175 me.
504 1111 599 1175 ·Mire
630 1129 683 1176 res
708 1110 819 1176 dicitur
845 1111 1001 1176 homiuem
1024 1113 1214 1191 examinam3

152 1235 281 1298 pravum
303 1218 352 1281 est
378 1236 433 1282 me
456 1215 610 1299 quidem
633 1217 732 1299 (quasi
754 1216 822 1281 aliis
839 1215 956 1284 Seneca
976 1218 1027 1306 hic
1049 1220 1215 1284 contrarius

152 1322 307 1402 ponatur),
321 1339 523 1414 ‘neopurvam
536 1322 736 1388 offensionem
748 1323 841 1388 habet
862 1324 968 1405 paria
990 1324 1216 1407 pendebant

153 1443 223 1492 curu
256 1427 411 1492 sententia
442 1411 599 1510 pendenti
645 1428 828 1494 Emendatio
861 1429 1027 1496 manifesta
1058 1431 1120 1493 est:

148 1536 346 1608 constare;
385 1553 428 1595 oe
453 1534 672 1596 examinavi
692 1533 842 1616 quidem
866 1534 932 1598 diu
953 1539 1091 1618 (nsque
1114 1537 1213 1600 enim

147 1638 517 1722 pariupendebaut)‚
549 1641 674 1704 utrum
706 1639 832 1705 satius
862 1644 970 1706 esset
996 1642 1054 1706 oet.
1101 1641 1214 1706 Statim

147 1763 181 1809 se
215 1747 248 1808 et
278 1745 343 1809 sine
372 1744 565 1810 hesitatione
600 1745 772 1810 decrevisse
804 1745 886 1811 dicit.
936 1746 991 1812 Na
1018 1747 1086 1812 cod.
1115 1746 1215 1812 Gueli.

149 1850 387 1932 (Examiuuui
422 1850 516 1914 etiam
548 1850 710 1916 Michaelis
743 1851 852 1918 Philol.
881 1851 926 1916 IX
954 1871 985 1934 p.
1005 1850 1078 1930 332,
1110 1852 1164 1917 sed
1185 1853 1216 1916 in

148 1958 273 2040 reliquis
296 1958 443 2038 aberret.)

249 2063 314 2128 Ibd.
339 2062 367 2136 2,
394 2061 413 2122 6
436 2060 486 2138 (de
507 2060 680 2128 hominibus
700 2081 794 2144 parvo
824 2063 946 2147 navigio
968 2082 1023 2147 per
1045 2065 1215 2129 cataractas

148 2168 215 2234 Nili
243 2168 527 2249 descendentibus:
570 2169 1076 2254 magnoque'speetentium
1112 2173 1216 2236 metu

149 2275 189 2342 in
213 2279 327 2357 eaput
348 2276 476 2356 missi,
499 2295 581 2342 cum
604 2277 680 2341 iam
703 2274 971 2358 adploraveris
993 2295 1216 2360 mersosque

150 2385 267 2463 atque
300 2381 456 2448 obrutos
487 2386 599 2448 tenta
628 2382 727 2446 mole
756 2380 995 2454 credideris,
1028 2382 1139 2464 longe
1172 2381 1217 2445 ab

151 2506 207 2564 eo,
229 2488 266 2550 in
288 2506 395 2569 quem
418 2488 661 2563 ceciderunt,
694 2486 779 2548 loco
806 2486 1009 2569 navigant,
1030 2486 1088 2553 cet.
1131 2487 1217 2550 Nihil

150 2593 181 2659 h.
204 2592 226 2658 l.
251 2595 299 2657 est
320 2592 499 2678 adplorans,
533 2593 615 2682 quod
637 2591 733 2656 semel
754 2589 835 2672 opud
857 2591 1022 2656 Horatium
1044 2592 1157 2674 legitur
1179 2591 1216 2654 de

68 2700 72 2705 ’
150 2700 299 2782 plorando
343 2700 424 2782 apud
456 2700 590 2783 aliquem
631 2699 662 2778 et
687 2715 770 2773 [eum
804 2713 852 2760 eo.
905 2696 1084 2779 Requiritur.
1113 2699 1217 2779 operte

151 2803 429 2888 deploraverim
485 2805 581 2870 Paulo
613 2790 684 2866 ante
717 2819 753 2865 ex
783 2801 810 2863 Ε
842 2801 942 2866 editur
975 2821 1068 2866 nune:
1111 2801 1218 2867 inter

152 2910 326 2991 rapidam
367 2912 556 2977 insaniam
602 2906 686 2972 Nili
726 2908 764 2970 et
800 2907 1021 2990 reciprocos
1061 2907 1218 2991 quidem

150 3016 301 3081 fluctus
333 3017 518 3091 volutati,
551 3014 703 3098 particule
735 3013 888 3097 quidem
908 3013 1142 3097 perversissime
1163 3031 1218 3094 po-

43 3155 45 3160 ·
150 3125 222 3189 sita.
278 3123 406 3190 Videtur
438 3124 532 3190 fuisse
577 3121 799 3202 reciprocos
841 3119 879 3180 ic
921 3118 1016 3181 idem
1058 3119 1219 3184 fluctus.

150 3229 236 3294 Infra
266 3233 285 3310 ξ
319 3229 358 3294 10
391 3249 461 3294 eum
493 3247 553 3292 uuo
576 3226 685 3292 Haasii
719 3224 859 3307 exemplo
891 3228 1003 3298 uterer,
1034 3226 1219 3310 scripseram

152 3335 334 3411 coniectura,
367 3335 448 3417 quod
479 3332 550 3398 iude
583 3333 622 3397 ab
643 3332 773 3396 Eresmo
810 3331 882 3396 ante
904 3331 1081 3398 Fickertum
1114 3349 1220 3396 omnes

151 3441 236 3504 recte
251 3442 428 3504 tenuerent:
451 3437 822 3518 minimumquetnon
846 3433 1155 3519 nimiumque)'in
1179 3456 1221 3502 eo

152 3547 221 3621 sit,
245 3546 341 3628 quod
366 3545 492 3609 solum
514 3543 726 3624 temperat:
758 3541 856 3605 multo
878 3541 994 3605 maiora
1014 3540 1122 3606 Nilum
1144 3561 1222 3623 prae-

152 3655 236 3718 stare
258 3651 459 3736 significetur.
502 3648 681 3712 Nimium
714 3665 812 3730 neque
845 3647 946 3728 ipsum
978 3665 1103 3711 sensum
1127 3646 1224 3712 habet

153 3777 253 3840 neque
275 3757 315 3822 ed
335 3756 367 3820 id
392 3751 619 3820 accommodari
651 3753 714 3817 ullo
750 3753 840 3817 modo
874 3753 976 3836 potest
1012 3771 1121 3824 causa,
1155 3772 1222 3836 quae

154 3863 314 3928 subiicitur
336 3861 549 3944 (debetque
571 3858 637 3923 illi
658 3857 849 3942 AEgyptus
872 3877 946 3922 nou
968 3858 1122 3923 tantum
1144 3858 1222 3922 fer-

153 3969 355 4033 tilitatem
393 3968 607 4042 terrerum..
645 3964 713 4028 sed
740 3963 876 4047 ipsas).
925 3963 1005 4027 Tum
1033 3965 1053 4043 ς
1083 3962 1140 4037 20,
1168 3963 1224 4028 ubi

155 4074 270 4138 Seneca
292 4073 429 4155 exponit,
461 4072 588 4136 flumina
618 4071 729 4152 prester
756 4069 863 4133 Nilum
886 4069 992 4133 aestete
1017 4089 1077 4134 non
1100 4087 1222 4134 servare
