2956 4648
560 254 752 323 Quintilianus.
818 291 822 300 .
978 270 1019 298 ·.
1084 249 1142 312 541

126 461 293 528 transferri.
345 459 392 524 De
414 456 524 522 erroris
546 473 659 539 genere
681 453 743 518 dixi
763 454 832 534 post
854 449 1133 518 Drakenborehium
1156 453 1188 548 et

126 567 342 632 Ruhnkenium
363 549 466 648 opusc.
490 562 573 628 acad.
598 559 655 626 vol.
678 559 731 624 alt.
755 579 785 641 p.
808 556 880 623 361.

224 673 294 737 Lib.
316 671 372 743 XI,
411 669 437 744 1,
472 667 507 731 3:
542 667 573 732 si
595 683 715 750 genus
737 662 901 728 sublime
923 663 1079 729 dicendi
1099 680 1188 745 per·

13 867 14 874 ἵ
128 779 185 844 vis
220 777 369 852 censis,
402 793 560 858 pervum
594 771 849 851 limatumque
881 769 1094 852 grandibus
1303 821 1305 826 .

13 943 16 982 r
127 873 403 950 adhibeamus?
459 881 592 946 Parvum
637 873 758 941 dicendi
798 893 894 958 genus
939 893 992 956 pre
1032 876 1118 940 tenni
1158 877 1190 940 et

13 1051 16 1076 ,
127 990 236 1055 humili
272 991 304 1054 et
334 989 440 1053 eontra
470 1004 561 1050 nsum
583 986 615 1048 et
636 981 764 1046 ridicule
786 981 907 1046 dicitur.
960 981 1004 1044 llo
1026 980 1188 1063 proclivius

126 1097 177 1160 hic
201 1095 403 1172 idomenus,
439 1110 538 1175 quem
558 1089 588 1153 in
611 1087 671 1164 IX,
707 1087 738 1165 4,
773 1087 1079 1168 ddeprehendimns‚
1101 1104 1189 1168 par·

13 1249 20 1293 p
128 1220 212 1267 vum
243 1219 297 1282 pro
320 1199 379 1264 alio
401 1197 552 1264 adiectivo
574 1193 744 1269 substituit,
766 1194 846 1277 quod
869 1193 1015 1275 precedit
1037 1191 1190 1276 pervim

13 1303 20 1389 j
130 1307 338 1386 Quintilianus
357 1325 522 1388 parcum
542 1302 797 1384 limatumque
819 1300 970 1384 posuerat.

291 1429 293 1435 ’
367 1443 381 1480 a

574 1804 659 1909 Cep.
683 1804 742 1869 Vl.

490 1970 606 2026 Tacitus.
678 1969 829 2025 Suetonius.

230 2159 410 2228 cornelium
436 2157 597 2236 Tacitum,
631 2158 787 2242 egregium
810 2156 988 2238 scriptorem
1012 2158 1192 2220 nontamen

21 2269 27 2349 ζ
130 2267 236 2332 autin
258 2264 412 2332 scribendi
445 2283 556 2348 genere
589 2263 737 2328 affectatos
770 2260 928 2328 cuiusdam
961 2260 1081 2327 duritiae
1103 2261 1191 2344 eulpa

14 2353 28 2392 '
129 2371 322 2438 liberandum
359 2371 413 2436 ant
450 2371 488 2434 iov
514 2385 584 2434 uero
623 2368 742 2432 minute
775 2366 956 2451 exquirendo
989 2367 1191 2432 severissimae

23 2474 30 2492 '
130 2497 252 2561 semper
284 2473 451 2558 diligentiae
483 2475 516 2537 et
543 2474 575 2537 in
605 2473 696 2538 rebus
718 2472 877 2538 narrandis
900 2471 1055 2538 interdum
1077 2470 1192 2555 aliquid

21 2555 30 2622 i
131 2583 352 2648 sententiarum
392 2578 524 2644 acumini
560 2579 591 2642 et
622 2578 766 2662 gravitati
799 2580 830 2642 et
862 2576 986 2642 omnino
1014 2577 1192 2658 scriptionis

14 2673 22 2716 l·
131 2689 225 2755 colori
248 2687 389 2762 dantem,
422 2682 486 2767 legi
519 2685 551 2749 et
572 2683 748 2750 adolescens
769 2683 905 2750 studiose
927 2687 958 2749 et
980 2682 1141 2766 diligenter
1162 2686 1194 2748 et

19 2773 29 2818 ὅ
132 2797 237 2878 postea
258 2784 319 2860 non
341 2809 409 2856 raro
430 2791 570 2867 tractavi,
598 2808 668 2854 oum
692 2791 785 2854 etiam
806 2792 910 2875 partes
932 2789 1048 2873 aliquot
1070 2807 1193 2853 enarre-

25 2881 29 2981 ss
132 2917 198 2963 rem
236 2895 380 2976 studiosis
406 2897 481 2970 ant,
513 2895 676 2979 inquibus
710 2916 743 2961 se
774 2898 958 2972 exercerent,
984 2913 1192 2978 proponerem.

27 3016 30 3026 ¹
132 3003 213 3068 Usus
235 3022 302 3068 sum
326 3019 416 3078 nunc,
438 3021 508 3066 cum
535 3001 609 3066 olim
631 3005 779 3068 annotata
799 3019 1060 3084 recognoscerem,
1082 3003 1193 3083 praeter
1268 3037 1270 3042 ·

15 3089 34 3144 '¹³³'
131 3107 319 3190 superiorum
372 3125 479 3184 cures,
533 3128 599 3190 quae
643 3107 773 3173 Bekkeri
816 3107 947 3172 editione
991 3106 1192 3181 eontinentur,

28 3193 35 3244 ξ’
132 3212 253 3290 Orelli,
286 3211 421 3288 Halmii,
460 3213 572 3294 Ritteri
608 3214 770 3295 exemplis,
812 3212 990 3296 Nipperdeii
1025 3211 1192 3288 annalium,
1276 3269 1279 3276 .

27 3303 35 3374 τ’
131 3318 233 3383 Heraei
263 3317 475 3393 historiarnm3
513 3337 549 3382 er
571 3318 627 3393 iis,
661 3335 728 3401 quae
759 3319 799 3383 ab
830 3318 899 3384 aliis
933 3337 1028 3401 nuper
1060 3317 1192 3402 sparsim

16 3423 37 3474 Γ
131 3423 249 3504 prolate
270 3426 351 3500 sunt,
373 3423 462 3489 facile
484 3441 534 3487 me
556 3422 695 3506 quadem
718 3423 824 3508 fugere
846 3426 1017 3507 potuerunt,
1051 3424 1109 3490 etsi
1131 3442 1192 3490 non

132 3541 253 3608 prorsus
281 3529 430 3594 incuriose
462 3528 768 3611 circumspicientem.
821 3529 889 3594 Etsi
922 3531 1025 3594 antem
1059 3531 1092 3594 et
1124 3549 1192 3596 ora-

132 3631 222 3698 tionis
258 3633 389 3726 artificia
425 3636 457 3701 et
485 3635 705 3698 sententiemm
740 3636 882 3700 acumina
913 3635 1003 3718 paulo
1036 3636 1191 3701 interdum

30 3809 36 3824 1
132 3737 254 3805 duriore
276 3742 364 3806 caute
395 3739 573 3824 attingenda
594 3741 659 3823 ipse
687 3759 806 3824 quoqne
833 3740 933 3807 iudico
956 3759 1011 3806 nec
1035 3741 1191 3816 movenda,

17 3829 35 3936 ³5¹
132 3842 192 3910 nisi
229 3865 295 3929 quae
327 3845 439 3912 iustam
473 3846 697 3912 exeusationem
730 3865 788 3912 non
823 3847 989 3930 recipient,
1024 3849 1127 3913 temen
1161 3848 1192 3912 in

20 3943 36 4042 j„
133 3951 233 4017 Taciti
255 3970 372 4036 quoque
406 3951 530 4035 scriptis
553 3971 612 4017 non
640 3951 686 4018 ita
707 3952 810 4036 paucis
841 3953 918 4018 loeis
949 3952 1066 4018 servari
1088 3952 1193 4027 miror,

19 4071 38 4146 ,e
133 4073 201 4138 qua
222 4056 284 4120 iam
309 4060 428 4124 veteres
450 4057 496 4121 illi
519 4056 663 4136 Pithone,
696 4057 841 4134 Faernus,
870 4058 1038 4136 Aoidelius,
1060 4059 1192 4142 Lipsius,
