2970 4648
524 315 554 370 L.
574 315 674 374 Seneca
691 317 723 372 de
741 319 789 374 ira
1082 317 1144 388 389

222 506 289 576 ibd.
306 508 402 590 11,2:
426 505 573 578 Deinde
594 530 663 578 non
683 513 769 584 ideo
786 515 970 600 quaedam,
993 517 1079 602 quia
1094 523 1186 587 sunt

118 613 377 694 terribiliora,
410 617 562 700 potiora
589 621 691 696 sunt,
727 641 770 688 ne
791 622 860 689 hoe
890 622 1061 707 sapienti
1082 624 1185 692 adiei

118 720 256 800 velim,
288 721 384 804 quod
423 723 513 790 farae
556 725 751 808 sapientis
788 747 937 814 quoque
967 729 1089 796 telum
1122 733 1186 797 est

116 827 260 893 timeri.
300 826 352 892 Sie
379 828 418 908 A,
453 847 554 914 equo
584 831 730 898 efficitur:
753 845 824 897 'nee
858 835 915 913 (sio
940 835 1003 901 iam
1032 836 1097 914 alii)
1118 837 1185 904 hoo

115 932 318 1018 sapientie
340 933 421 998 diei
438 935 543 1013 velit,
569 936 669 1021 quod
690 938 796 1018 ferae,
824 939 1017 1023 sapientis
1041 963 1185 1029 quoque

115 1039 243 1106 talum
273 1059 365 1119 esse,
397 1039 530 1108 timeri
552 1043 646 1119 (idem
670 1044 816 1128 sapientis
838 1063 967 1130 quoque,
989 1047 1068 1130 quud
1089 1049 1184 1133 ferae).

116 1144 151 1230 (ἕ
172 1146 193 1208 4
215 1145 337 1230 egregie
359 1146 535 1213 emendavit
554 1147 710 1232 Hauptius
730 1150 764 1215 11
784 1172 814 1235 p.
836 1151 881 1229 4.)

219 1251 285 1316 Ibd.
323 1251 371 1327 15,
420 1253 453 1317 l:
497 1253 603 1320 sieut
644 1257 780 1324 valida
816 1258 976 1324 arhusin
1014 1262 1052 1326 et
1093 1261 1184 1328 laeta

116 1357 295 1444 quamvis
327 1359 507 1442 neglecta
541 1359 664 1428 tellus
694 1363 803 1430 ereat
838 1365 877 1429 et
908 1365 990 1430 alia
1020 1366 1184 1434 fecundi

115 1465 195 1533 soli
217 1464 322 1530 silva
347 1465 416 1530 est.
473 1464 539 1546 Quo
561 1468 680 1550 speetat
701 1468 803 1533 alia?
855 1469 907 1534 An
928 1469 1031 1536 valida
1052 1471 1183 1557 laetaque

116 1591 181 1638 non
203 1573 271 1638 eet?
293 1570 358 1637 Ser.
381 1569 473 1636 alta.

218 1675 284 1743 Ibd.
301 1675 350 1756 18,
374 1677 390 1742 1
410 1677 570 1746 sententiis
584 1681 666 1745 reete
679 1679 845 1762 separatis,
866 1683 903 1747 ut
923 1681 960 1746 fit
980 1682 1088 1748 iueod.
1106 1683 1181 1762 (iol,

115 1783 217 1852 omnis
226 1781 345 1848 tollitur
355 1781 505 1850 dubitatio
517 1783 554 1849 de
563 1785 876 1869 seripturaeodieum:
887 1786 943 1852 ita
957 1789 1074 1856 aliter
1089 1789 1184 1858 iram

117 1891 305 1957 debemus
326 1889 537 1971 repellere,
559 1891 676 1958 aliter
698 1911 953 1975 compescere.
1004 1894 1054 1961 Ut
1076 1895 1184 1964 vite·

114 2015 208 2074 mus,
225 1993 394 2079 quaedam
409 1994 455 2058 ad
469 1995 690 2063 uniuersam
705 1998 826 2064 vitam
841 2000 1183 2086 pertinentiaprae·

118 2103 326 2187 oipientur.
383 2099 558 2185 Ingreditur
580 2101 697 2168 Seneea
727 2104 760 2169 iu
781 2105 913 2188 priorem
934 2107 1055 2189 partem
1077 2105 1115 2172 de
1137 2107 1183 2172 ira

117 2210 244 2276 vitanda
266 2209 298 2274 et
319 2205 495 2289 repellenda
516 2225 573 2271 nee
595 2207 797 2276 admittenda.

215 2313 283 2381 lbd.
309 2313 358 2386 19,
396 2312 430 2376 l:
473 2313 520 2378 Et
539 2312 718 2382 lotorum
739 2314 870 2400 itaque
893 2319 932 2383 et
953 2319 1182 2384 animalium

116 2423 154 2488 et
175 2438 376 2504 eorporum
409 2419 449 2484 et
479 2437 623 2515 morum
653 2419 875 2487 uarietates
904 2422 1075 2490 mixtura
1103 2426 1182 2492 ele·

114 2527 338 2594 mentorum
361 2524 481 2601 feeit,
518 2525 558 2589 et
588 2524 759 2606 proinde
792 2526 830 2590 iu
864 2526 1024 2611 aliquos
1053 2531 1181 2614 magis

115 2632 352 2704 incumbunt
382 2630 566 2714 ingenia,
607 2633 726 2714 prout
760 2631 938 2716 alicuius
984 2634 1181 2701 elementi
1249 2699 1251 2702 ,

116 2740 242 2806 maior
273 2737 334 2804 vis
370 2735 606 2802 abundavit.
663 2737 803 2819 Apparet
836 2742 1011 2822 corruptum
1041 2759 1109 2806 esse
1141 2740 1181 2805 in

116 2847 295 2930 aliquos;
318 2844 420 2928 agitur
442 2843 526 2908 enim
545 2842 583 2907 de
598 2843 799 2926 propensione
815 2842 847 2910 in
867 2845 967 2910 oertas
981 2863 1046 2922 res,
1069 2845 1181 2924 studia,

115 2952 255 3019 affectus.
311 2949 384 3014 Fuit
434 2949 524 3014 olim:
572 2948 731 3032 proinde
773 2947 907 3035 atiquo
953 2951 1073 3035 magis
1118 2949 1181 3014 iu·

116 3057 302 3126 cumbunt
322 3055 495 3140 ingenia,
516 3055 635 3138 prout
655 3056 715 3121 eet.

217 3162 284 3230 Ibd.
308 3160 359 3235 23,
389 3161 422 3225 1:
466 3159 588 3227 Notus
619 3163 679 3227 est
706 3161 781 3227 ille
806 3159 1080 3245 tyrannicida,
1118 3161 1182 3244 qui

37 3257 39 3261 ’
202 3270 337 3334 tortus
431 3267 580 3332 amieos
603 3267 761 3349 tyranni
782 3255 1002 3334 nominavit
1024 3267 1183 3350 quibus·

119 3393 191 3462 que
226 3373 393 3440 maxime
435 3391 562 3439 earam
599 3374 766 3438 salntem
805 3375 888 3440 eius
925 3373 1089 3447 sciebat,
1129 3373 1183 3446 et,

118 3501 204 3550 eum
236 3481 309 3546 ille
341 3480 539 3563 singulus,
581 3480 622 3544 ut
652 3479 845 3545 nominati
877 3481 1009 3555 erant,
1049 3478 1184 3544 ooeidi

118 3586 328 3660 iussisset,
351 3585 640 3670 interrogavit,
662 3576 800 3669 eequis
822 3587 1066 3670 superesset.
1110 3583 1184 3660 Tu,

117 3691 266 3777 inquit,
300 3692 422 3758 solus.
476 3692 597 3760 Servari
627 3690 711 3758 idem
742 3691 915 3758 subiectum
936 3689 1184 3776 (tyrannioidam)

118 3799 153 3863 et
173 3799 334 3882 perspicua
366 3798 547 3864 narrationis
579 3797 679 3864 forma
709 3799 742 3864 et
773 3797 874 3881 ipsum
906 3796 1124 3881 interpositum
1146 3793 1183 3858 de

117 3905 250 3990 tyranno
280 3921 364 3968 oum
397 3903 469 3970 ille
496 3902 640 3970 ostendit.
699 3903 814 3968 Seneoa
846 3902 984 3987 seripsit:
1013 3902 1185 3965 interro·

117 4011 248 4098 panti,
295 4009 430 4094 eequis
470 4011 719 4094 superesset,
760 4011 831 4084 Tu,
874 4008 1023 4093 inquit,
1067 4008 1185 4075 solus.

121 4116 244 4203 (loquio
271 4133 342 4182 eum
365 4115 467 4182 dativo
494 4117 526 4182 et
557 4113 662 4183 cicero
689 4134 771 4197 saepe
805 4113 916 4198 posuit,
950 4114 1094 4180 velutin
1126 4131 1185 4179 uno
