2978 4644
305 293 363 357 168
662 293 722 350 un.
741 293 789 349 ur.
805 293 872 364 erp.
889 295 939 348 ιιι,

364 493 397 556 ln
432 492 480 556 bis
517 493 633 556 nullam
672 509 739 556 6666
772 491 957 555 seutentiam
987 491 1186 558 Marklaudus
1222 496 1327 575 aperte

262 597 347 672 dixit,
371 599 463 662 ceteri
485 596 614 662 6666666
635 598 780 662 fatentur.
827 595 1186 663 Seribeudnmvideiur:

399 701 523 767 66111666
509 702 594 766 6616
616 702 695 764 neele·
712 702 901 768 meditantur
922 703 1059 786 6666666
1078 720 1191 770 meree.

364 808 467 891 Negat
488 809 596 890 peetu
610 809 653 872 ibi
666 809 838 876 66666666
858 807 977 892 66666
1001 810 1035 873 6
1057 811 1192 892 speeiem
1214 810 1327 894 66661-

261 915 327 978 tarn
350 913 512 997 gravitatis
534 913 683 995 componi.
988 947 1002 963 ··
1359 909 1363 914 ’

363 1017 640 1092 1666646-
748 1052 994 1069 ›⁴1-

462 1125 530 1188 iren
555 1125 653 1189 666616
668 1125 789 1207 Hyas
781 1141 923 1189 6666666
943 1055 1058 1190 nimbis
1113 1158 1115 1167 ν

461 1233 558 1295 taras
580 1231 689 1296 666616
703 1233 756 1294 aut
778 1229 878 1294 661666
898 1230 1004 1306 16666,-

461 1336 545 1418 quuli
566 1355 623 1418 per
642 1353 757 1402 eunees
777 1335 878 1402 Μ
891 1336 1027 1402 hume

461 1442 582 1523 plebem
605 1443 753 1527 grandine
775 1443 910 1508 concutit
930 1459 1081 1508 serenam.

365 1548 519 1612 Describit
552 1548 670 1616 Statius
712 1550 840 1615 benene
873 1549 1047 1632 similiaque
1075 1547 1262 1614 munuscula
1295 1549 1327 1612 in

149 1685 153 1693 ·
261 1655 383 1718 theatra
419 1655 642 1752 6666666666
666 1655 807 1739 'lumper
833 1671 954 1737 sparum
990 1655 1068 1722 666]
1096 1655 1207 1720 reeens
1237 1673 1327 1738 gran-

265 1759 366 1824 dinem
403 1760 559 1842 nppellet,
602 1777 662 1826 nen
687 1763 800 1826 minue
835 1761 1000 1844 copiosam
1037 1779 1130 1845 quam
1154 1761 1205 1826 616
1238 1779 1327 1826 verus

260 1865 381 1938 imber,
419 1866 473 1932 sed
504 1885 620 1931 sereuae
653 1865 781 1942 hiemis,
815 1885 881 1950 qua
916 1867 1069 1934 6666666
1101 1867 1149 1932 est
1179 1867 1327 1932 inserenae

262 1972 373 2056 Hyedi.
434 1972 636 2038 scribendum
665 1977 712 2038 est
733 1973 842 2058 igitur:

736 2080 885 2164 grandine
905 2079 1041 2144 66666616
1060 2099 1174 2141 serena.

265 2183 367 2249 Plebis
391 2183 476 2248 nulle
500 2186 647 2251 serenitas
671 2187 744 2251 eret.

362 2290 628 2368 1616161666

414 2396 490 2476 Quis
510 2399 565 2462 666
586 2397 743 2481 uellequiis
765 2399 872 2464 hilaris
889 2337 1051 2462 mneebu
1059 2396 1176 2462 6666616

416 2502 571 2568 meteres
684 2534 687 2542 ι
1065 2545 1077 2563 ..

365 2608 461 2673 Serib.
492 2620 631 2685 amntem
668 2610 843 2693 enlluquie
857 2610 943 2674 enim
980 2607 1078 2673 611616
1112 2610 1213 2674 6666
1229 2608 1326 2672 emat

264 2713 360 2794 puen‘
383 2732 445 2779 nun
468 2718 581 2781 aurate
665 2752 668 2761 ·

364 2820 430 2886 lbd.
455 2821 483 2894 2,
508 2821 585 2885 137:

696 2927 870 3009 pariterque
890 2925 939 2991 616
961 2925 1065 3009 largus
1086 2924 1203 2990 stillis

415 3049 452 3096 66
472 3032 605 3096 iuvenile
628 3033 730 3096 661666
752 3031 919 3114 pleetrique
932 3049 1042 3098 errore
1064 3030 1222 3114 serpenbus.

365 3136 472 3219 Neque
489 3136 603 3220 plectro
625 3155 723 3220 neque
744 3137 853 3220 pleetri
876 3135 970 3204 enneli
983 3137 1049 3220 (qni
1062 3133 1140 3220 enin
1157 3133 1211 3210 616,
1234 3135 1327 3200 intel-

264 3242 320 3324 ligi
342 3243 463 3306 omnine
494 3241 683 3326 nequitlbie
705 3242 786 3307 ullus
811 3243 893 3322 leque
918 3246 980 3320 666,
1019 3239 1072 3305 sed
1103 3239 1328 3308 restituendum

266 3347 432 3412 manifesta
454 3349 686 3414 emendatione:

786 3454 962 3538 66666666
974 3468 1080 3516 emere
1097 3450 1261 3532 superbum,

267 3557 394 3622 6666
345 3562 402 3632 est,
424 3509 505 3641 qued
527 3561 701 3635 6166616666,
739 3563 839 3624 ulnam
866 3574 909 3624 ex
936 3557 1052 3622 666666
1074 3557 1178 3638 petius
1196 3555 1329 3638 patriam

265 3666 353 3728 tuem
375 3667 430 3747 pul
431 3681 507 3730 eree
561 3666 757 3750 Significatnr
777 3664 861 3730 enlm
883 3664 984 3745 ipsam
1007 3662 1047 3738 16,
1072 3661 1150 3744 qaeu
1172 3664 1245 3726 ente
1212 3660 1328 3726 6616-

266 3771 333 3832 tum
357 3771 418 3833 est:

368 3877 501 3960 Tempus
524 3881 598 3953 erat,
622 3897 692 3942 eum
713 3877 745 3941 te
767 3873 899 3958 gemina
922 3873 1069 3958 suffragia
1089 3875 1179 3938 terrae

368 3983 543 4064 Diriperent
564 3981 721 4064 celsusque
741 3981 817 4046 duas
840 3979 981 4045 veherere
1003 3998 1056 4062 per
1077 3978 1176 4044 urbes.
