2918 4652
470 337 471 344 ,
537 284 633 354 Script.
650 284 724 340 ‘Hinc
744 286 811 356 lug.
1104 283 1166 347 649

143 487 328 552 condalium
358 484 455 549 notui.
503 483 643 560 (Casus
675 484 713 548 ad
746 483 950 551 defendendas
984 485 1076 550 urbes
1108 483 1212 566 posita

143 592 227 657 nullo
249 592 341 658 modo
363 593 469 656 contra
491 589 583 656 urbes
605 591 706 674 posita
731 588 791 654 dici
812 589 963 670 possunt.)

243 697 309 762 llud.
322 697 379 761 21:
401 697 602 780 ingentem
618 715 755 780 parans
777 695 929 771 fossam
951 714 1021 777 qua
1042 695 1209 760 deiectis

141 805 181 869 iu
204 803 346 868 solium
373 803 536 868 naribus
563 803 648 867 loca
674 800 970 866 Sirmiensibus
996 799 1210 882 profutura

143 909 330 974 siccaret.
386 909 473 988 Quod
495 911 566 973 anie
589 908 692 973 omnia
713 906 884 971 faciendum
910 910 986 979 erat,
1020 911 1056 972 ul
1075 907 1118 971 in'
1139 906 1212 971 Sa·

143 1034 230 1079 vum
253 1015 447 1093 scriberetur,
469 1032 551 1079 ¹oum
572 1014 639 1097 ipse
660 1015 865 1088 annotassem,
903 1014 1082 1094 occupatum
1105 1012 1168 1076 vidi
1190 1031 1209 1078 a

143 1120 267 1187 Clossio.
311 1119 374 1186 Sed
394 1121 514 1186 restani
535 1137 652 1185 nares
674 1119 745 1194 illae,
769 1137 845 1201 quas
866 1120 893 1184 si
916 1119 984 1202 quis
1005 1118 1156 1183 foramina
1178 1120 1209 1182 cd
1330 1149 1342 1169 ι

142 1226 329 1308 spiramenta
349 1226 512 1310 intelliget,
535 1226 668 1309 primum
699 1225 814 1290 eluvies
837 1228 870 1290 el
891 1225 1034 1290 humores
1058 1223 1209 1290 eiusmodi
1309 1305 1314 1316 .

143 1348 201 1395 nou
244 1351 299 1414 por
340 1333 494 1398 foramina
535 1333 657 1408 lenuis,
701 1331 756 1397 sed
789 1331 889 1415 plenis
925 1332 1077 1397 fossorum
1113 1330 1212 1394 alveis

141 1438 323 1519 egemnlur‚
356 1438 465 1503 deinde
487 1453 577 1502 nares
600 1437 633 1502 ei
659 1436 812 1502 foramina
832 1456 891 1502 uon
914 1439 945 1502 in
968 1437 1081 1502 flumen
1105 1435 1211 1501 deiici-

141 1544 242 1606 uninr.
286 1542 487 1610 Scribonium
504 1543 567 1608 siue
582 1541 674 1607 dubio
690 1544 738 1608 esi
754 1543 920 1627 geminatis
941 1543 1058 1608 duabus
1078 1540 1209 1606 litierisz

142 1646 310 1713 deicolis
332 1649 369 1713 in
392 1647 533 1714 Serum
555 1647 762 1713 umoribus.

241 1754 335 1820 firm.
357 1753 392 1818 3:
424 1754 497 1820 Sed
525 1753 682 1818 eosdem
715 1753 850 1820 dentes
882 1756 1014 1838 postea
1047 1754 1210 1821 Corinna

141 1861 299 1925 mulieri
331 1861 479 1926 cuidam
510 1860 608 1924 dono
639 1859 763 1932 dedii,
795 1879 873 1943 quae
910 1860 1055 1941 leolum
1084 1877 1126 1924 er
1159 1859 1210 1923 iis

139 1966 285 2032 fecisse
323 1967 524 2042 narratur,
568 1967 658 2048 qula
691 1967 727 2030 oi
759 1986 856 2031 nuuc
889 1967 1011 2033 scitur
1043 1969 1081 2030 ed
1113 1965 1209 2029 sciri

140 2072 238 2154 apud
258 2076 438 2155 pontonos
461 2069 563 2136 nihil
584 2072 776 2154 proderit,
798 2075 919 2139 iaceo.
963 2073 1057 2137 Recte
1073 2071 1208 2155 Eyssen-

140 2176 280 2244 hardilus
310 2195 478 2260 pronomen
504 2177 668 2243 relativum
701 2180 739 2243 ad
771 2179 939 2244 orationem
973 2181 1005 2243 ei
1026 2177 1206 2261 explendum

140 2286 173 2349 ed
206 2284 398 2350 vinciendum
431 2282 636 2349 necessarium
671 2288 743 2349 ante
775 2285 862 2368 quia
895 2283 1042 2350 excidisse
1071 2284 1207 2365 pulavii3

140 2390 196 2456 sed
217 2389 330 2454 excidit
352 2407 411 2464 non
433 2389 534 2472 quod
568 2396 654 2465 (nam
677 2410 743 2455 rem
765 2392 896 2473 scriptor
916 2408 975 2455 non
996 2390 1110 2467 laced),
1154 2388 1208 2454 sed

140 2517 242 2581 quoe3
265 2513 337 2560 nam
358 2495 480 2560 feminae
503 2511 614 2560 nomen
635 2496 757 2578 premit.
785 2497 841 2573 (llr
863 2514 941 2579 qua
959 2496 1082 2560 auditur
1105 2501 1208 2572 eam.)

140 2602 237 2667 Paulo
260 2602 332 2666 anie
352 2602 444 2666 miror
466 2619 485 2664 a
507 2601 616 2666 Petere
638 2605 810 2690 receptum,
844 2601 925 2684 quod
952 2599 1207 2684 Eyssenhardiius

141 2709 271 2774 coniecit
293 2706 508 2785 adductus,
542 2708 620 2789 quod
644 2725 679 2772 eo
700 2709 776 2783 loeo,
812 2726 871 2790 quo
891 2708 1023 2789 ponitur,
1047 2707 1085 2770 'ad
1108 2708 1208 2771 Aure-

140 2813 258 2878 lianum
290 2811 396 2878 referri
428 2813 550 2896 nequii,
584 2812 622 2878 de
654 2813 726 2878 Iove
750 2812 915 2878 absurdum
939 2816 1002 2888 esl;
1032 2815 1077 2878 -oi
1105 2813 1228 2895 ipsum

142 2937 321 3005 cognomen,
356 2918 437 3003 quod
467 2917 635 2994 subiicitur,
670 2920 749 2984 lovis
782 2917 978 2986 consulendis
1010 2917 1207 2982 coniunctum
1341 2939 1349 2952 ·

139 3027 299 3110 perspicue
330 3026 379 3090 esi
410 3043 481 3088 cnm
516 3025 649 3090 sordibus
685 3026 724 3089 ad
757 3025 822 3090 eius
855 3025 1007 3108 templum
1040 3024 1072 3088 ei
1101 3021 1207 3087 sedem

139 3131 301 3197 traductis.

240 3234 351 3310 Gari:
374 3237 416 3300 In
440 3235 685 3317 ephemeride
700 3236 858 3319 quadam
873 3235 1020 3320 legisse
1036 3233 1206 3310 memini,

140 3341 276 3407 Carum
292 3339 629 3407 Mediolanensem
651 3341 795 3414 fuisse,
817 3340 887 3406 sed
908 3341 997 3406 lavo
1019 3340 1095 3416 (Bl;
1120 3338 1208 3402 321³

140 3446 225 3529 avo)
249 3439 349 3510 iuria
371 3439 639 3528 Aquileiensis
662 3447 838 3512 civitatis
860 3447 1059 3511 insertum.
1104 3443 1208 3509 lldnui

140 3553 220 3618 fere:
264 3551 333 3617 sed
368 3551 411 3615 ab
447 3569 514 3616 auo
550 3550 704 3627 (Gasaub.)
745 3551 822 3616 iuri
860 3551 986 3634 Aquil.
1023 3551 1207 3615 ciuitatis

139 3659 341 3724 insertum.
384 3656 446 3722 Cur
467 3675 527 3722 non
550 3661 700 3740 epatre?
744 3657 785 3721 lli
804 3657 969 3723 inserimur
989 3655 1117 3732 ciuitati,
1146 3675 1205 3722 non

139 3765 199 3829 imi
220 3762 364 3828 civitatis.
409 3763 433 3826 ll
454 3764 480 3827 B
503 3762 634 3828 efficitur
654 3763 832 3845 perspicue:
875 3763 946 3828 sed
974 3761 1065 3826 albo
1089 3765 1211 3827 eurio

140 3868 410 3952 Aquileiensis
443 3868 622 3934 civitatis
656 3869 845 3935 insertum
881 3869 962 3948 (albo
986 3868 1208 3943 decurionum).

140 3975 197 4054 (liu
219 3975 304 4040 albo
324 3973 440 4038 modum
463 3975 512 4039 esi
534 3974 641 4053 alvo,
662 3977 729 4040 tum
752 3976 863 4051 lavo.)
