2938 4630
314 248 334 309 4
688 241 804 298 Libvl.
825 240 889 310 Cap.
899 240 922 296 1.

272 444 406 528 primum
440 441 638 524 respondebo,
671 459 722 528 me
754 440 918 522 diligenter
951 437 1171 514 attendentem,
1205 440 1339 522 siquid,
1464 381 1465 446 ἕ

273 547 354 631 qnod
376 547 467 630 paulo
502 547 595 612 latins
617 546 745 630 pateret,
781 547 865 610 certa
885 542 1088 627 prudentique
1125 546 1338 611 observatione
1464 559 1465 646 1

272 654 431 735 repertum
454 652 618 731 videretur,
641 650 815 724 adscivisse,
848 668 908 713 non
938 666 1035 730 panca
1060 651 1178 714 minora
1210 668 1338 716 acom-

274 758 361 823 muni
383 759 449 821 arte
471 757 603 822 arcenda
623 757 757 839 putasse,
780 755 928 819 nonnulla
950 771 1072 835 prorsus
1092 756 1127 820 nt
1147 754 1268 852 incerta·
1283 759 1340 821 ant

274 863 353 930 falsa
375 862 537 944 sprevisse,
559 860 669 926 deinde
684 863 788 926 antem
809 878 860 924 me
876 859 913 923 de
934 859 1001 925 toto
1023 860 1243 943 grammatica,
1270 879 1339 943 quae
1464 859 1465 894 r

246 968 447 1034 ¹scholarum
480 967 511 1031 et
541 966 679 1048 ipsorum
711 965 934 1049 philologorum
969 981 1062 1030 causa
1094 961 1338 1045 adscriptorum
1464 1041 1465 1070 ᾖ

275 1072 514 1155 intelligentiam
537 1070 744 1152 componetur,
776 1068 976 1135 iirndamento
1001 1071 1034 1135 in
1056 1069 1205 1135 sermonis
1227 1069 1339 1134 exculti

278 1179 310 1243 et
332 1177 505 1242 confirmati
530 1195 588 1240 nan
609 1174 821 1241 constituendo
836 1175 927 1255 paulo
938 1175 1029 1240 aliter
1039 1174 1161 1247 sentire,
1183 1175 1341 1254 postremo

274 1283 307 1348 id
329 1300 446 1365 qnoque
479 1281 661 1364 intelligere,
694 1279 798 1344 Plauti
830 1279 983 1344 comoediis
1015 1297 1054 1343 ne
1088 1279 1177 1362 plane
1199 1277 1339 1344 nativum

276 1387 400 1470 quidem
435 1403 606 1452 sermonem
644 1385 787 1449 Latinum
820 1386 851 1449 et
882 1385 989 1468 suopte
1017 1384 1140 1467 ingenio
1170 1402 1238 1448 sese
1271 1402 1340 1449 mo-

244 1563 247 1570 ,
275 1492 399 1556 ventem
422 1489 581 1566 contineri,
614 1487 749 1554 sednon
776 1509 843 1554 raro
871 1489 979 1556 Graeca
999 1489 1157 1561 vertendo,
1178 1487 1340 1564 imitando,

276 1614 388 1662 novam
421 1613 526 1660 versus
560 1594 692 1659 formam
714 1595 867 1676 sequendo
889 1596 921 1659 et
942 1595 972 1658 ei
993 1593 1161 1660 obediendo
1182 1594 1337 1661 inflexum.

278 1701 321 1766 Ut
342 1702 446 1766 tamen
470 1700 630 1764 certiorem
652 1700 745 1764 totius
778 1701 868 1764 huius
900 1699 995 1764 studii
1014 1699 1150 1764 Plautini
1172 1699 1339 1783 imaginem

223 1805 229 1815 “
276 1806 380 1872 animo
416 1804 622 1878 informarem,
667 1809 738 1870 ante
780 1824 892 1887 paucos
934 1822 1032 1870 annos
1067 1803 1198 1885 quinque
1235 1803 1339 1868 Plauti

276 1912 397 1976 tabulas
440 1910 563 1992 sumpsi·
600 1910 690 1991 paulo
733 1911 846 1976 leutius
888 1907 1098 1991 perlegendas,
1141 1909 1284 1990 quattuor
1322 1927 1340 1973 a

277 2014 446 2082 Ritscbelio
490 2015 604 2090 editas,
647 2014 864 2090 Menaechmos,
908 2013 1061 2089 Militem,
1104 2013 1340 2091 Mostellariam,

277 2109 502 2196 Trinummum
535 2138 630 2184 unam
662 2118 799 2183 nondum
820 2118 859 2182 ab
881 2137 917 2182 eo
940 2119 1064 2192 editam,
1098 2118 1252 2200 Captivos,
1284 2118 1340 2182 ad-

276 2225 384 2290 hibitis
419 2223 516 2290 Brixii
561 2225 592 2288 ot
625 2222 764 2288 Lorenzii
800 2223 947 2304 exemplis
991 2223 1034 2300 tin
1075 2222 1211 2306 Captivis
1244 2223 1340 2288 etiam
1464 2239 1465 2248 ¹

277 2330 436 2414 Ussiugiit.
475 2328 661 2393 Admirabar
681 2326 906 2409 laudabamque
927 2327 1125 2393 instrumenti
1146 2328 1243 2392 critici
1267 2346 1340 2392 oon-

277 2435 474 2518 quieitiouem
504 2433 856 2517 pervestigationemque
878 2433 1143 2498 accuratissimam
1165 2433 1249 2497 etin
1271 2451 1339 2498 om-

276 2541 367 2605 nibns
400 2539 548 2604 rimandis
583 2538 786 2621 diligentiam,
820 2538 919 2604 multa
953 2539 1066 2622 partim
1106 2537 1138 2600 in
1177 2537 1340 2601 verborum

277 2645 413 2727 antiquis
434 2643 541 2708 formis
557 2642 768 2726 protrahendis
788 2643 1056 2726 restituendisque,
1077 2641 1243 2726 partimin
1264 2641 1340 2724 ipsis

276 2749 389 2825 verbis,
418 2747 527 2830 quibus
549 2765 669 2829 quoque
690 2747 758 2812 loeo
780 2747 909 2812 Plautus
943 2767 1016 2813 naus
1039 2747 1131 2820 esset,
1152 2746 1339 2828 reperiendis

276 2854 421 2938 perdocte
444 2854 477 2917 et
498 2852 575 2918 scite
597 2851 812 2916 administrata
832 2851 984 2926 videbam,
1008 2848 1063 2914 sed
1083 2849 1169 2914 idem
1189 2851 1234 2916 ita
1257 2850 1339 2916 iudi-
1463 2925 1464 2928 Ἴ

276 2977 345 3024 carc
359 2959 495 3042 cogebar,
513 2956 587 3021 dnm
598 2955 788 3022 Ritscbelius
811 2956 1022 3039 praecriptam
1042 2973 1187 3020 versuum
1208 2955 1338 3020 iormam

275 3066 436 3148 legemque
471 3061 591 3142 explere
625 3061 763 3125 studeret
786 3060 948 3142 omniaque
969 3060 1009 3125 ad
1030 3079 1086 3126 sua
1106 3062 1259 3142 praecepte
1279 3079 1338 3126 non

275 3169 388 3251 ubique
422 3168 508 3232 certa
541 3166 594 3228 aut
614 3184 687 3230 vera
709 3165 851 3249 exigeret,
874 3165 978 3230 omnia
1000 3165 1140 3246 denique,
1173 3163 1337 3247 inquibus

276 3272 463 3345 adhaesisset,
511 3270 675 3353 corrigeret
714 3289 770 3334 nec
813 3272 944 3354 ἐπέχειν
974 3268 1069 3334 sciret
1103 3269 1270 3344 velletve,'
1294 3270 1337 3334 sic

275 3393 355 3458 saepe
378 3393 396 3438 a
419 3373 557 3456 vestigiis
580 3373 716 3438 codicum
740 3373 979 3458 certissimisque
1011 3373 1134 3438 indiciis
1166 3374 1336 3439 discessum

276 3497 353 3556 esse,
388 3477 432 3543 sic
467 3478 570 3544 omnia
603 3497 702 3558 versa,
736 3479 780 3544 sio
815 3480 955 3563 quaedam
980 3480 1062 3553 ficta,
1085 3498 1146 3544 non
1168 3479 1235 3545 sine
1258 3480 1335 3544 falso

274 3584 436 3650 verborum
470 3601 528 3648 usu
561 3583 779 3666 sententiaeque
813 3584 1023 3658 incommodis,
1059 3585 1094 3648 ut
1129 3583 1336 3648 temeritatem

273 3689 403 3752 mirarer
438 3688 588 3770 simulque
633 3687 708 3753 artis
745 3688 857 3754 criticae
894 3688 1153 3772 perturbationem
1189 3687 1334 3752 dolerem.

273 3791 360 3856 Nihil
383 3795 432 3856 est
458 3792 540 3858 enim
574 3792 605 3856 in
638 3811 675 3858 ea
696 3792 871 3858 damnosius
899 3792 1197 3859 hacconsuetudine
1219 3810 1278 3857 non
1300 3811 1336 3856 ex

273 3897 363 3992 certia
395 3896 515 3962 indiciis
537 3897 634 3962 firma
665 3899 704 3972 et,
728 3898 777 3962 eui
808 3899 874 3980 ipse
897 3916 968 3963 vere
998 3897 1112 3972 credas,
1143 3897 1334 3963 correctionis

271 4002 422 4083 petendae,
456 4002 521 4078 sed,
558 4003 632 4068 dum
653 4003 756 4067 omnia
779 4002 919 4084 expedire
940 4003 1026 4081 velis,
1056 4001 1195 4068 instabili
1217 4001 1335 4066 coniec-
1461 4087 1462 4092 ἵ
