3000 4638
295 245 356 310 m
621 245 918 317 mmmm

254 447 455 530 copulatas
489 445 614 528 recepit,
645 444 727 528 quod
747 444 869 529 Lipsius
906 444 957 520 „in
986 463 1038 510 ora
1067 443 1157 512 libri‘
1189 446 1318 513 alicuius

253 560 440 637 reppererat,
472 552 635 634 capulus
667 553 700 616 et
720 551 813 616 simul
833 550 1076 630 interscidit;
1107 551 1242 619 Haasius
1263 571 1319 618 au-

255 660 320 725 tem
347 657 554 740 copulatas
586 658 693 736 tenuit,
729 675 783 740 pro
814 657 967 724 iunctas
995 659 1118 742 scripsit
1148 659 1318 738 iunctis,

254 764 333 830 mire
366 764 515 847 copulatis
543 764 685 828 manibus
717 765 836 830 iunctos
867 764 930 829 iam
958 765 1099 832 homiues
1129 783 1319 849 praeponcns.

256 873 302 938 lix
323 872 372 936 his
393 870 533 936 omnibus
556 887 652 936 unum
681 869 759 936 illud
791 871 925 954 aliquam
957 871 1051 937 habet
1076 889 1137 938 nun
1159 871 1321 955 adipsum

256 996 362 1043 reram
384 975 577 1059 scripturam,
606 976 662 1042 sed
683 976 724 1042 ad
751 979 868 1042 rectam
892 977 1036 1044 orationis
1056 978 1188 1042 formam
1210 995 1320 1060 appru-

257 1082 496 1168 pinquationem,
519 1082 599 1166 quod
619 1082 742 1166 ignotus
762 1083 865 1159 homo,
887 1083 940 1166 qui
961 1084 1121 1168 capulus
1149 1083 1318 1162 cuneavit,

255 1187 410 1256 intellexit
441 1187 524 1254 nocti
555 1188 693 1255 homiues
719 1188 871 1254 auferenti
899 1189 1076 1255 adiunctam
1102 1188 1197 1255 fuisse
1221 1207 1240 1254 a
1261 1186 1319 1254 Se·

112 1380 118 1392 ¹
256 1315 334 1362 neca
362 1293 456 1359 aliam
485 1293 652 1378 imaginem
683 1313 820 1378 persona
847 1295 930 1361 reive
951 1313 1060 1361 manus
1083 1295 1202 1362 iunctas
1223 1295 1322 1360 inter·

258 1399 426 1468 scindentis
465 1398 591 1482 eiusque
621 1419 733 1467 nomen
767 1403 864 1468 intere
895 1402 953 1467 sub
986 1399 1203 1484 copulatas,
1239 1399 1320 1483 quod

256 1507 365 1575 vinoso
387 1504 572 1588 praecedenti
593 1506 748 1573 iunctas
770 1505 992 1590 superadditur.
1043 1506 1082 1570 Id
1102 1507 1206 1572 autem
1226 1506 1260 1572 in
1280 1509 1321 1581 Α,

256 1616 292 1679 nt
317 1613 395 1690 diri,
427 1612 476 1677 est
505 1615 702 1692 copuatas.
763 1611 844 1692 Quid
874 1612 969 1698 igitur
995 1612 1042 1678 hae
1072 1613 1184 1679 littera
1203 1611 1322 1697 signifi-

257 1722 352 1786 cant?
399 1717 554 1786 Nimirum
578 1718 746 1804 copiates
770 1711 803 1796 (ὁ
825 1713 1004 1803 cortedune)
1026 1721 1084 1797 est,
1106 1717 1158 1804 qui
1180 1719 1322 1784 scrobem

259 1827 352 1894 cineri
375 1823 555 1889 cadaverive
576 1823 653 1888 fodit
673 1824 937 1908 (Todtengrtbar),
970 1819 1076 1891 notum
1098 1824 1185 1890 nubis
1211 1825 1323 1890 nornen

258 1952 276 1998 e
299 1931 402 1997 codice
424 1929 635 1994 Theodosiana
658 1931 690 1994 et
717 1931 915 2013 scriptoribus
936 1931 1051 1999 Graecis
1072 1929 1222 1996 inferioris
1244 1935 1324 1996 ata-

258 2039 310 2116 tis,
332 2036 419 2101 cuius
442 2053 522 2100 nunc
543 2035 636 2116 primi
658 2035 755 2101 seculi
776 2040 932 2104 auctorem
944 2036 1092 2104 Senecam
1108 2036 1324 2102 narencimur.

261 2141 460 2224 Quisaptior
482 2138 522 2205 ad
552 2159 661 2206 manua
683 2142 967 2209 interscindendas?
1019 2142 1166 2210 Nondum
1192 2143 1250 2208 hoc
1271 2159 1324 2208 ca·

259 2251 316 2333 put
347 2244 541 2313 absolvimus.
594 2246 674 2314 Nam
709 2251 728 2330 ἓ
761 2250 780 2312 9
810 2250 876 2316 haeo
907 2250 1067 2334 legunturz
1111 2249 1196 2328 Qua
1232 2248 1324 2315 suut

260 2353 425 2431 divitia,
447 2370 540 2436 quas
561 2372 629 2419 non
657 2405 664 2420 .
688 2403 696 2419 .
719 2403 727 2421 .
754 2355 986 2422 mendicitas
1008 2375 1027 2421 a
1048 2357 1159 2440 tergo
1182 2371 1324 2438 sequa-

260 2462 343 2526 tur?
366 2478 444 2543 quae
465 2458 648 2544 dignitas,
671 2460 781 2527 cuius
803 2480 875 2527 nun
896 2463 1120 2546 praetextam
1144 2463 1182 2526 at
1204 2478 1324 2544 augu-

261 2569 343 2633 rale
365 2569 401 2632 et
422 2566 505 2632 lora
525 2565 693 2648 patricia
715 2567 846 2652 sordes
869 2569 1102 2634 comitentur
1132 2570 1169 2634 et
1190 2584 1325 2650 expor-

261 2674 379 2751 tatio,
415 2673 515 2738 notae
553 2673 590 2737 et
624 2671 733 2737 mille
775 2674 932 2744 maculae
963 2676 1000 2740 et
1029 2675 1201 2740 extrema
1236 2689 1326 2738 ccu-

261 2778 444 2863 temptiol
487 2779 548 2845 Sed
569 2777 754 2863 augurale
775 2798 924 2864 nusquam
940 2781 985 2847 de
1007 2782 1093 2848 reste
1108 2779 1326 2846 ornamentum

183 2937 185 2944 ι
263 2904 415 2970 augurum
436 2885 572 2968 positum
593 2883 723 2967 legitur,
746 2903 802 2950 nec
824 2887 907 2950 recte
927 2886 1009 2952 inter
1030 2886 1225 2970 pratariam,
1258 2901 1326 2966 quae

263 2991 455 3058 sacerdotum
488 3007 604 3087 quoque
628 2989 704 3065 fuit,
738 2992 770 3056 et
796 2992 862 3058 lora
892 2992 1020 3076 patricia
1051 2991 1147 3058 unius
1164 2988 1328 3057 sacerdotii

263 3098 422 3181 proprium
444 3095 563 3178 insigne
595 3095 815 3178 interpositum
851 3100 924 3182 apta
953 3100 986 3164 et
1016 3099 1103 3163 recta
1133 3097 1231 3163 oratio
1260 3094 1328 3173 erit,

270 3202 332 3276 ubi,
355 3202 475 3267 sublato
496 3201 597 3286 priore
618 3203 655 3267 et
676 3201 840 3287 additaque
860 3205 983 3283 lineola,
1005 3203 1217 3288 scripserimus
1238 3220 1328 3284 pra·

264 3309 408 3373 textam
432 3309 656 3392 auguraleur
678 3309 716 3374 et
736 3309 819 3375 lora
842 3313 947 3393 patr,
968 3315 1003 3375 nt
1025 3309 1084 3375 duc
1107 3309 1231 3374 numina
1252 3307 1329 3372 duu-

264 3414 322 3479 bus
346 3412 506 3480 adiectiris
528 3415 678 3482 adiunctis
701 3416 841 3498 exempla
862 3416 1021 3502 dignitatis
1042 3417 1204 3501 ponantur.
1248 3415 1330 3480 Turn

268 3520 490 3601 exportatio
526 3539 592 3603 quae
625 3524 721 3597 esset,
755 3522 818 3587 iarn
839 3523 962 3605 Lipsius
990 3526 1022 3590 et
1043 3522 1212 3590 Gronovius
1233 3537 1330 3604 nega·

268 3626 341 3691 runt
363 3645 397 3692 se
419 3627 510 3706 scire,
548 3628 607 3692 etsi
628 3628 680 3694 ille
701 3647 755 3712 pro
787 3629 1060 3712 deportatione
1083 3618 1219 3712 accipere
1241 3644 1329 3692 cona·

267 3733 318 3798 tus
351 3735 409 3809 est,
442 3751 497 3800 nec
528 3734 602 3800 lerri
628 3734 690 3800 ullo
720 3735 809 3802 modo
830 3737 935 3818 puteat
956 3735 1070 3802 omissa
1091 3735 1172 3801 inter
1196 3751 1331 3816 expur-

267 3839 368 3906 tatio
391 3841 423 3906 et
443 3841 539 3908 notae
560 3842 695 3925 copulas
719 3841 888 3925 Scripserat
904 3842 1034 3908 Seneca:
1056 3840 1189 3907 sordes
1212 3837 1331 3904 comi-

267 3948 400 4014 tantur
422 3949 459 4013 et
480 3949 725 4033 ooprotoorio
747 3951 842 4014 notae
864 3950 902 4014 et
922 3947 1028 4015 mille
1048 3947 1205 4015 maculae
1228 3949 1286 4013 cat.
