2970 4648
522 282 544 338 L
571 279 670 338 Seneca
687 282 721 338 de
738 282 825 340 bonel.
1107 283 1169 348 415

151 500 220 547 non
242 481 378 556 habes,
408 498 533 565 quare
555 480 736 546 verearis.
792 463 993 549 scribendum
1024 483 1215 569 iaterccp·
1324 481 1327 485 ’

152 596 226 648 tum
252 585 408 671 ingenti
442 583 603 669 quodam
638 586 695 666 (sic
715 587 779 651 iam
800 589 971 672 superiores
994 591 1065 655 onte
1087 589 1213 655 Ficker-

151 695 230 769 tnm)
253 694 290 758 et
312 690 585 776 inexplicabili
607 709 721 758 muro.
766 690 851 758 Nihil
872 695 921 760 est
941 695 1079 779 carmine,
1101 713 1158 760 nec
1173 695 1214 759 de

150 798 303 880 sepiendo,
325 796 380 878 sod
402 796 441 863 de
461 796 733 879 intersepiondoet
753 798 939 866 excludendo
962 801 1073 886 agitur.
1118 801 1216 866 Prox-

149 903 212 968 ime
239 904 312 970 ante
343 920 414 967 cum
443 902 566 967 Mureto
587 903 782 968 scribendum
805 921 887 969 csse:
918 905 1124 988 proiecisti
1146 927 1216 973 ex·

150 1011 213 1073 tra
249 1007 427 1072 mundum
460 1006 529 1092 (pro
565 1010 718 1087 metum)
756 1013 788 1074 et
828 1011 982 1078 sententia
1020 1012 1146 1095 Epicuri
1182 1006 1218 1077 e't

150 1112 327 1198 proficiendi
355 1115 483 1180 verbum
505 1115 537 1179 et
558 1114 623 1180 haec
644 1116 722 1197 ipsa,
752 1135 818 1199 qnae
840 1116 1042 1183 subiiciuntur
1065 1117 1102 1182 de
1123 1135 1214 1183 muro
1305 1179 1322 1210 .-

150 1219 320 1296 intericcto‚
342 1220 407 1285 tam
429 1219 516 1304 gravi
538 1220 671 1286 convicio
693 1220 839 1310 clamant,
861 1223 905 1300 ut,
928 1222 980 1306 qui
1002 1221 1041 1287 od
1063 1223 1127 1288 haeo
1147 1239 1216 1291 our·

151 1323 206 1389 das
227 1324 343 1391 habent
363 1343 462 1402 aures,
485 1324 558 1408 qnid
579 1324 618 1390 iis
640 1325 762 1404 faciam,
784 1326 931 1395 nesciam.

250 1430 317 1496 lbd.
340 1428 396 1503 20,
432 1428 679 1498 3manilcstnm
710 1433 860 1499 mendum
888 1433 953 1501 hoec
976 1433 1106 1500 habent:
1149 1432 1217 1497 In-

151 1538 291 1621 gratus
321 1537 398 1610 est,
434 1535 498 1619 qni
535 1535 572 1600 in
604 1537 811 1603 referenda
844 1539 973 1624 gratia
1003 1537 1214 1605 secundum

152 1639 282 1707 dutum
317 1639 438 1716 videt,
469 1639 530 1706 nisi
557 1641 626 1724 quis
658 1645 747 1724 putet
773 1643 882 1709 Latine
911 1644 973 1709 diei
1006 1642 1215 1709 seeundum

152 1745 279 1813 datum
311 1745 349 1814 de
370 1763 448 1811 noro
470 1745 549 1811 dono
571 1748 642 1830 post
664 1751 851 1832 exspectato.
889 1749 1059 1832 Scripserat
1082 1748 1216 1814 Seneca:
1335 1746 1338 1751 ’
1399 1717 1402 1724 ¹

152 1851 214 1935 qui
236 1852 442 1917 secundum
464 1860 588 1914 actum
610 1853 668 1932 (rei
689 1855 722 1918 et
745 1856 832 1939 quasi
853 1854 978 1934 iebulae)
999 1853 1117 1921 videt

253 1954 320 2022 lbd.
344 1958 394 2035 21,
416 1957 447 2032 5,
471 1958 524 2023 nbi
546 1960 608 2023 ost:
646 1978 753 2043 quem
787 1959 889 2025 mala
909 1959 1105 2042 interpres
1128 1956 1218 2039 opi·

151 2060 212 2127 nio
228 2061 266 2125 in
288 2063 522 2128 eontrarium
544 2063 718 2142 tradidit,
740 2063 933 2132 scribendum
948 2063 1068 2128 ridetur
1083 2059 1215 2123 trahit.

151 2163 219 2250 (§4
235 2165 269 2229 in
290 2165 355 2232 his:
380 2166 573 2247 Quomodo
596 2172 656 2236 est
677 2170 848 2236 disertus
871 2173 992 2236 etiam
1015 2168 1078 2252 qui
1099 2165 1216 2244 tacet,

151 2269 267 2336 sortis
297 2272 413 2337 otiam
445 2274 509 2357 qui
542 2279 772 2357 compressis
792 2275 977 2354 ,manibus
1006 2275 1217 2341 ueletiam

151 2375 349 2460 alligatis,
372 2379 558 2462 quomodo
580 2381 952 2465 gubernatoretiem
975 2381 1092 2464 quiin
1112 2380 1220 2446 sicco
1248 2458 1252 2463 ι

151 2483 223 2560 est,
246 2481 378 2548 alterum
400 2485 466 2568 qni
487 2484 656 2551 tollendum
678 2487 750 2571 est.)

253 2587 318 2654 lbd.
340 2588 379 2652 31
410 2593 496 2670 extr„
526 2590 567 2654 32
596 2592 685 2659 init:
729 2593 886 2675 Nempe,
920 2590 1004 2654 dum
1038 2591 1216 2654 veterem

151 2691 264 2756 illum
286 2691 467 2762 Scaurum
573 2697 737 2783 cogitas,
757 2697 915 2782 indigno
936 2695 1018 2761 fors
1039 2693 1216 2761 subolem

151 2795 233 2862 eius
261 2797 399 2866 iacere.
436 2803 540 2870 Deos
563 2803 782 2870 verisimile
804 2806 879 2882 est,
899 2803 940 2867 ut
961 2801 1060 2866 alios
1081 2798 1219 2863 indul·

150 2901 308 2987 gentius
334 2908 511 2973 tractent
531 2912 688 2994 propter
709 2910 888 2993 parentes
910 2924 1094 2990 avosque,
1116 2904 1219 2976 alios

150 3011 307 3092 propter
326 3011 495 3079 futuram
517 3019 699 3100 nepotum
804 3011 985 3079 indolem.
1036 3010 1213 3078 Ciceronem

151 3115 260 3178 notum
284 3118 332 3181 est
353 3116 516 3202 aliquoties
539 3119 660 3200 dixisse,
688 3142 749 3185 noa
771 3139 831 3184 esec
851 3116 1021 3193 vadimilc,
1042 3125 1076 3179 at
1097 3113 1220 3200 aliquid

141 3217 214 3304 flet,
240 3239 294 3303 pro
318 3241 367 3298 eo,
398 3225 479 3307 quod
507 3228 555 3292 eat
583 3225 704 3312 aliquid
727 3225 804 3312 fieri
825 3226 868 3306 lin
900 3223 1052 3290 sententia
1087 3218 1215 3304 neganti

151 3327 207 3392 ant
227 3327 463 3416 interrogatione
484 3333 678 3417 negationem
700 3330 920 3417 significanti);
942 3330 1000 3394 hoc
1023 3327 1219 3392 aetatenemo

150 3430 196 3496 ita
217 3433 338 3500 locutus
363 3437 522 3521 reperitur,
550 3438 663 3504 nedum
685 3439 720 3503 ut
740 3436 773 3502 in
794 3435 977 3503 affirmando
998 3434 1115 3500 diceret
1134 3431 1216 3494 oeri-

150 3537 251 3601 eimite
273 3559 347 3616 eece,
382 3551 424 3608 at.
479 3543 547 3609 Hac
568 3562 657 3623 vero,
687 3561 779 3627 quam
801 3541 995 3609 attractionis
1010 3539 1142 3610 ,nomine
1163 3537 1219 3602 ob·

150 3644 257 3727 tegere
287 3649 444 3723 conantur,
478 3647 622 3715 orationis
654 3648 857 3732 apertissimo
889 3645 1086 3712 confusione:
1129 3641 1219 3705 Dece

150 3748 314 3814 omisimilc
340 3762 381 3816 cet
402 3762 435 3816 ot
459 3753 586 3839 faciant
613 3772 702 3818 nomo
730 3772 865 3838 unquam
893 3771 967 3818 usus
999 3752 1062 3826 est3
1091 3766 1164 3814 nam
1185 3746 1218 3811 in

152 3852 263 3937 quibus
298 3858 374 3926 loeis
407 3860 447 3926 ab
474 3859 617 3926 instituta
651 3860 787 3925 oratione
814 3858 935 3924 infinita
969 3847 1219 3926 α’νακολούθως

151 3960 302 4026 tmnsitur
322 3962 362 4028 ed
384 3965 516 4032 alteram
542 3965 689 4030 formame
705 3966 780 4043 (ut),
811 3965 835 4028 ii
867 3966 960 4048 longe
981 3961 1079 4027 elium
1100 3960 1217 4025 habent

151 4063 314 4132 verborum
346 4069 379 4133 et
407 4071 567 4137 sententia
588 4069 725 4136 ordinem
752 4067 1063 4151 implicationemqne.
1107 4065 1219 4148 ltaque
