3000 4638
215 351 219 360 ,
268 285 329 349 316
624 285 772 344 nisam.
787 285 851 356 cap.
868 247 895 344 Ι.

227 484 290 550 Otr.
310 485 368 550 hoc
391 503 456 567 cap.
485 484 520 548 Ε.
546 485 562 546 l
591 483 781 562 (deflexis)
815 485 847 550 ct
868 503 933 567 cap.
957 485 976 548 8
1005 485 1041 551 Ε.
1070 487 1089 549 5
1113 488 1295 569 (adminu-

226 590 316 656 bilis
338 590 426 670 fuit)
449 588 488 654 al.

327 693 394 759 Ibd.
409 695 447 774 (Ι,
470 694 502 772 7)
518 695 551 758 8:
586 693 831 777 Propioribus
853 698 994 774 tamen,
1014 695 1128 762 atita
1153 697 1291 773 dicam,

227 799 347 864 lineis
379 799 531 864 Haterii
563 798 668 876 Rufi,
702 801 846 884 equitis
883 801 1057 877 Romani,
1098 803 1294 868 somnium

226 907 332 970 certo
366 907 505 970 eventu
538 905 774 970 admonitum
807 907 875 971 est.
930 905 1012 985 Quid
1036 909 1077 972 sit
1104 909 1295 974 somnium

227 1011 335 1074 certo
358 1014 496 1076 eventu
518 1010 755 1077 admonitum
777 1013 809 1076 et
827 1011 1070 1095 propioribus
1092 1013 1215 1079 lineis
1238 1013 1294 1080 ad·

231 1116 393 1194 monitum,
415 1133 538 1200 prorsus
555 1135 616 1182 non
627 1117 768 1201 intelligo
779 1115 1035 1200 scribendumque
1056 1117 1123 1183 dico
1146 1119 1297 1182 eventui

227 1222 418 1284 admotam
439 1223 511 1301 est,
532 1221 591 1288 hcc
623 1224 680 1297 est,
704 1223 843 1287 celeriter
865 1225 1008 1289 eventum
1030 1223 1146 1290 habuit.
1190 1223 1296 1290 littam

232 1326 286 1405 IV,
310 1329 384 1393 1Ε.
408 1327 427 1390 8
449 1329 481 1392 in
504 1330 531 1393 B
553 1329 654 1410 prima
675 1345 769 1392 mann
801 1327 1007 1392 admonuit
1036 1348 1092 1412 pro
1125 1328 1295 1397 admonit

232 1433 382 1516 scriptum
405 1441 462 1500 est.
499 1431 564 1517 [Sic
586 1434 649 1499 iam
671 1433 819 1518 Lipsius]

328 1537 394 1606 Ibd.
422 1539 457 1604 Ε.
491 1540 525 1603 2:
562 1539 755 1606 veneficii
876 1539 1132 1622 suspicionem
1168 1543 1295 1608 animo

229 1645 382 1710 retulit.
424 1646 477 1711 Sic
498 1645 543 1723 B;
579 1647 671 1728 pauci
693 1645 859 1710 deteriores
889 1645 1046 1728 repulit.
1095 1635 1296 1713 Scribendum

224 1750 356 1816 ‘animo
386 1751 548 1835 pepulit.
591 1751 718 1829 (Animo
752 1750 952 1833 suspicionem
985 1753 1141 1816 recondere
1176 1753 1214 1819 de
1234 1772 1296 1835 cc,

232 1857 284 1938 qui
306 1857 430 1938 deponit
452 1857 483 1920 et
501 1857 635 1939 expellit,
659 1855 738 1920 nihil
760 1859 829 1933 est.)
1250 1873 1253 1878 ·

331 1961 390 2039 (De
412 1962 447 2025 Ε.
470 1961 491 2022 4
514 1960 575 2026 dixi
597 1961 657 2028 vol.
680 1962 695 2025 I
717 1983 746 2046 p.
770 1961 820 2041 58,
842 1963 896 2028 nbi
917 1981 987 2027 cum
1011 1965 1202 2046 pertinaci
1235 1984 1297 2030 ca·

232 2085 294 2131 sus
317 2065 508 2133 violentia
529 2071 667 2150 poteram
689 2085 866 2150 comparare
885 2049 1139 2151 'pertinacem
1161 2089 1296 2138 neces·

225 2172 386 2236 sitatem
407 2173 439 2237 in
463 2193 489 2238 c.
511 2174 531 2236 8
552 2173 588 2237 Ε.
612 2174 675 2252 10.)

330 2279 395 2344 lbd.
418 2279 454 2344 Ε.
476 2279 511 2344 8:
545 2279 806 2359 (Hamilcar)
834 2280 996 2361 perinde
1025 2299 1070 2346 ac
1103 2282 1295 2348 divinitus

232 2384 426 2466 promissa
446 2385 612 2452 victoria
634 2385 842 2450 exercitum
875 2402 1007 2469 pugnse
1030 2389 1295 2470 comparabat:

229 2490 269 2553 in
291 2508 361 2572 quo
382 2491 488 2557 inter
509 2491 664 2557 Siculos
697 2495 734 2555 et
762 2492 894 2556 Poenos
926 2493 1013 2556 orta
1035 2490 1296 2570 dissensione,

230 2597 372 2662 castris
411 2601 493 2662 eins
537 2595 772 2682 Syracusani
811 2595 941 2662 subita
976 2598 1191 2681 irruptione
1231 2618 1298 2682 op·

229 2703 379 2784 pressis
403 2704 531 2788 ipsum
553 2705 659 2769 intra
690 2703 829 2768 moenia
862 2721 929 2767 sua
950 2703 1121 2769 vinctum
1143 2705 1298 2787 pertra-

230 2809 376 2874 xerunt.
433 2809 645 2888 scribendum,
680 2809 716 2872 ut
751 2807 872 2891 opinor:
1031 2810 1298 2893 comparabat,

233 2937 341 2998 pacm
361 2914 551 2980 interdic.
655 2914 887 2998 Syracusani
992 2918 1278 2996 pertraxerunt.

332 3020 399 3086 lbd.
430 3019 467 3099 8,
498 3019 520 3080 4
548 3019 739 3085 restituenda
768 3019 906 3084 codicum
933 3017 1085 3102 scriptura
1108 3026 1164 3100 est,
1192 3023 1300 3087 notata

181 3149 184 3156 ¹
226 3126 449 3208 antiquissima
478 3125 588 3190 lacuna
603 3131 686 3203 (nam
711 3127 806 3192 etiam
829 3126 861 3190 in
881 3123 952 3189 Iulii
974 3126 1095 3192 Paridis
1117 3131 1148 3194 et
1170 3129 1301 3194 fortasse

234 3231 401 3314 Augustini
425 3230 530 3297 codice
550 3230 636 3305 turin:
669 3231 840 3298 Fortunae
863 3232 979 3297 etiam
1010 3233 1214 3299 Muliebris
1247 3235 1302 3298 si·

230 3336 583 3418 mulacrum...non
605 3337 737 3417 semel,
756 3337 822 3404 sed
844 3337 902 3402 bis
923 3338 1093 3404 locutum
1111 3339 1292 3404 constitit

233 3440 340 3522 prius
362 3441 420 3507 his
442 3445 584 3509 verbis:
606 3443 682 3509 rite
705 3461 776 3522 me,
799 3444 993 3522 matronae,
1016 3443 1182 3510 dedistis
1204 3445 1303 3510 rite·
1329 3501 1333 3506 .

158 3627 159 3631 Ἰ
232 3563 303 3628 qus
330 3532 559 3628 dedicastis,
595 3549 745 3634 [deinde
780 3545 912 3632 ***],
966 3549 1053 3614 Nihil
1076 3553 1124 3616 est
1146 3549 1178 3614 in
1201 3549 1303 3615 serbis

235 3651 343 3734 prisci;
369 3663 455 3729 (nam
478 3655 622 3721 Halmius
645 3655 787 3738 priscis
808 3654 868 3720 his
890 3655 1016 3721 verbis
1038 3657 1185 3740 scripsit).

335 3757 402 3825 Ibd.
419 3763 453 3825 7:
481 3761 666 3827 ...iidem
688 3761 1106 3836 auctoresvindicent3
1128 3759 1305 3825 nostrum

227 3863 290 3928 sit
310 3865 465 3932 inolitis
489 3868 716 3932 litterarum
733 3866 990 3932 monumentis
1012 3865 1299 3932 consecrata...

229 3989 307 4035 xnon
339 3971 545 4057 refugisse.
596 3971 691 4037 Scrib.
723 3971 948 4038 nostrnmst.
1003 3970 1188 4038 Auctoribus
1210 3968 1307 4034 Vale-
