3018 4634
668 221 825 280 Sellustius.
1171 219 1233 284 295

55 515 66 520 ,
203 385 397 501 Romanos
432 421 692 512 oppresseris,
724 419 856 488 lutura
885 421 961 500 est,
994 423 1276 506 nequeuntem

201 529 370 608 audeam
390 527 623 596 societatem
641 530 679 592 et
698 524 845 594 frustra
865 525 966 592 mala
987 545 1068 593 nee
1092 546 1177 592 cum
1198 527 1275 594 tuis

208 635 319 705 honis
341 633 500 705 misceri
530 649 692 720 sperem.
746 629 780 698 Si
799 649 862 698 una
891 631 1031 704 candide
1060 633 1186 710 adesset
1207 634 1276 714 (si),

201 740 279 806 dua
300 741 369 807 eliee
390 759 452 807 nou
474 738 620 807 adessent
641 737 730 820 (uisi
835 735 896 818 ui),
918 755 979 803 uon
1000 739 1133 812 auderet
1152 739 1276 808 Mithri·

208 846 298 915 detes
318 846 502 918 romaum
516 845 648 914 urceus
665 846 785 930 petere;
807 861 888 910 nuuc
908 861 965 910 nec
985 843 1042 912 illa
1062 845 1151 912 adest
1165 848 1208 912 et
1228 846 1276 912 hae

201 951 338 1031 ·edeuut;
371 952 476 1036 itaque
507 952 613 1036 petere
651 949 762 1016 endet:
808 946 890 1022 „Sed
920 968 1018 1034 neque
1050 951 1117 1032 tibi,
1153 951 1277 1020 etiamsi

204 1075 291 1125 nnnc
311 1058 393 1126 bello
413 1056 610 1135 abstinueris,
631 1057 780 1140 perpetum
801 1073 877 1138 pace
898 1055 960 1120 frui
980 1056 1095 1136 licebit,
1117 1059 1150 1122 et
1170 1056 1276 1123 hostes

200 1163 373 1250 eppcrtuni
405 1164 479 1232 sunt
509 1162 542 1228 et
571 1162 696 1248 egregie
715 1163 801 1228 lema
820 1161 889 1240 erit,
920 1162 949 1228 si
970 1163 1127 1228 Romanos
1149 1181 1277 1247 oppres-

208 1270 316 1336 seris“.
372 1270 475 1336 Unam
507 1266 659 1350 syllabam
688 1266 728 1332 ui
756 1266 862 1333 addidi
893 1269 1036 1352 pcstmi
1057 1267 1277 1346 (scelestis-

207 1374 329 1450 sumi).
387 1372 506 1440 Deinde
527 1372 545 1456 ᾗ
567 1372 588 1436 3
609 1372 805 1440 scribendum
826 1374 890 1438 eet:
924 1373 959 1439 si
979 1393 1064 1437 vere
1088 1378 1277 1439 estimare

200 1479 335 1560 ucles,
357 1497 417 1545 non
438 1497 529 1544 vere
550 1477 793 1544 existimare

309 1583 501 1669 Subiuugum
511 1582 772 1668 magmentarium
785 1585 978 1670 quorundam
989 1583 1179 1652 minutorum
1196 1586 1278 1670 apud

208 1691 344 1758 Nonium
364 1691 535 1774 positorum
557 1689 849 1756 emendaliuuenlas.

309 1797 335 1876 I,
357 1795 398 1860 86
420 1796 449 1861 D
471 1795 527 1876 (93
546 1795 616 1892 Kr.)
634 1795 717 1880 apud
737 1795 875 1864 Nonium
896 1816 926 1880 p.
949 1796 1012 1860 310
1033 1797 1143 1863 llere:
1179 1798 1277 1864 Pro·

208 1903 350 1968 lectus
372 1901 455 1982 (edd.
477 1900 551 1969 Sall
572 1901 642 1966 illc
673 1902 778 1986 prol.)
812 1903 920 1970 vices
942 1904 1183 1988 castellaque
1213 1904 1278 1969 in-

209 2008 384 2075 cendere
416 2008 458 2073 et
477 2009 570 2092 fuge
592 2007 786 2080 culturum
813 2007 976 2075 deserta
1006 2009 1089 2095 igni
1122 2009 1278 2075 vastare

208 2132 330 2198 neque
365 2114 473 2180 elate·
504 2115 569 2178 eut
600 2113 892 2181 fetustierimus
928 2113 1036 2180 metu
1060 2101 1201 2201 ¹gentis
1233 2116 1278 2182 ad

207 2220 312 2287 furta
333 2219 433 2287 belli
452 2217 682 2303 peridoueee.
724 2219 776 2286 Sic
797 2219 927 2286 radices.
974 2220 1192 2287 Scribendum:
1214 2242 1277 2288 ne-

207 2344 279 2409 que
304 2326 346 2408 (h.
368 2344 395 2392 e.
419 2342 519 2409 neque
540 2327 656 2400 tamem
677 2326 759 2392 late
781 2329 845 2390 aut
866 2326 992 2412 effuse
1012 2331 1139 2405 nimie,
1173 2331 1277 2394 metu

206 2431 335 2516 gentis
358 2433 416 2498 cet
1012 2456 1016 2462 ·
1108 2439 1111 2442 ’

307 2537 349 2616 II,
389 2536 427 2600 17
466 2537 505 2601 D.
538 2535 592 2614 (23
630 2535 720 2614 Kc),
761 2535 839 2602 Nou.
876 2556 908 2620 p.
948 2537 1026 2602 538:
1070 2557 1276 2605 cccrurrere

206 2642 293 2708 duci
329 2644 366 2707 et
398 2642 578 2726 proelium
611 2641 839 2724 accendere,
883 2643 978 2709 edec
1017 2643 1076 2708 uti
1111 2643 1275 2710 Metelle

199 2748 248 2811 ‘iu
269 2766 419 2832 sagum,
452 2747 652 2814 Hirtuleio
684 2747 724 2816 in
754 2747 956 2813 brachium
983 2748 1065 2814 tela
1085 2749 1274 2815 uenirent.

205 2853 404 2933 Declaratur,
458 2873 552 2939 quam
600 2872 635 2920 se
683 2853 745 2938 ipsi
792 2852 885 2920 duces
932 2873 1044 2939 pugnae
1095 2855 1276 2922 miscuerint

198 2961 239 3024 et
269 2960 404 3044 periculo
438 2959 620 3034 obieceriut;
664 2959 874 3028 scribendum:
918 2979 1125 3027 occurrere
1161 2961 1274 3028 duces
1379 2954 1382 2960 ’

198 3067 246 3129 et
266 3067 326 3132 cet
381 3065 449 3150 [Sic
470 3065 533 3132 iam
555 3065 765 3150 Gerlachiue]

306 3169 360 3245 lv,
392 3170 493 3238 371).
516 3170 569 3252 (52
590 3171 675 3252 Ka),
710 3169 791 3237 Non.
821 3192 853 3255 p,
876 3173 955 3238 318:
998 3173 1126 3257 Atque
1147 3175 1275 3241 hiavit

200 3276 343 3342 'humus
379 3278 502 3344 multa
536 3280 652 3345 vasta
689 3279 726 3342 et
760 3277 957 3360 profunde.
1019 3279 1110 3358 uuir,
1152 3281 1272 3363 opinor:

205 3380 329 3465 Atque
349 3380 477 3448 hiavit
497 3382 633 3448 humus
656 3381 797 3446 lucane
816 3386 931 3451 vesta
951 3387 991 3450 et
1010 3385 1209 3470 profunda.

305 3486 343 3566 V,
369 3484 408 3548 13
430 3487 459 3550 D
480 3487 534 3562 (16
557 3486 639 3568 Idu),
661 3486 742 3556 Neu.
764 3508 795 3573 p.
821 3488 898 3554 236:
942 3489 1089 3570 Quibus
1112 3490 1158 3556 de
1180 3509 1273 3556 cau-

197 3592 261 3658 sis
284 3591 435 3657 Sullam
461 3593 499 3657 in
530 3593 700 3660 victorie
731 3594 964 3662 dictatorern
985 3596 1050 3661 uui
1071 3597 1149 3661 sibi
1174 3615 1271 3680 equo

196 3696 457 3772 descendere,
507 3697 723 3784 adsurgere
777 3700 891 3776 sella,
944 3703 1061 3785 caput
1113 3702 1270 3785 aperire

205 3802 379 3868 solitum.
437 3803 534 3870 Serib.
583 3803 727 3891 Sullam
774 3807 955 3870 victorem
1002 3829 1046 3869 ec
1095 3807 1272 3875 dictato-

199 3910 365 3975 remeet.
