<?xml version="1.0" encoding="UTF-8"?>
<!DOCTYPE html PUBLIC "-//W3C//DTD XHTML 1.0 Transitional//EN"
    "http://www.w3.org/TR/xhtml1/DTD/xhtml1-transitional.dtd">
<html xmlns="http://www.w3.org/1999/xhtml" xml:lang="en" lang="en">
 <head>
  <title>
</title>
<meta http-equiv="Content-Type" content="text/html;charset=utf-8" />
  <meta name='ocr-system' content='tesseract 3.04.00' />
  <meta name='ocr-capabilities' content='ocr_page ocr_carea ocr_par ocr_line ocrx_word'/>
</head>
<body>
  <div class='ocr_page' id='page_1' title='image "./adversariacriti03madvgoog/adversariacriti03madvgoog_0305.png"; bbox 0 0 3018 4634; ppageno 0'>
   <div class='ocr_carea' id='block_1_1' title="bbox 292 300 920 374">
    <p class='ocr_par' dir='ltr' id='par_1_1' title="bbox 292 300 920 374">
     <span class='ocr_line' id='line_1_1' title="bbox 292 300 920 374; baseline -0.005 -9"><span class='ocrx_word' id='word_1_1' title='bbox 292 302 355 366; x_wconf 79' lang='lat'><strong>292</strong></span> <span class='ocrx_word' id='word_1_2' title='bbox 655 300 920 374; x_wconf 64' lang='lat' dir='ltr'><strong>tiemonem</strong></span> 
     </span>
    </p>
   </div>
   <div class='ocr_carea' id='block_1_2' title="bbox 250 496 1319 1538">
    <p class='ocr_par' dir='ltr' id='par_1_2' title="bbox 250 496 1319 1328">
     <span class='ocr_line' id='line_1_2' title="bbox 251 496 1319 586; baseline 0.003 -19"><span class='ocrx_word' id='word_1_3' title='bbox 251 500 393 567; x_wconf 87' lang='lat' dir='ltr'><strong>noxios</strong></span> <span class='ocrx_word' id='word_1_4' title='bbox 427 496 613 580; x_wconf 78' lang='lat' dir='ltr'><strong>fidosque</strong></span> <span class='ocrx_word' id='word_1_5' title='bbox 643 500 721 568; x_wconf 87' lang='lat' dir='ltr'><strong>riti</strong></span> <span class='ocrx_word' id='word_1_6' title='bbox 751 501 919 576; x_wconf 81' lang='lat' dir='ltr'><strong>iaceret,</strong></span> <span class='ocrx_word' id='word_1_7' title='bbox 957 504 1022 576; x_wconf 86' lang='lat' dir='ltr'><strong>tem</strong></span> <span class='ocrx_word' id='word_1_8' title='bbox 1055 503 1216 586; x_wconf 86' lang='lat' dir='ltr'><strong>perepicuo</strong></span> <span class='ocrx_word' id='word_1_9' title='bbox 1244 500 1319 572; x_wconf 67' lang='lat' dir='ltr'><strong>scriss</strong></span> 
     </span>
     <span class='ocr_line' id='line_1_3' title="bbox 251 605 1319 692; baseline 0 -18"><span class='ocrx_word' id='word_1_10' title='bbox 251 605 384 674; x_wconf 60' lang='lat' dir='ltr'><strong>mudum</strong></span> <span class='ocrx_word' id='word_1_11' title='bbox 420 621 488 670; x_wconf 89' lang='lat' dir='ltr'><strong>esse</strong></span> <span class='ocrx_word' id='word_1_12' title='bbox 512 622 634 689; x_wconf 92' lang='lat' dir='ltr'><strong>neque</strong></span> <span class='ocrx_word' id='word_1_13' title='bbox 663 608 844 690; x_wconf 89' lang='lat' dir='ltr'><strong>sumptui</strong></span> <span class='ocrx_word' id='word_1_14' title='bbox 861 619 993 692; x_wconf 75' lang='lat' dir='ltr'><strong>‘neque</strong></span> <span class='ocrx_word' id='word_1_15' title='bbox 1014 607 1200 674; x_wconf 76' lang='lat' dir='ltr'><strong>molestior</strong></span> <span class='ocrx_word' id='word_1_16' title='bbox 1220 627 1319 684; x_wconf 77' lang='lat' dir='ltr'><strong>sun,</strong></span> 
     </span>
     <span class='ocr_line' id='line_1_4' title="bbox 251 710 1319 790; baseline 0.002 -12"><span class='ocrx_word' id='word_1_17' title='bbox 251 713 288 778; x_wconf 90' lang='lat' dir='ltr'><strong>ut</strong></span> <span class='ocrx_word' id='word_1_18' title='bbox 307 713 358 778; x_wconf 82' lang='lat' dir='ltr'><strong>vir</strong></span> <span class='ocrx_word' id='word_1_19' title='bbox 380 711 521 790; x_wconf 89' lang='lat' dir='ltr'><strong>credam,</strong></span> <span class='ocrx_word' id='word_1_20' title='bbox 554 710 588 776; x_wconf 90' lang='lat' dir='ltr'><strong>id</strong></span> <span class='ocrx_word' id='word_1_21' title='bbox 619 711 737 778; x_wconf 90' lang='lat' dir='ltr'><strong>nemini</strong></span> <span class='ocrx_word' id='word_1_22' title='bbox 770 713 804 778; x_wconf 91' lang='lat' dir='ltr'><strong>in</strong></span> <span class='ocrx_word' id='word_1_23' title='bbox 826 714 965 780; x_wconf 88' lang='lat' dir='ltr'><strong>montem</strong></span> <span class='ocrx_word' id='word_1_24' title='bbox 987 713 1115 780; x_wconf 83' lang='lat' dir='ltr'><strong>uenisse.</strong></span> <span class='ocrx_word' id='word_1_25' title='bbox 1158 713 1319 782; x_wconf 78' lang='lat' dir='ltr'><strong>Modone</strong></span> 
     </span>
     <span class='ocr_line' id='line_1_5' title="bbox 252 815 1318 902; baseline -0.002 -16"><span class='ocrx_word' id='word_1_26' title='bbox 252 817 413 902; x_wconf 85' lang='lat' dir='ltr'><strong>neglectus</strong></span> <span class='ocrx_word' id='word_1_27' title='bbox 433 815 474 883; x_wconf 88' lang='lat' dir='ltr'><strong>ad</strong></span> <span class='ocrx_word' id='word_1_28' title='bbox 495 835 543 894; x_wconf 84' lang='lat' dir='ltr'><strong>ea,</strong></span> <span class='ocrx_word' id='word_1_29' title='bbox 569 835 637 900; x_wconf 77' lang='lat' dir='ltr'><strong>qun</strong></span> <span class='ocrx_word' id='word_1_30' title='bbox 668 817 718 884; x_wconf 85' lang='lat' dir='ltr'><strong>hio</strong></span> <span class='ocrx_word' id='word_1_31' title='bbox 749 821 1039 894; x_wconf 72' lang='lat' dir='ltr'><strong>commemorantur,</strong></span> <span class='ocrx_word' id='word_1_32' title='bbox 1069 818 1148 886; x_wconf 87' lang='lat' dir='ltr'><strong>nihil</strong></span> <span class='ocrx_word' id='word_1_33' title='bbox 1169 818 1318 902; x_wconf 88' lang='lat' dir='ltr'><strong>pertiuet;</strong></span> 
     </span>
     <span class='ocr_line' id='line_1_6' title="bbox 253 923 1319 1010; baseline 0.004 -22"><span class='ocrx_word' id='word_1_34' title='bbox 253 942 352 1006; x_wconf 86' lang='lat' dir='ltr'><strong>noque</strong></span> <span class='ocrx_word' id='word_1_35' title='bbox 374 942 445 988; x_wconf 90' lang='lat' dir='ltr'><strong>cnm</strong></span> <span class='ocrx_word' id='word_1_36' title='bbox 466 923 602 1007; x_wconf 86' lang='lat' dir='ltr'><strong>sumptu,</strong></span> <span class='ocrx_word' id='word_1_37' title='bbox 623 923 786 1006; x_wconf 74' lang='lat' dir='ltr'><strong>eniteret</strong></span> <span class='ocrx_word' id='word_1_38' title='bbox 807 925 1024 1010; x_wconf 71' lang='lat' dir='ltr'><strong>mentiretur,</strong></span> <span class='ocrx_word' id='word_1_39' title='bbox 1046 927 1133 992; x_wconf 87' lang='lat' dir='ltr'><strong>recte</strong></span> <span class='ocrx_word' id='word_1_40' title='bbox 1155 923 1319 1004; x_wconf 84' lang='lat' dir='ltr'><strong>modestia,</strong></span> 
     </span>
     <span class='ocr_line' id='line_1_7' title="bbox 252 1027 1317 1116; baseline 0 -20"><span class='ocrx_word' id='word_1_41' title='bbox 252 1029 307 1096; x_wconf 92' lang='lat' dir='ltr'><strong>sed</strong></span> <span class='ocrx_word' id='word_1_42' title='bbox 338 1027 553 1102; x_wconf 76' lang='lat' dir='ltr'><strong>immodestia,</strong></span> <span class='ocrx_word' id='word_1_43' title='bbox 590 1047 658 1112; x_wconf 87' lang='lat' dir='ltr'><strong>quae</strong></span> <span class='ocrx_word' id='word_1_44' title='bbox 701 1048 762 1096; x_wconf 90' lang='lat' dir='ltr'><strong>non</strong></span> <span class='ocrx_word' id='word_1_45' title='bbox 795 1030 968 1115; x_wconf 76' lang='lat' dir='ltr'><strong>fugeretur,</strong></span> <span class='ocrx_word' id='word_1_46' title='bbox 1004 1029 1212 1116; x_wconf 84' lang='lat' dir='ltr'><strong>componenda</strong></span> <span class='ocrx_word' id='word_1_47' title='bbox 1243 1031 1317 1106; x_wconf 80' lang='lat' dir='ltr'><strong>erat</strong></span> 
     </span>
     <span class='ocr_line' id='line_1_8' title="bbox 250 1134 1319 1220; baseline 0 -20"><span class='ocrx_word' id='word_1_48' title='bbox 250 1135 368 1200; x_wconf 84' lang='lat' dir='ltr'><strong>Praeter</strong></span> <span class='ocrx_word' id='word_1_49' title='bbox 400 1134 560 1217; x_wconf 89' lang='lat' dir='ltr'><strong>sumptum</strong></span> <span class='ocrx_word' id='word_1_50' title='bbox 592 1135 623 1199; x_wconf 94' lang='lat' dir='ltr'><strong>in</strong></span> <span class='ocrx_word' id='word_1_51' title='bbox 656 1135 801 1219; x_wconf 85' lang='lat' dir='ltr'><strong>parandis</strong></span> <span class='ocrx_word' id='word_1_52' title='bbox 833 1135 883 1215; x_wconf 88' lang='lat' dir='ltr'><strong>iis,</strong></span> <span class='ocrx_word' id='word_1_53' title='bbox 915 1154 1045 1220; x_wconf 87' lang='lat' dir='ltr'><strong>quorum</strong></span> <span class='ocrx_word' id='word_1_54' title='bbox 1082 1135 1186 1220; x_wconf 90' lang='lat' dir='ltr'><strong>cupidi</strong></span> <span class='ocrx_word' id='word_1_55' title='bbox 1215 1135 1319 1200; x_wconf 86' lang='lat' dir='ltr'><strong>adole·</strong></span> 
     </span>
     <span class='ocr_line' id='line_1_9' title="bbox 251 1239 1185 1328; baseline 0 -20"><span class='ocrx_word' id='word_1_56' title='bbox 251 1243 374 1308; x_wconf 88' lang='lat' dir='ltr'><strong>scentes</strong></span> <span class='ocrx_word' id='word_1_57' title='bbox 396 1239 493 1314; x_wconf 80' lang='lat' dir='ltr'><strong>mant,</strong></span> <span class='ocrx_word' id='word_1_58' title='bbox 516 1258 554 1304; x_wconf 93' lang='lat' dir='ltr'><strong>ne</strong></span> <span class='ocrx_word' id='word_1_59' title='bbox 575 1257 674 1324; x_wconf 77' lang='lat' dir='ltr'><strong>opera</strong></span> <span class='ocrx_word' id='word_1_60' title='bbox 696 1240 821 1324; x_wconf 88' lang='lat' dir='ltr'><strong>quidem</strong></span> <span class='ocrx_word' id='word_1_61' title='bbox 842 1241 1016 1308; x_wconf 74' lang='lat' dir='ltr'><strong>molestiam</strong></span> <span class='ocrx_word' id='word_1_62' title='bbox 1038 1241 1185 1328; x_wconf 76' lang='lat' dir='ltr'><strong>drgiebat</strong></span> 
     </span>
    </p>

    <p class='ocr_par' dir='ltr' id='par_1_3' title="bbox 250 1345 1318 1538">
     <span class='ocr_line' id='line_1_10' title="bbox 353 1345 1318 1432; baseline 0 -20"><span class='ocrx_word' id='word_1_63' title='bbox 353 1345 424 1431; x_wconf 83' lang='lat' dir='ltr'><strong>lug.</strong></span> <span class='ocrx_word' id='word_1_64' title='bbox 437 1345 489 1422; x_wconf 86' lang='lat'><strong>53,</strong></span> <span class='ocrx_word' id='word_1_65' title='bbox 512 1346 605 1412; x_wconf 80' lang='lat' dir='ltr'><strong>luon</strong></span> <span class='ocrx_word' id='word_1_66' title='bbox 627 1364 664 1414; x_wconf 86' lang='lat' dir='ltr'><strong>ex</strong></span> <span class='ocrx_word' id='word_1_67' title='bbox 684 1346 911 1422; x_wconf 82' lang='lat' dir='ltr'><strong>adventare,</strong></span> <span class='ocrx_word' id='word_1_68' title='bbox 936 1347 1017 1431; x_wconf 86' lang='lat' dir='ltr'><strong>quod</strong></span> <span class='ocrx_word' id='word_1_69' title='bbox 1033 1345 1318 1432; x_wconf 82' lang='lat' dir='ltr'><strong>saueferrineqnit,</strong></span> 
     </span>
     <span class='ocr_line' id='line_1_11' title="bbox 250 1449 1318 1538; baseline -0.003 -19"><span class='ocrx_word' id='word_1_70' title='bbox 250 1453 426 1520; x_wconf 76' lang='lat' dir='ltr'><strong>tumendum</strong></span> <span class='ocrx_word' id='word_1_71' title='bbox 458 1452 527 1517; x_wconf 85' lang='lat' dir='ltr'><strong>erat</strong></span> <span class='ocrx_word' id='word_1_72' title='bbox 561 1450 835 1532; x_wconf 77' lang='lat' dir='ltr'>adventarent,</span> <span class='ocrx_word' id='word_1_73' title='bbox 871 1453 938 1532; x_wconf 86' lang='lat' dir='ltr'><strong>sod,</strong></span> <span class='ocrx_word' id='word_1_74' title='bbox 970 1471 1064 1538; x_wconf 82' lang='lat' dir='ltr'><strong>prauo</strong></span> <span class='ocrx_word' id='word_1_75' title='bbox 1085 1449 1318 1536; x_wconf 75' lang='lat' dir='ltr'><strong>interpretantis</strong></span> 
     </span>
    </p>
   </div>
   <div class='ocr_carea' id='block_1_3' title="bbox 156 1556 1317 1648">
    <p class='ocr_par' dir='ltr' id='par_1_4' title="bbox 156 1556 1317 1648">
     <span class='ocr_line' id='line_1_12' title="bbox 156 1556 1317 1648; baseline -0.002 -24"><span class='ocrx_word' id='word_1_76' title='bbox 156 1561 160 1570; x_wconf 90' lang='lat'>&#39;</span> <span class='ocrx_word' id='word_1_77' title='bbox 251 1558 463 1624; x_wconf 81' lang='lat' dir='ltr'><strong>additamento</strong></span> <span class='ocrx_word' id='word_1_78' title='bbox 474 1557 608 1634; x_wconf 86' lang='lat' dir='ltr'><strong>sublato,</strong></span> <span class='ocrx_word' id='word_1_79' title='bbox 629 1558 838 1626; x_wconf 89' lang='lat' dir='ltr'><strong>scribendum:</strong></span> <span class='ocrx_word' id='word_1_80' title='bbox 859 1577 902 1646; x_wconf 86' lang='lat' dir='ltr'><strong>eo</strong></span> <span class='ocrx_word' id='word_1_81' title='bbox 923 1559 1113 1648; x_wconf 90' lang='lat' dir='ltr'><strong>primo</strong></span> <span class='ocrx_word' id='word_1_82' title='bbox 1135 1556 1317 1640; x_wconf 87' lang='lat' dir='ltr'><strong>strepitu,</strong></span> 
     </span>
    </p>
   </div>
   <div class='ocr_carea' id='block_1_4' title="bbox 251 1661 1319 2490">
    <p class='ocr_par' dir='ltr' id='par_1_5' title="bbox 251 1661 1318 1970">
     <span class='ocr_line' id='line_1_13' title="bbox 251 1661 1318 1749; baseline -0.001 -21"><span class='ocrx_word' id='word_1_83' title='bbox 251 1664 360 1729; x_wconf 86' lang='lat' dir='ltr'><strong>velut</strong></span> <span class='ocrx_word' id='word_1_84' title='bbox 397 1662 547 1738; x_wconf 87' lang='lat' dir='ltr'><strong>hostes,</strong></span> <span class='ocrx_word' id='word_1_85' title='bbox 592 1663 714 1730; x_wconf 84' lang='lat' dir='ltr'><strong>elteri</strong></span> <span class='ocrx_word' id='word_1_86' title='bbox 748 1665 845 1749; x_wconf 85' lang='lat' dir='ltr'><strong>apud</strong></span> <span class='ocrx_word' id='word_1_87' title='bbox 886 1665 1033 1731; x_wconf 84' lang='lat' dir='ltr'><strong>alteros</strong></span> <span class='ocrx_word' id='word_1_88' title='bbox 1067 1661 1318 1747; x_wconf 69' lang='lat' dir='ltr'><strong>formidinem</strong></span> 
     </span>
     <span class='ocr_line' id='line_1_14' title="bbox 251 1768 1316 1851; baseline -0.001 -16"><span class='ocrx_word' id='word_1_89' title='bbox 251 1768 367 1836; x_wconf 91' lang='lat' dir='ltr'><strong>simul</strong></span> <span class='ocrx_word' id='word_1_90' title='bbox 399 1771 436 1833; x_wconf 92' lang='lat' dir='ltr'><strong>et</strong></span> <span class='ocrx_word' id='word_1_91' title='bbox 466 1770 675 1836; x_wconf 89' lang='lat' dir='ltr'><strong>tumultum</strong></span> <span class='ocrx_word' id='word_1_92' title='bbox 705 1769 854 1850; x_wconf 83' lang='lat' dir='ltr'><strong>facere,</strong></span> <span class='ocrx_word' id='word_1_93' title='bbox 885 1770 943 1838; x_wconf 87' lang='lat' dir='ltr'><strong>hoc</strong></span> <span class='ocrx_word' id='word_1_94' title='bbox 969 1772 1032 1851; x_wconf 83' lang='lat' dir='ltr'><strong>eet,</strong></span> <span class='ocrx_word' id='word_1_95' title='bbox 1054 1771 1141 1838; x_wconf 82' lang='lat' dir='ltr'><strong>uelut</strong></span> <span class='ocrx_word' id='word_1_96' title='bbox 1161 1770 1189 1838; x_wconf 90' lang='lat' dir='ltr'><strong>si</strong></span> <span class='ocrx_word' id='word_1_97' title='bbox 1210 1768 1316 1837; x_wconf 88' lang='lat' dir='ltr'><strong>hostes</strong></span> 
     </span>
     <span class='ocr_line' id='line_1_15' title="bbox 252 1871 1316 1970; baseline -0.004 -26"><span class='ocrx_word' id='word_1_98' title='bbox 252 1876 365 1954; x_wconf 83' lang='lat' dir='ltr'><strong>essent,</strong></span> <span class='ocrx_word' id='word_1_99' title='bbox 400 1893 472 1940; x_wconf 93' lang='lat' dir='ltr'><strong>oum</strong></span> <span class='ocrx_word' id='word_1_100' title='bbox 493 1893 547 1958; x_wconf 90' lang='lat' dir='ltr'><strong>pro</strong></span> <span class='ocrx_word' id='word_1_101' title='bbox 567 1875 708 1942; x_wconf 88' lang='lat' dir='ltr'><strong>hostibus</strong></span> <span class='ocrx_word' id='word_1_102' title='bbox 729 1877 947 1970; x_wconf 71' lang='lat' dir='ltr'><strong>acciperentur.</strong></span> <span class='ocrx_word' id='word_1_103' title='bbox 987 1878 1063 1964; x_wconf 81' lang='lat' dir='ltr'><strong>[Sic</strong></span> <span class='ocrx_word' id='word_1_104' title='bbox 1082 1879 1146 1944; x_wconf 85' lang='lat' dir='ltr'><strong>inm</strong></span> <span class='ocrx_word' id='word_1_105' title='bbox 1168 1871 1316 1970; x_wconf 78' lang='lat' dir='ltr'><strong>Curtius]</strong></span> 
     </span>
    </p>

    <p class='ocr_par' dir='ltr' id='par_1_6' title="bbox 252 1979 1319 2490">
     <span class='ocr_line' id='line_1_16' title="bbox 353 1979 1316 2070; baseline 0.002 -26"><span class='ocrx_word' id='word_1_106' title='bbox 353 1979 422 2048; x_wconf 84' lang='lat' dir='ltr'><strong>lbd.</strong></span> <span class='ocrx_word' id='word_1_107' title='bbox 435 1980 488 2059; x_wconf 86' lang='lat'><strong>84,</strong></span> <span class='ocrx_word' id='word_1_108' title='bbox 502 1981 521 2042; x_wconf 84' lang='lat'>2</span> <span class='ocrx_word' id='word_1_109' title='bbox 533 1980 613 2064; x_wconf 91' lang='lat' dir='ltr'><strong>quod</strong></span> <span class='ocrx_word' id='word_1_110' title='bbox 624 1980 769 2048; x_wconf 88' lang='lat' dir='ltr'><strong>scribitur</strong></span> <span class='ocrx_word' id='word_1_111' title='bbox 789 1982 969 2050; x_wconf 80' lang='lat' dir='ltr'><strong>auxilius</strong></span> <span class='ocrx_word' id='word_1_112' title='bbox 990 1983 1143 2070; x_wconf 86' lang='lat' dir='ltr'><strong>populis</strong></span> <span class='ocrx_word' id='word_1_113' title='bbox 1160 1984 1196 2050; x_wconf 90' lang='lat' dir='ltr'><strong>ct</strong></span> <span class='ocrx_word' id='word_1_114' title='bbox 1218 1981 1316 2065; x_wconf 82' lang='lat' dir='ltr'><strong>regi·</strong></span> 
     </span>
     <span class='ocr_line' id='line_1_17' title="bbox 253 2086 1319 2178; baseline -0.004 -23"><span class='ocrx_word' id='word_1_115' title='bbox 253 2091 323 2155; x_wconf 91' lang='lat' dir='ltr'><strong>bus</strong></span> <span class='ocrx_word' id='word_1_116' title='bbox 361 2086 558 2170; x_wconf 84' lang='lat' dir='ltr'><strong>sociisque</strong></span> <span class='ocrx_word' id='word_1_117' title='bbox 591 2105 804 2167; x_wconf 75' lang='lat' dir='ltr'><strong>arcessere,</strong></span> <span class='ocrx_word' id='word_1_118' title='bbox 835 2089 1014 2156; x_wconf 84' lang='lat' dir='ltr'><strong>manifesto.</strong></span> <span class='ocrx_word' id='word_1_119' title='bbox 1034 2089 1222 2178; x_wconf 70' lang='lat' dir='ltr'><strong>mendosum</strong></span> <span class='ocrx_word' id='word_1_120' title='bbox 1250 2105 1319 2152; x_wconf 89' lang='lat' dir='ltr'><strong>csse</strong></span> 
     </span>
     <span class='ocr_line' id='line_1_18' title="bbox 252 2192 1317 2280; baseline -0.005 -18"><span class='ocrx_word' id='word_1_121' title='bbox 252 2194 415 2280; x_wconf 85' lang='lat' dir='ltr'><strong>Siesbyeus</strong></span> <span class='ocrx_word' id='word_1_122' title='bbox 437 2192 530 2271; x_wconf 86' lang='lat' dir='ltr'><strong>uidit;</strong></span> <span class='ocrx_word' id='word_1_123' title='bbox 553 2192 655 2260; x_wconf 89' lang='lat' dir='ltr'><strong>nullos</strong></span> <span class='ocrx_word' id='word_1_124' title='bbox 681 2196 765 2260; x_wconf 89' lang='lat' dir='ltr'><strong>onim</strong></span> <span class='ocrx_word' id='word_1_125' title='bbox 782 2197 893 2280; x_wconf 72' lang='lat' dir='ltr'><strong>practer</strong></span> <span class='ocrx_word' id='word_1_126' title='bbox 913 2195 1041 2280; x_wconf 88' lang='lat' dir='ltr'><strong>populos</strong></span> <span class='ocrx_word' id='word_1_127' title='bbox 1063 2196 1095 2261; x_wconf 90' lang='lat' dir='ltr'><strong>et</strong></span> <span class='ocrx_word' id='word_1_128' title='bbox 1113 2213 1201 2280; x_wconf 83' lang='lat' dir='ltr'><strong>reges</strong></span> <span class='ocrx_word' id='word_1_129' title='bbox 1222 2193 1317 2258; x_wconf 85' lang='lat' dir='ltr'><strong>fuisse</strong></span> 
     </span>
     <span class='ocr_line' id='line_1_19' title="bbox 253 2299 1318 2390; baseline -0.006 -22"><span class='ocrx_word' id='word_1_130' title='bbox 253 2302 352 2368; x_wconf 89' lang='lat' dir='ltr'><strong>socios</strong></span> <span class='ocrx_word' id='word_1_131' title='bbox 373 2318 472 2384; x_wconf 86' lang='lat' dir='ltr'><strong>neque</strong></span> <span class='ocrx_word' id='word_1_132' title='bbox 489 2299 529 2365; x_wconf 85' lang='lat' dir='ltr'><strong>ab</strong></span> <span class='ocrx_word' id='word_1_133' title='bbox 551 2299 693 2366; x_wconf 86' lang='lat' dir='ltr'><strong>omnibus</strong></span> <span class='ocrx_word' id='word_1_134' title='bbox 723 2301 842 2386; x_wconf 86' lang='lat' dir='ltr'><strong>populis</strong></span> <span class='ocrx_word' id='word_1_135' title='bbox 876 2302 1076 2390; x_wconf 82' lang='lat' dir='ltr'><strong>regibusque,</strong></span> <span class='ocrx_word' id='word_1_136' title='bbox 1109 2301 1164 2366; x_wconf 89' lang='lat' dir='ltr'><strong>sed</strong></span> <span class='ocrx_word' id='word_1_137' title='bbox 1194 2301 1318 2366; x_wconf 88' lang='lat' dir='ltr'><strong>tantum</strong></span> 
     </span>
     <span class='ocr_line' id='line_1_20' title="bbox 252 2405 1318 2490; baseline -0.005 -16"><span class='ocrx_word' id='word_1_138' title='bbox 252 2407 291 2475; x_wconf 82' lang='lat' dir='ltr'><strong>ab</strong></span> <span class='ocrx_word' id='word_1_139' title='bbox 312 2407 361 2484; x_wconf 77' lang='lat' dir='ltr'><strong>iic,</strong></span> <span class='ocrx_word' id='word_1_140' title='bbox 383 2405 436 2490; x_wconf 88' lang='lat' dir='ltr'><strong>qui</strong></span> <span class='ocrx_word' id='word_1_141' title='bbox 457 2407 489 2470; x_wconf 92' lang='lat' dir='ltr'><strong>in</strong></span> <span class='ocrx_word' id='word_1_142' title='bbox 512 2406 660 2472; x_wconf 81' lang='lat' dir='ltr'><strong>societate</strong></span> <span class='ocrx_word' id='word_1_143' title='bbox 676 2407 790 2482; x_wconf 85' lang='lat' dir='ltr'><strong>essent,</strong></span> <span class='ocrx_word' id='word_1_144' title='bbox 810 2406 925 2474; x_wconf 76' lang='lat' dir='ltr'><strong>uuudm</strong></span> <span class='ocrx_word' id='word_1_145' title='bbox 942 2407 1093 2475; x_wconf 85' lang='lat' dir='ltr'><strong>arcessita</strong></span> <span class='ocrx_word' id='word_1_146' title='bbox 1111 2423 1194 2483; x_wconf 88' lang='lat' dir='ltr'><strong>esse;</strong></span> <span class='ocrx_word' id='word_1_147' title='bbox 1213 2405 1318 2490; x_wconf 84' lang='lat' dir='ltr'><strong>itaque</strong></span> 
     </span>
    </p>
   </div>
   <div class='ocr_carea' id='block_1_5' title="bbox 251 2509 1497 2596">
    <p class='ocr_par' dir='ltr' id='par_1_7' title="bbox 251 2509 1497 2596">
     <span class='ocr_line' id='line_1_21' title="bbox 251 2509 1497 2596; baseline -0.006 -15"><span class='ocrx_word' id='word_1_148' title='bbox 251 2513 364 2581; x_wconf 89' lang='lat' dir='ltr'><strong>omisso</strong></span> <span class='ocrx_word' id='word_1_149' title='bbox 386 2530 455 2596; x_wconf 89' lang='lat' dir='ltr'><strong>quo</strong></span> <span class='ocrx_word' id='word_1_150' title='bbox 476 2511 673 2578; x_wconf 87' lang='lat' dir='ltr'><strong>scribendum</strong></span> <span class='ocrx_word' id='word_1_151' title='bbox 696 2531 781 2578; x_wconf 87' lang='lat' dir='ltr'><strong>osse:</strong></span> <span class='ocrx_word' id='word_1_152' title='bbox 813 2531 891 2578; x_wconf 84' lang='lat' dir='ltr'><strong>eux.</strong></span> <span class='ocrx_word' id='word_1_153' title='bbox 924 2512 1118 2596; x_wconf 89' lang='lat' dir='ltr'><strong>apopulis</strong></span> <span class='ocrx_word' id='word_1_154' title='bbox 1150 2512 1187 2576; x_wconf 95' lang='lat' dir='ltr'><strong>et</strong></span> <span class='ocrx_word' id='word_1_155' title='bbox 1213 2509 1318 2594; x_wconf 77' lang='lat' dir='ltr'><strong>regi·</strong></span> <span class='ocrx_word' id='word_1_156' title='bbox 1352 2573 1358 2576; x_wconf 81' lang='grc'>,</span> <span class='ocrx_word' id='word_1_157' title='bbox 1496 2539 1497 2550; x_wconf 45' lang='lat'>¹</span> 
     </span>
    </p>
   </div>
   <div class='ocr_carea' id='block_1_6' title="bbox 250 2605 1322 4188">
    <p class='ocr_par' dir='ltr' id='par_1_8' title="bbox 253 2605 1148 2707">
     <span class='ocr_line' id='line_1_22' title="bbox 253 2605 1148 2707; baseline -0.007 -21"><span class='ocrx_word' id='word_1_158' title='bbox 253 2619 320 2686; x_wconf 91' lang='lat' dir='ltr'><strong>bus</strong></span> <span class='ocrx_word' id='word_1_159' title='bbox 341 2619 461 2685; x_wconf 88' lang='lat' dir='ltr'><strong>sociis</strong></span> <span class='ocrx_word' id='word_1_160' title='bbox 484 2605 700 2684; x_wconf 57' lang='lat' dir='ltr'><strong>arcessere(</strong></span> <span class='ocrx_word' id='word_1_161' title='bbox 849 2701 853 2707; x_wconf 26' lang='grc'><strong><em>1</em></strong></span> <span class='ocrx_word' id='word_1_162' title='bbox 1144 2685 1148 2692; x_wconf 55' lang='grc'>,</span> 
     </span>
    </p>

    <p class='ocr_par' dir='ltr' id='par_1_9' title="bbox 250 2721 1319 3448">
     <span class='ocr_line' id='line_1_23' title="bbox 351 2721 1317 2808; baseline 0.001 -17"><span class='ocrx_word' id='word_1_163' title='bbox 351 2726 418 2791; x_wconf 90' lang='lat' dir='ltr'><strong>lbd.</strong></span> <span class='ocrx_word' id='word_1_164' title='bbox 441 2724 493 2802; x_wconf 86' lang='lat'><strong>85,</strong></span> <span class='ocrx_word' id='word_1_165' title='bbox 529 2725 569 2788; x_wconf 92' lang='lat'><strong>10</strong></span> <span class='ocrx_word' id='word_1_166' title='bbox 589 2725 640 2790; x_wconf 80' lang='lat' dir='ltr'><strong>vir</strong></span> <span class='ocrx_word' id='word_1_167' title='bbox 661 2724 806 2791; x_wconf 84' lang='lat' dir='ltr'><strong>credibile</strong></span> <span class='ocrx_word' id='word_1_168' title='bbox 827 2725 891 2802; x_wconf 88' lang='lat' dir='ltr'><strong>est,</strong></span> <span class='ocrx_word' id='word_1_169' title='bbox 926 2743 989 2791; x_wconf 93' lang='lat' dir='ltr'><strong>uon</strong></span> <span class='ocrx_word' id='word_1_170' title='bbox 1018 2723 1139 2808; x_wconf 87' lang='lat' dir='ltr'><strong>pridem</strong></span> <span class='ocrx_word' id='word_1_171' title='bbox 1172 2721 1217 2788; x_wconf 91' lang='lat' dir='ltr'><strong>sic</strong></span> <span class='ocrx_word' id='word_1_172' title='bbox 1246 2738 1317 2792; x_wconf 80' lang='lat' dir='ltr'><strong>eerr-¹</strong></span> 
     </span>
     <span class='ocr_line' id='line_1_24' title="bbox 250 2821 1318 2914; baseline -0.008 -14"><span class='ocrx_word' id='word_1_173' title='bbox 250 2832 445 2900; x_wconf 84' lang='lat' dir='ltr'><strong>tentiusesse</strong></span> <span class='ocrx_word' id='word_1_174' title='bbox 467 2829 654 2913; x_wconf 89' lang='lat' dir='ltr'><strong>diremptas:</strong></span> <span class='ocrx_word' id='word_1_175' title='bbox 699 2829 851 2910; x_wconf 77' lang='lat' dir='ltr'><strong>Quaeoo,</strong></span> <span class='ocrx_word' id='word_1_176' title='bbox 873 2821 1157 2914; x_wconf 80' lang='lat' dir='ltr'><strong>reputaturum</strong></span> <span class='ocrx_word' id='word_1_177' title='bbox 1179 2822 1318 2894; x_wconf 88' lang='lat' dir='ltr'><strong>animis</strong></span> 
     </span>
     <span class='ocr_line' id='line_1_25' title="bbox 251 2934 1319 3032; baseline -0.006 -30"><span class='ocrx_word' id='word_1_178' title='bbox 251 2937 417 3014; x_wconf 86' lang='lat' dir='ltr'><strong>vestris,</strong></span> <span class='ocrx_word' id='word_1_179' title='bbox 440 2954 526 3010; x_wconf 90' lang='lat' dir='ltr'><strong>num</strong></span> <span class='ocrx_word' id='word_1_180' title='bbox 552 2936 591 3002; x_wconf 93' lang='lat' dir='ltr'><strong>id</strong></span> <span class='ocrx_word' id='word_1_181' title='bbox 612 2935 760 3003; x_wconf 90' lang='lat' dir='ltr'><strong>mutari</strong></span> <span class='ocrx_word' id='word_1_182' title='bbox 790 2936 931 3002; x_wconf 88' lang='lat' dir='ltr'><strong>maline</strong></span> <span class='ocrx_word' id='word_1_183' title='bbox 953 2935 1014 3002; x_wconf 90' lang='lat' dir='ltr'><strong>sit.</strong></span> <span class='ocrx_word' id='word_1_184' title='bbox 1064 2934 1105 3002; x_wconf 87' lang='lat' dir='ltr'><strong>Si</strong></span> <span class='ocrx_word' id='word_1_185' title='bbox 1124 2949 1259 3032; x_wconf 26' lang='lat' dir='ltr'><strong>&#39;quern</strong></span> <span class='ocrx_word' id='word_1_186' title='bbox 1276 2949 1319 3030; x_wconf 74' lang='lat' dir='ltr'><strong>er</strong></span> 
     </span>
     <span class='ocr_line' id='line_1_26' title="bbox 251 3036 1318 3126; baseline -0.007 -18"><span class='ocrx_word' id='word_1_187' title='bbox 251 3043 321 3110; x_wconf 94' lang='lat' dir='ltr'><strong>illo</strong></span> <span class='ocrx_word' id='word_1_188' title='bbox 344 3042 458 3126; x_wconf 84' lang='lat' dir='ltr'><strong>globo</strong></span> <span class='ocrx_word' id='word_1_189' title='bbox 479 3041 706 3109; x_wconf 85' lang='lat' dir='ltr'><strong>nobilitatis</strong></span> <span class='ocrx_word' id='word_1_190' title='bbox 813 3041 988 3109; x_wconf 85' lang='lat' dir='ltr'><strong>mittatis</strong></span> <span class='ocrx_word' id='word_1_191' title='bbox 1021 3087 1108 3122; x_wconf 61' lang='grc' dir='ltr'><strong>..η</strong></span> <span class='ocrx_word' id='word_1_192' title='bbox 1141 3036 1318 3118; x_wconf 83' lang='lat' dir='ltr'><strong>scilicet,</strong></span> 
     </span>
     <span class='ocr_line' id='line_1_27' title="bbox 252 3141 1317 3241; baseline -0.002 -29"><span class='ocrx_word' id='word_1_193' title='bbox 252 3148 351 3214; x_wconf 92' lang='lat' dir='ltr'><strong>utin</strong></span> <span class='ocrx_word' id='word_1_194' title='bbox 373 3149 481 3212; x_wconf 89' lang='lat' dir='ltr'><strong>tantu</strong></span> <span class='ocrx_word' id='word_1_195' title='bbox 501 3166 548 3228; x_wconf 90' lang='lat' dir='ltr'><strong>re,</strong></span> <span class='ocrx_word' id='word_1_196' title='bbox 569 3149 728 3233; x_wconf 81' lang='lat' dir='ltr'><strong>ignarus</strong></span> <span class='ocrx_word' id='word_1_197' title='bbox 750 3148 916 3214; x_wconf 91' lang='lat' dir='ltr'><strong>omnium</strong></span> <span class='ocrx_word' id='word_1_198' title='bbox 938 3146 1124 3233; x_wconf 82' lang='lat' dir='ltr'><strong>trepidet,</strong></span> <span class='ocrx_word' id='word_1_199' title='bbox 1144 3141 1317 3241; x_wconf 68' lang='lat' dir='ltr'><strong>destinat,</strong></span> 
     </span>
     <span class='ocr_line' id='line_1_28' title="bbox 253 3241 1318 3348; baseline -0.008 -28"><span class='ocrx_word' id='word_1_200' title='bbox 253 3255 384 3320; x_wconf 84' lang='lat' dir='ltr'><strong>sumet</strong></span> <span class='ocrx_word' id='word_1_201' title='bbox 404 3253 570 3337; x_wconf 86' lang='lat' dir='ltr'><strong>eliquem</strong></span> <span class='ocrx_word' id='word_1_202' title='bbox 592 3272 637 3318; x_wconf 85' lang='lat' dir='ltr'><strong>eu</strong></span> <span class='ocrx_word' id='word_1_203' title='bbox 657 3253 798 3338; x_wconf 92' lang='lat' dir='ltr'><strong>populo</strong></span> <span class='ocrx_word' id='word_1_204' title='bbox 830 3241 1057 3320; x_wconf 88' lang='lat' dir='ltr'><strong>monitorem</strong></span> <span class='ocrx_word' id='word_1_205' title='bbox 1088 3249 1214 3342; x_wconf 78' lang='lat' dir='ltr'><strong>oflicii</strong></span> <span class='ocrx_word' id='word_1_206' title='bbox 1243 3246 1318 3348; x_wconf 64' lang='lat' dir='ltr'><strong>cuir</strong></span> 
     </span>
     <span class='ocr_line' id='line_1_29' title="bbox 251 3356 1254 3448; baseline 0.002 -22"><span class='ocrx_word' id='word_1_207' title='bbox 251 3361 314 3426; x_wconf 85' lang='lat' dir='ltr'><strong>ite</strong></span> <span class='ocrx_word' id='word_1_208' title='bbox 330 3360 561 3444; x_wconf 86' lang='lat' dir='ltr'><strong>plerumque</strong></span> <span class='ocrx_word' id='word_1_209' title='bbox 585 3361 739 3438; x_wconf 83' lang='lat' dir='ltr'><strong>evenit,</strong></span> <span class='ocrx_word' id='word_1_210' title='bbox 761 3362 820 3428; x_wconf 84' lang='lat' dir='ltr'><strong>cet</strong></span> <span class='ocrx_word' id='word_1_211' title='bbox 865 3356 1164 3448; x_wconf 70' lang='lat' dir='ltr'><strong>[siccomoros]</strong></span> <span class='ocrx_word' id='word_1_212' title='bbox 1249 3421 1254 3435; x_wconf 87' lang='grc'>,</span> 
     </span>
    </p>

    <p class='ocr_par' dir='ltr' id='par_1_10' title="bbox 252 3455 1322 4188">
     <span class='ocr_line' id='line_1_30' title="bbox 353 3455 1320 3550; baseline -0.006 -20"><span class='ocrx_word' id='word_1_213' title='bbox 353 3466 419 3532; x_wconf 91' lang='lat' dir='ltr'><strong>lbd.</strong></span> <span class='ocrx_word' id='word_1_214' title='bbox 454 3466 507 3544; x_wconf 84' lang='lat'><strong>95,</strong></span> <span class='ocrx_word' id='word_1_215' title='bbox 549 3466 569 3528; x_wconf 87' lang='lat'>3</span> <span class='ocrx_word' id='word_1_216' title='bbox 602 3467 683 3550; x_wconf 88' lang='lat' dir='ltr'><strong>qnod</strong></span> <span class='ocrx_word' id='word_1_217' title='bbox 724 3465 812 3532; x_wconf 81' lang='lat' dir='ltr'><strong>Sulla</strong></span> <span class='ocrx_word' id='word_1_218' title='bbox 845 3464 998 3530; x_wconf 86' lang='lat' dir='ltr'><strong>litteris</strong></span> <span class='ocrx_word' id='word_1_219' title='bbox 1031 3463 1172 3530; x_wconf 83' lang='lat' dir='ltr'><strong>Graecis</strong></span> <span class='ocrx_word' id='word_1_220' title='bbox 1204 3455 1320 3542; x_wconf 71' lang='lat' dir='ltr'><strong>atoue</strong></span> 
     </span>
     <span class='ocr_line' id='line_1_31' title="bbox 252 3561 1320 3660; baseline -0.008 -22"><span class='ocrx_word' id='word_1_221' title='bbox 252 3573 407 3640; x_wconf 85' lang='lat' dir='ltr'><strong>Letinis</strong></span> <span class='ocrx_word' id='word_1_222' title='bbox 449 3573 560 3638; x_wconf 83' lang='lat' dir='ltr'><strong>iuxta</strong></span> <span class='ocrx_word' id='word_1_223' title='bbox 602 3573 720 3660; x_wconf 79' lang='lat' dir='ltr'><strong>atque</strong></span> <span class='ocrx_word' id='word_1_224' title='bbox 767 3561 1006 3638; x_wconf 84' lang='lat' dir='ltr'><strong>doctissime</strong></span> <span class='ocrx_word' id='word_1_225' title='bbox 1048 3567 1228 3635; x_wconf 88' lang='lat' dir='ltr'><strong>eruditus</strong></span> <span class='ocrx_word' id='word_1_226' title='bbox 1271 3561 1320 3630; x_wconf 91' lang='lat' dir='ltr'><strong>di·</strong></span> 
     </span>
     <span class='ocr_line' id='line_1_32' title="bbox 252 3672 1321 3762; baseline -0.011 -16"><span class='ocrx_word' id='word_1_227' title='bbox 252 3679 348 3757; x_wconf 88' lang='lat' dir='ltr'><strong>citur,</strong></span> <span class='ocrx_word' id='word_1_228' title='bbox 390 3679 539 3762; x_wconf 90' lang='lat' dir='ltr'><strong>scriptum</strong></span> <span class='ocrx_word' id='word_1_229' title='bbox 581 3699 601 3744; x_wconf 90' lang='lat' dir='ltr'><strong>a</strong></span> <span class='ocrx_word' id='word_1_230' title='bbox 643 3678 790 3746; x_wconf 83' lang='lat' dir='ltr'><strong>Sallustio</strong></span> <span class='ocrx_word' id='word_1_231' title='bbox 831 3676 952 3742; x_wconf 84' lang='lat' dir='ltr'><strong>videtur</strong></span> <span class='ocrx_word' id='word_1_232' title='bbox 993 3677 1061 3742; x_wconf 87' lang='lat' dir='ltr'><strong>aut:</strong></span> <span class='ocrx_word' id='word_1_233' title='bbox 1106 3673 1213 3740; x_wconf 87' lang='lat' dir='ltr'><strong>iurte</strong></span> <span class='ocrx_word' id='word_1_234' title='bbox 1260 3672 1321 3735; x_wconf 89' lang='lat' dir='ltr'><strong>et-</strong></span> 
     </span>
     <span class='ocr_line' id='line_1_33' title="bbox 254 3775 1319 3872; baseline 0 -22"><span class='ocrx_word' id='word_1_235' title='bbox 254 3805 324 3869; x_wconf 83' lang='lat' dir='ltr'><strong>que</strong></span> <span class='ocrx_word' id='word_1_236' title='bbox 361 3787 591 3860; x_wconf 74' lang='lat' dir='ltr'><strong>doctissimi,</strong></span> <span class='ocrx_word' id='word_1_237' title='bbox 625 3783 717 3868; x_wconf 53' lang='lat' dir='ltr'><strong>⁴qnod</strong></span> <span class='ocrx_word' id='word_1_238' title='bbox 749 3782 844 3848; x_wconf 76' lang='lat' dir='ltr'><strong>elium</strong></span> <span class='ocrx_word' id='word_1_239' title='bbox 875 3782 1006 3848; x_wconf 75' lang='lat' dir='ltr'><strong>Iordane</strong></span> <span class='ocrx_word' id='word_1_240' title='bbox 1036 3779 1189 3866; x_wconf 74' lang='lat' dir='ltr'><strong>placuisse</strong></span> <span class='ocrx_word' id='word_1_241' title='bbox 1220 3775 1319 3872; x_wconf 65' lang='lat' dir='ltr'><strong>video,</strong></span> 
     </span>
     <span class='ocr_line' id='line_1_34' title="bbox 254 3882 1321 3980; baseline -0.01 -23"><span class='ocrx_word' id='word_1_242' title='bbox 254 3894 309 3958; x_wconf 86' lang='lat' dir='ltr'><strong>out</strong></span> <span class='ocrx_word' id='word_1_243' title='bbox 350 3892 462 3974; x_wconf 88' lang='lat' dir='ltr'><strong>potius,</strong></span> <span class='ocrx_word' id='word_1_244' title='bbox 505 3890 586 3975; x_wconf 84' lang='lat' dir='ltr'><strong>quod</strong></span> <span class='ocrx_word' id='word_1_245' title='bbox 628 3889 774 3974; x_wconf 84' lang='lat' dir='ltr'><strong>Sicebyeo</strong></span> <span class='ocrx_word' id='word_1_246' title='bbox 816 3889 849 3954; x_wconf 87' lang='lat' dir='ltr'><strong>in</strong></span> <span class='ocrx_word' id='word_1_247' title='bbox 884 3890 1023 3955; x_wconf 89' lang='lat' dir='ltr'><strong>rneutem</strong></span> <span class='ocrx_word' id='word_1_248' title='bbox 1067 3885 1169 3953; x_wconf 80' lang='lat' dir='ltr'><strong>uenit:</strong></span> <span class='ocrx_word' id='word_1_249' title='bbox 1214 3882 1321 3980; x_wconf 67' lang='lat' dir='ltr'><strong>iuste</strong></span> 
     </span>
     <span class='ocr_line' id='line_1_35' title="bbox 254 3992 1322 4083; baseline -0.01 -19"><span class='ocrx_word' id='word_1_250' title='bbox 254 4000 370 4082; x_wconf 86' lang='lat' dir='ltr'><strong>atque</strong></span> <span class='ocrx_word' id='word_1_251' title='bbox 392 4001 457 4083; x_wconf 81' lang='lat' dir='ltr'><strong>poi</strong></span> <span class='ocrx_word' id='word_1_252' title='bbox 477 3997 717 4063; x_wconf 88' lang='lat' dir='ltr'><strong>doctissime.</strong></span> <span class='ocrx_word' id='word_1_253' title='bbox 757 3995 848 4062; x_wconf 28' lang='lat' dir='ltr'><strong>,Nam</strong></span> <span class='ocrx_word' id='word_1_254' title='bbox 864 3993 1037 4060; x_wconf 88' lang='lat' dir='ltr'><strong>eruditus</strong></span> <span class='ocrx_word' id='word_1_255' title='bbox 1058 3992 1164 4059; x_wconf 83' lang='lat' dir='ltr'><strong>iuxta</strong></span> <span class='ocrx_word' id='word_1_256' title='bbox 1185 4009 1230 4060; x_wconf 89' lang='lat' dir='ltr'><strong>ao</strong></span> <span class='ocrx_word' id='word_1_257' title='bbox 1250 4007 1322 4074; x_wconf 87' lang='lat' dir='ltr'><strong>per·</strong></span> 
     </span>
     <span class='ocr_line' id='line_1_36' title="bbox 254 4081 1320 4188; baseline -0.008 -19"><span class='ocrx_word' id='word_1_258' title='bbox 254 4121 337 4169; x_wconf 87' lang='lat' dir='ltr'><strong>souee</strong></span> <span class='ocrx_word' id='word_1_259' title='bbox 372 4103 643 4188; x_wconf 85' lang='lat' dir='ltr'><strong>significationem,</strong></span> <span class='ocrx_word' id='word_1_260' title='bbox 684 4081 814 4186; x_wconf 58' lang='lat' dir='ltr'><strong>quiscum</strong></span> <span class='ocrx_word' id='word_1_261' title='bbox 847 4100 1036 4184; x_wconf 79' lang='lat' dir='ltr'><strong>comparatio</strong></span> <span class='ocrx_word' id='word_1_262' title='bbox 1070 4099 1134 4174; x_wconf 85' lang='lat' dir='ltr'><strong>det,</strong></span> <span class='ocrx_word' id='word_1_263' title='bbox 1167 4092 1320 4181; x_wconf 62' lang='lat' dir='ltr'><strong>postulem</strong></span> 
     </span>
    </p>
   </div>
   <div class='ocr_carea' id='block_1_7' title="bbox 0 0 1516 4634">
    <p class='ocr_par' dir='ltr' id='par_1_11' title="bbox 0 0 1516 4634">
     <span class='ocr_line' id='line_1_37' title="bbox 0 0 1516 4634; baseline 0 0"><span class='ocrx_word' id='word_1_264' title='bbox 0 0 1516 4634; x_wconf 95' lang='lat' dir='ltr'><strong> </strong></span> 
     </span>
    </p>
   </div>
  </div>
 </body>
</html>
