2970 4648
22 3841 25 3922 l

232 327 242 348 a
300 284 362 349 394
644 281 704 338 Lib.
715 281 792 338 v111.
811 279 876 350 erp.
894 279 934 336 11.

256 483 352 548 riam
382 498 492 565 quam
527 481 677 548 ulcisci.
724 479 827 546 Facile
850 479 907 544 boc
933 476 965 542 in
994 473 1144 540 vocalium
1171 488 1319 538 concursu
1461 500 1462 504 =

258 586 345 652 nasci
366 588 488 670 poterat
509 606 546 652 ex
561 588 644 653 recto
665 583 1009 652 sanore‘iniuriam
1032 597 1142 666 qnam
1163 575 1317 644 ulcisci.

195 739 202 751 .
259 690 305 766 (ll.
327 689 384 768 30,
405 690 443 768 2,
470 691 524 756 ubi
552 692 666 758 editur:
698 691 796 775 quod
818 689 966 757 minora
986 687 1098 754 nobis
1118 682 1319 768 praestite-

258 797 341 863 rint
386 815 494 880 quam
540 799 671 864 mente
713 798 962 880 concepimus
1018 806 1205 878 quamque
1246 785 1320 852 alii

258 902 451 980 tulerint,
483 905 610 986 apparet
640 905 696 970 ant
727 902 1028 985 conceperimus
1060 899 1115 965 aut
1146 891 1321 960 tulerunt

259 1007 453 1076 scribendum
477 1027 554 1074 esse.
595 1010 664 1076 Hoc
686 1009 809 1076 facilius
829 1009 876 1085 fit,
898 1010 929 1074 et
949 1005 1132 1074 indicativus
1147 999 1320 1068 detenditur

259 1115 381 1180 Senecae
405 1132 477 1190 usu;
502 1115 564 1180 vid.
586 1115 626 1180 ad
648 1115 681 1180 ΙΙ
702 1113 740 1180 de
762 1114 852 1182 olem.
875 1114 905 1192 b,
927 1113 974 1198 3.)

358 1220 424 1286 Ibd.
458 1220 509 1299 34,
544 1222 577 1286 1:
621 1219 718 1286 (ledo
750 1239 866 1298 nnnc,
901 1234 1136 1302 persequere
1172 1214 1319 1288 cetera,

259 1325 384 1404 cibos,
416 1326 609 1409 potiones,
641 1327 855 1410 horumque
885 1343 1001 1390 causa
1033 1322 1207 1406 paratam
1237 1335 1337 1384 am·.

258 1432 464 1507 bitionem,
500 1432 731 1512 munditias,
768 1434 903 1510 verba,
946 1427 1220 1504 contumelias,
1264 1425 1321 1488 cet

257 1538 398 1604 Ridicule
419 1537 547 1604 ambitio
569 1539 678 1622 parata
697 1539 832 1604 ciborum
854 1538 1075 1620 potionumque
1097 1530 1321 1604 musadieiouq

258 1644 440 1728 omninoque
478 1646 601 1728 parata;
637 1645 705 1710 tum
738 1644 831 1710 nimis
867 1644 947 1710 nude
985 1641 1165 1724 infinitoque
1200 1637 1232 1702 in
1265 1635 1321 1700 bae

258 1751 486 1816 enumeratione
530 1750 685 1833 ponuntur
736 1749 907 1818 munditia.
966 1747 1063 1816 Scrib.
1112 1747 1322 1825 horumque

259 1875 377 1922 causa
411 1865 579 1939 paratas
614 1859 653 1918 io
692 1857 943 1923 ambitionem
982 1852 1210 1921 munditias.
1268 1847 1322 1929 (In

259 1960 511 2026 ambitionem
560 1961 623 2027 iam
676 1962 856 2040 Rubenius.)
916 1961 1013 2028 Paulo
1059 1959 1131 2043 post
1172 1954 1217 2034 (2)
1258 1953 1322 2018 iure

258 2066 391 2131 baeretur
432 2066 465 2134 in
507 2067 569 2133 bis:
621 2067 783 2134 Auferre
827 2069 887 2134 bic
928 2067 1023 2132 mibi
1064 2061 1323 2130 hereditatem

259 2172 399 2249 soluit;
434 2173 495 2238 hie
526 2192 583 2238 mc
610 2173 673 2239 diu
700 2173 737 2237 in
767 2191 874 2255 spem
901 2189 1113 2255 supremam
1143 2167 1323 2252 captatus

260 2276 492 2344 criminatus
524 2281 592 2346 est.
645 2279 759 2364 Agitur
779 2280 867 2374 ⁴enim
898 2279 936 2344 de
962 2276 1072 2344 iniuria
1097 2294 1157 2342 non
1184 2275 1223 2340 ab
1259 2272 1323 2356 ipso

259 2379 383 2466 captato
414 2382 497 2450 facta
530 2385 569 2465 (is
592 2386 673 2452 enim
705 2386 737 2450 in
770 2385 837 2470 ipso
868 2385 941 2452 uitae
963 2383 1047 2450 exitu
1068 2400 1123 2465 spe
1145 2377 1324 2462 decipienda
1463 2375 1464 2378 ’

258 2488 415 2566 laedebat),
447 2490 503 2556 sed
534 2491 574 2556 ab
604 2491 687 2569 aliis,
721 2491 774 2575 qui
805 2491 953 2569 captatori
981 2488 1167 2555 obstiterunt
1188 2487 1222 2554 et
1243 2484 1323 2550 artes
1463 2529 1464 2580 q

259 2595 324 2661 eius
356 2595 590 2679 impediverunt
645 2597 687 2662 llt
718 2597 791 2682 quid
822 2599 878 2664 aut
907 2596 988 2680 apud
1018 2613 1110 2679 quem
1143 2591 1322 2658 criminatus

259 2702 328 2766 esti
369 2701 439 2768 Une
459 2701 566 2768 littora
586 2704 708 2768 memte
728 2721 793 2768 rem
816 2704 978 2770 restituet:
1011 2701 1073 2766 hio
1105 2717 1163 2764 me
1190 2697 1259 2762 diu
1284 2695 1323 2760 in

259 2797 361 2890 spem
389 2825 599 2891 supremam
634 2813 805 2894 capecelo
829 2809 1059 2875 criminatus
1081 2807 1154 2880 est,
1186 2803 1245 2868 hoc
1266 2802 1322 2878 est,

259 2911 340 2994 apud
363 2929 426 2990 eos,
449 2932 526 2996 quos
547 2913 599 2978 diu
620 2915 653 2980 in
675 2933 762 2998 sporn
783 2933 959 2998 supremam
981 2914 1187 2996 septenorum,
1225 2913 1258 2978 et
1278 2909 1322 2975 sie

258 3015 338 3084 mibi
370 3019 549 3113 testaumti
574 3019 677 3084 locum
712 3021 832 3104 eripuit
885 3021 967 3086 Nam
1003 3019 1163 3082 criminari
1190 3015 1322 3102 aliquem

259 3121 355 3184 adeas·
386 3141 440 3205 pro
466 3141 517 3202 eo,
553 3124 633 3208 quod
659 3128 723 3202 est,
754 3127 840 3212 opud
866 3125 1014 3212 aliquem,
1041 3123 1197 3199 Terentii,
1228 3119 1323 3188 Plinii

258 3227 402 3304 minoris,
446 3228 584 3296 Suetonii
624 3231 806 3298 auctoritate
851 3233 949 3298 lorica
994 3229 1192 3306 confirmant;
1253 3225 1324 3292 addi

259 3336 364 3416 potest
388 3332 460 3402 dial.
486 3334 525 3400 de
550 3337 625 3402 orat.
651 3336 702 3400 42.
745 3337 842 3404 Video
868 3339 932 3404 iam
958 3337 1099 3404 Rubenio
1126 3335 1158 3402 in
1186 3335 1324 3400 mentem

259 3439 379 3504 uenisse
401 3440 603 3525 captato1)

259 3620 459 3636 04*—

281 3809 302 3879 ¹)
334 3809 398 3880 Cap.
417 3812 459 3875 33,
478 3813 495 3868 3
513 3813 585 3866 recte
603 3810 702 3866 dicitur
727 3811 891 3866 manibus
914 3810 953 3866 ad
977 3807 1246 3879 computandum
1275 3805 1325 3874 (sio

329 3905 402 3958 recte
420 3901 565 3958 Pincianus
583 3904 684 3974 aliique
707 3920 755 3974 pro
782 3903 1056 3974 comparandum)
1078 3917 1144 3956 non
1173 3899 1324 3964 relictis,

331 3996 395 4066 quia
411 3997 535 4054 arthritis
552 4001 655 4053 motum
674 3997 822 4068 digitorum
840 3995 966 4052 abrtnlit.
