2970 4648
536 263 566 318 Ia
584 263 684 320 Seuere
701 263 735 322 de
752 263 824 322 brer.
843 265 915 322 rita.
1149 267 1211 334 397

191 461 251 527 ait
271 459 498 540 iniustam),
530 460 653 528 videtur
674 463 828 530 subosser·
854 464 978 528 utorio
999 485 1076 530 eam
1097 467 1252 535 anima-

188 567 298 634 libus
320 568 477 633 tantum
499 566 558 634 oet.

289 672 356 738 lbd.
389 671 423 746 2,
457 671 495 737 2:
538 672 691 739 Multos
734 677 803 742 aut
845 675 1074 746 adfectatio
1107 679 1250 745 aliena

188 778 360 844 fortunae
396 778 465 844 aut
499 797 577 846 suae
608 797 683 863 qua
716 777 906 847 detinuit.
960 781 1011 848 sio
1041 783 1080 850 A.
1122 783 1251 851 Subest:
1328 829 1330 836 ψ

189 886 257 950 aut
279 903 356 950 suae
378 883 532 969 porreta
553 883 743 952 detinuit.
786 883 807 972 ξ
831 883 851 948 3
873 885 1009 952 audieus:
1047 887 1251 972 Urgentes

188 991 463 1057 circumstant
484 991 606 1067 vitia;
627 989 818 1075 significant:
847 989 1001 1074 Urgent
1023 1001 1057 1056 et
1077 994 1252 1061 eireum-

188 1099 304 1164 stant
324 1117 352 1163 u.
395 1097 476 1163 Tum
497 1097 530 1162 in
551 1095 583 1162 A
604 1096 668 1162 est:
698 1094 946 1173 fluctuatur,
978 1115 1050 1164 ueo
1079 1117 1251 1183 unquam

187 1203 279 1270 illis
310 1221 329 1268 a
356 1201 661 1286 cupiditatibus
690 1200 753 1268 vis
774 1203 901 1268 otium
922 1203 1251 1294 istuldoribeudum

187 1309 314 1374 otium
349 1318 424 1372 atat
446 1314 515 1387 (nou
536 1307 692 1390 instat),
725 1305 758 1373 id
779 1311 844 1387 ose,
874 1309 1075 1394 tranquillum
1097 1311 1129 1376 et
1148 1312 1253 1378 tutum

188 1414 251 1492 est,
272 1412 409 1498 imagine
429 1413 524 1480 maris
546 1413 740 1490 eontiuuatar
763 1415 866 1480 eetera
886 1417 969 1482 reeta
990 1417 1124 1482 Haasius
1146 1435 1252 1484 emen·

188 1519 283 1586 davit.
326 1519 519 1604 §tiuhan
546 1518 715 1587 sententiar
758 1519 879 1598 Quam
912 1521 1130 1588 multorum
1166 1522 1252 1588 elo·

188 1625 357 1710 quentia
397 1623 603 1692 cotidiano
646 1625 884 1692 ostentandi
921 1627 1082 1710 ingenii
1112 1629 1252 1711 spatio

188 1731 429 1816 sanguinem
451 1732 611 1798 adunit?
633 1749 739 1797 verum
754 1732 1108 1816 essenequitspatio‚
1131 1735 1252 1818 opinor·

188 1857 248 1923 que
261 1838 445 1905 dubitanter
467 1837 662 1904 scribendum
683 1855 750 1904 esse
771 1837 949 1903 servitio.
1003 1840 1158 1916 (Proxime
1179 1839 1251 1906 ante

187 1945 271 2010 reete
292 1943 458 2011 Gruterus:
481 1942 597 2010 bonis
618 1942 702 2008 suis
725 1944 993 2025 suffocantur,
1015 1945 1136 2012 sublato
1157 1945 1248 2012 verbo

187 2049 351 2130 inusitat03
375 2070 459 2118 error
479 2050 572 2133 eoepit
591 2068 611 2115 a
632 2049 1023 2130 suisuffooantur).²)
1347 2136 1349 2139 ι

288 2157 355 2224 Ibd.
389 2158 427 2230 7,
459 2155 496 2222 6:
537 2154 616 2222 Neu
649 2155 728 2231 est,
758 2156 862 2239 quod
893 2157 1012 2240 putes
1040 2157 1134 2224 hino
1155 2157 1252 2226 illos

190 2262 411 2346 aliquando
431 2262 675 2346 intelligere
708 2261 891 2328 damnum
919 2281 1041 2329 suum.
1084 2265 1250 2332 Addebaut

189 2367 360 2450 superiores
384 2387 458 2434 non
477 2367 631 2434 sententia
650 2369 777 2451 oogoneo
800 2367 869 2448 (ofr.
892 2367 920 2443 8,
950 2367 995 2449 4),
1017 2387 1076 2436 nou
1098 2373 1252 2455 aptoloeo

189 2479 277 2551 (nou
307 2471 581 2558 intelligere);
617 2491 690 2538 nam
717 2475 787 2540 ante
818 2473 1040 2558 aliquando
1073 2475 1145 2541 int.
1181 2477 1254 2558 poni

188 2579 329 2645 debebat.
365 2577 426 2644 Sed
447 2579 555 2646 vitiose
576 2579 714 2644 abundat
734 2579 838 2647 bine.
880 2579 1004 2655 Fuerat,
1026 2579 1149 2663 opinor:
1171 2581 1251 2648 Nee

189 2686 270 2763 est,
294 2684 396 2769 quod
426 2687 649 2768 putes-non
674 2685 790 2765 illos,
823 2683 883 2750 etsi
914 2685 1116 2752 mutationem
1144 2686 1249 2752 miror.

186 2791 330 2856 Eudemo
352 2790 451 2874 eapite
472 2790 505 2856 iu
530 2790 559 2855 Α
580 2789 708 2876 aliisque
730 2789 890 2858 scribitur:
922 2787 1247 2875 quemadmodum

185 2897 424 2965 satureiam
457 2897 496 2962 et
526 2895 643 2980 pleno
676 2895 783 2976 (adiici
811 2897 927 2980 potest)
957 2895 1117 2979 aliquid
1147 2896 1245 2976 eibi,

184 3153 385 3166 fian—...nna-

213 3340 235 3406 1)
254 3337 375 3394 Tedium
401 3335 539 3392 interdum
564 3351 607 3390 me
632 3334 718 3390 totius
741 3335 780 3390 rei
804 3335 876 3406 uapit
897 3350 952 3390 non
978 3333 1067 3388 solum
1087 3332 1122 3388 ob
1140 3332 1245 3403 exigui·

254 3434 340 3488 tatem
357 3431 443 3502 ipsius
467 3445 567 3500 operae,
597 3427 644 3484 sed
670 3427 802 3484 utilitatis
825 3427 1023 3498 desperatione,
1050 3442 1111 3482 oum
1134 3425 1246 3482 videam

254 3523 453 3593 emendationes
471 3523 570 3594 partim
587 3520 744 3588 facillimas,
771 3520 871 3592 purtim
889 3518 1132 3592 ingeniosissimos,
1159 3521 1246 3574 aedas

253 3621 387 3688 utrasque,
406 3616 511 3689 negligi
529 3617 578 3671 aut
595 3614 664 3681 eiiei,
683 3616 716 3669 nt
730 3614 774 3669 hie
791 3616 817 3679 4,
836 3615 853 3668 6
871 3611 1010 3668 Gronorii:
1030 3612 1124 3667 velut
1140 3627 1248 3682 grava

252 3710 363 3765 multo
389 3707 557 3778 sanguine
580 3722 707 3777 eorpus
737 3706 838 3776 parte
862 3721 992 3776 semper
1015 3704 1133 3774 aliqua
1154 3719 1243 3758 rum.-

251 3802 400 3874 pebatur
418 3801 523 3872 (vulger
542 3801 661 3872 partes
680 3814 810 3869 semper
833 3797 961 3868 aliquae
984 3795 1245 3867 rumpebantur,

252 3895 300 3951 sed
317 3894 342 3949 Α
360 3897 375 3952 1
395 3895 530 3964 aliqum
549 3907 622 3948 error
639 3887 670 3946 ax
686 3891 823 3960 geminato
840 3893 878 3959 s,·)
903 3893 931 3945 et
948 3889 1074 3954 Rubauii‚
1094 3888 1240 3944 Paulus·

251 4003 314 4058 que
342 4003 390 4058 pro
417 3987 563 4058 plusque
594 3983 779 4050 restituentis,
809 3983 919 4040 iubente
943 3983 1088 4048 sententia,
1114 3980 1240 4047 oratione,

250 4081 375 4141 historia.
