3018 4634
578 1595 708 1670 Liber
735 1597 844 1672 VIII.

636 1773 725 1860 ¹Cep.
753 1779 777 1842 l.

399 1895 519 1984 venen
537 1927 705 1984 rtemann.
741 1928 866 1984 veronus
884 1929 1026 1986 nieman.

279 2067 430 2148 Quoniam
451 2067 586 2146 Livium,
618 2085 710 2152 quem
742 2068 844 2133 tetum
874 2069 1024 2144 recensui,
1056 2069 1105 2134 bie
1134 2088 1257 2152 sepono·

178 2177 211 2240 et
232 2175 352 2254 emitte,
375 2192 394 2240 e
415 2173 569 2256 Ciceronis
600 2176 632 2238 et
654 2172 783 2240 Caesnrie
815 2175 1005 2259 temporibus
1028 2175 1116 2241 venie
1139 2176 1246 2248 statim

178 2279 218 2347 ad
260 2280 431 2347 Tiberiane
471 2280 572 2346 aetetie
615 2280 646 2343 et
682 2280 827 2362 prorimae
863 2280 1035 2348 subsecutae
1069 2281 1243 2364 scriptores.
1297 2364 1301 2373 Ι

177 2385 259 2450 Nam
295 2405 332 2451 ne
367 2386 395 2451 ie
421 2384 547 2469 quidem
579 2385 629 2449 hie
650 2384 752 2450 locum
783 2385 882 2476 nilum
912 2385 1048 2466 habebit,
1082 2387 1143 2470 qni,
1174 2405 1244 2452 eum

178 2491 327 2556 mei0rem
350 2491 421 2557 vitae
454 2491 575 2573 partem
610 2490 780 2575 imperante
802 2492 944 2576 Anguste
967 2491 1092 2576 egieret,
1125 2492 1256 2557 'liberie

179 2596 318 2680 principe
340 2595 483 2678 seripsit,
515 2595 560 2662 Μ.
583 2593 710 2672 Seneca,
743 2595 823 2678 qued
845 2596 968 2675 emnia,
1003 2615 1070 2681 quae
1101 2595 1142 2662 ed
1174 2614 1246 2663 eum

180 2703 325 2768 annotate
346 2701 508 2776 habebam,
533 2702 689 2786 superiore
711 2720 791 2767 enno
813 2702 851 2764 A.
876 2701 1064 2786 Kiesslingio
1087 2701 1152 2768 eine
1174 2701 1254 2766 reli--

178 2807 321 2890 qniarum
343 2806 510 2873 editionem
532 2808 653 2890 parenti
674 2808 806 2873 libenter
837 2806 954 2872 bomini
987 2806 1074 2872 docte
1108 2809 1140 2872 et
1173 2827 1246 2891 pru-

179 2913 264 2979 denti
294 2912 409 2980 ntende
442 2913 579 2980 eoneeesi
614 2915 646 2978 et
679 2914 735 2978 hee
764 2913 907 2978 volumen
933 2930 993 3010 nen
1022 2912 1129 2998 exigno
1157 2932 1253 2979 onere

178 3019 286 3084 levavi.

279 3123 395 3191 Velleii
418 3123 584 3190 Patereuli
607 3124 743 3190 bieteriae
765 3124 913 3190 Remenae
939 3141 1031 3207 quem
1054 3125 1096 3190 sit
1118 3127 1150 3188 et
1171 3125 1254 3190 sim·-

179 3229 249 3311 pler
259 3229 499 3295 instrumentum
523 3229 663 3295 criticum
686 3229 718 3295 et
738 3231 840 3307 tenne,
864 3248 970 3296 omnes
993 3233 1115 3310 nerunt,
1138 3249 1248 3313 quem·
1325 3295 1328 3300 Α

181 3353 240 3418 que
276 3336 365 3420 egeat
387 3336 567 3400 coniectnrae
590 3353 655 3418 epe.
710 3335 787 3400 Eam
821 3335 850 3400 ei
879 3335 911 3400 et
937 3335 1144 3428 superioribus
1167 3338 1254 3400 tenr-

180 3441 306 3524 peribue
340 3440 433 3506 multi
465 3439 543 3508 ferre
576 3439 760 3506 studuerunt
791 3443 823 3506 et
844 3459 950 3523 nuper.
993 3439 1074 3504 Mihi
1109 3444 1141 3506 et
1174 3441 1249 3506 elim

63 3577 65 3582 ·
180 3545 336 3614 Velleium
357 3547 473 3632 legenti
495 3546 534 3612 ed
559 3565 685 3612 manum
717 3545 840 3610 fuerunt
862 3546 895 3610 et
915 3563 995 3610 nune
1017 3543 1082 3610 haee
1102 3547 1249 3612 scribenti

182 3655 295 3738 praeste
316 3656 388 3719 runt
409 3653 604 3728 Ruhnkenii,
627 3653 755 3732 Kritnii,
777 3650 886 3716 Haesii
908 3648 1071 3729 editioner;
1106 3652 1159 3736 qni
1181 3654 1251 3736 pest

182 3759 312 3825 alteram
342 3757 451 3824 Heeeii
484 3757 652 3825 editIonem
678 3757 858 3840 prodierunt
885 3755 983 3822 libelli
1020 3755 1060 3821 ed
1094 3757 1248 3823 Velleinm

181 3862 384 3946 pertinentes,
417 3881 467 3929 eoe
490 3863 582 3929 antee
606 3881 667 3928 nen
693 3863 816 3948 paretes
843 3880 925 3926 nune
946 3863 1122 3945 eenqnirere
1150 3862 1247 3928 otium

183 3986 243 4033 non
265 3972 328 4046 eet3
350 3968 455 4051 iteqne
476 3968 598 4034 veniam
620 3971 708 4053 pete,
743 3969 771 4035 si
792 3965 866 4052 qnid
886 3966 1001 4031 ineeius
1026 3967 1065 4033 eb
1087 3967 1148 4033 alib
1169 3985 1251 4050 pree-

183 4076 306 4156 eeptum
328 4091 470 4158 posuero,
501 4073 584 4158 qued
604 4074 682 4139 mihi
712 4074 745 4139 in
774 4073 875 4156 priore
907 4071 1064 4139 volumine
1094 4091 1125 4156 p.
1151 4070 1190 4134 18
1212 4071 1252 4137 de
