2938 4630
272 224 314 286 40
630 224 691 279 Lib.
708 225 756 282 VI.
774 225 839 294 Cap.
854 225 892 280 IL

329 424 385 498 IX,
406 423 467 486 386
489 441 569 506 sqq:

363 529 456 594 Nisus
478 529 558 604 abit;
578 528 701 612 iamque
722 527 900 609 imprudens
922 531 1061 594 eraserat
1081 530 1180 598 hostis

362 637 452 719 atque
471 636 564 712 locos,
588 634 640 718 qui
661 637 730 716 post
750 635 840 700 Albae
862 635 901 698 de
920 635 1047 700 ucmiuc
1070 634 1145 702 dicti

361 741 476 806 Albani
497 747 574 820 (tum
595 760 648 804 rex
668 741 792 806 stabula
812 741 878 806 altu
897 740 1027 806 Latinus
1048 740 1211 820 habebotlr

361 848 396 908 ut
417 847 505 912 stetit
526 848 558 912 et
577 846 692 910 frustra
712 845 874 911 absentem
894 847 1029 928 respexit
1050 848 1206 914 amicum:

361 952 493 1036 Euryale
515 952 629 1024 infelix,
650 952 724 1014 oet.

329 1057 418 1120 Hunc
448 1057 567 1130 locum,
608 1075 699 1138 quem
734 1057 921 1121 Ribbeckius
934 1057 1114 1122 *infeliciter
1145 1058 1293 1122 4444444414

230 1161 409 1251 (prolegom.
432 1183 460 1244 p.
484 1162 533 1235 81,
565 1161 602 1225 de
625 1163 720 1226 muris
741 1163 773 1226 in
796 1183 823 1226 r.
847 1161 907 1224 371
931 1163 1069 1244 grsritm
1089 1167 1206 1238 errans)
1234 1182 1289 1231 nec

229 1270 398 1336 Laderious
419 1266 566 1336 mutando
587 1267 714 1339 adiuvit,
736 1269 814 1332 scita
828 1267 1043 1332 emendatione
1058 1267 1105 1332 Cl.
1121 1267 1289 1344 (iscrtzius,

229 1374 348 1439 auditor
367 1393 466 1450 meur,
489 1373 651 1456 expedivit.
689 1373 796 1441 Omnis
821 1375 902 1438 euim
926 1392 975 1436 res
995 1372 1095 1436 adhuc
1116 1376 1205 1456 gesta
1225 1377 1291 1440 erat

229 1481 268 1544 ad
302 1482 404 1546 castra
431 1479 616 1544 Rutulorum
652 1498 745 1561 prope
780 1499 864 1545 mare
895 1479 987 1561 louge
1018 1479 1057 1542 ab
1089 1479 1211 1544 Albana
1242 1497 1291 1542 re·

129 1651 130 1656 ,
228 1586 330 1668 gione;
351 1585 455 1672 itaque
478 1603 546 1648 eam
570 1585 699 1648 evadere
720 1585 824 1660 Nisus,
846 1585 905 1650 hoc
928 1587 986 1660 est,
1009 1603 1044 1648 er
1063 1601 1100 1646 ea
1120 1583 1205 1648 abire
1228 1601 1289 1648 uon

228 1691 337 1774 potuit.
386 1691 466 1754 Tum
488 1694 519 1754 et
540 1709 588 1754 res
610 1692 678 1773 ipsa
699 1690 834 1754 ostendit
854 1690 954 1757 locum
977 1709 995 1754 a
1020 1690 1169 1772 superiori
1190 1689 1291 1754 direr-

229 1817 298 1862 sum
325 1796 510 1880 significari,
546 1795 577 1860 in
612 1814 704 1878 quem
736 1794 879 1878 fugiendo
904 1798 1092 1878 pervenerit,
1122 1799 1154 1860 et
1184 1795 1292 1860 additu

228 1903 362 1967 nominis
386 1901 516 1984 diligens
538 1901 656 1964 notatio
685 1901 877 1983 apertissime
900 1901 958 1966 boc
979 1901 1148 1968 coufirmat.
1184 1902 1293 1984 Itaque

228 2028 289 2074 una
309 2008 415 2072 littera
437 2001 558 2068 mutila
579 2006 644 2069 haec
665 2007 800 2071 nascitur
823 2027 897 2072 vera
917 2007 1082 2090 scriptura:

361 2114 456 2178 Nisus
478 2112 556 2186 abit;
579 2111 700 2194 iamque
721 2112 900 2196 imprudens
922 2117 1063 2178 evaserat
1084 2113 1202 2188 hostes,
1246 2151 1249 2160 ,

364 2221 455 2302 atque
479 2216 559 2290 14414,
583 2219 635 2300 qui
656 2220 728 2300 post
747 2219 836 2283 Albae
858 2217 1040 2284 denomino
1062 2218 1138 2283 dicti

362 2323 476 2386 Albani
500 2325 579 2400 (tum
601 2344 654 2388 rer
675 2325 796 2390 stabula
818 2324 882 2388 alta
895 2324 1031 2396 ,1441444
1052 2323 1211 2402 habebat),

362 2430 398 2492 ut
419 2429 507 2494 stetit
528 2432 560 2492 et
580 2429 695 2494 frustra
715 2431 873 2496 absentem
895 2430 1028 2512 respexit
1048 2429 1202 2500 amicumr

361 2533 492 2618 Euryale
513 2535 628 2610 infelix,
652 2538 725 2602 cett.

328 2638 467 2720 Apparet
486 2642 678 2726 negligenter
698 2639 829 2724 legendo
846 2639 918 2702 locis
939 2639 1204 2706 accommodatum
1225 2655 1294 2703 esse

228 2743 267 2808 ad
289 2743 391 2810 borres.
436 2747 484 2810 De
506 2747 617 2832 iuquit,
642 2746 722 2830 quod
744 2745 890 2830 apodosin
912 2746 1003 2822 facit,
1032 2745 1144 2810 omisso
1175 2743 1229 2808 cir.
1252 2741 1293 2816 X,

228 2851 301 2929 441,
323 2851 389 2915 Lir.
412 2852 560 2932 XXVIII,
584 2852 635 2926 40,
658 2851 677 2914 3
699 2853 730 2916 et
751 2852 796 2916 ibi
810 2851 983 2916 Weisseub.

165 2943 173 2958 ⁸
328 2955 368 3031 X,
393 2956 450 3018 185
464 2976 529 3040 sqq.
552 2957 611 3020 Hic
623 2958 719 3033 locus,
739 2956 917 3020 incredibile
929 2958 986 3034 est,
1006 2957 1153 3040 quantum
1169 2971 1293 3020 suama-

228 3061 310 3126 tores
332 3062 463 3146 urserit,
486 3081 544 3128 uec
564 3063 738 3138 immerit03
774 3063 822 3126 est
843 3063 935 3140 euim,
967 3065 1002 3128 ut
1021 3061 1176 3137 scribitur,
1202 3059 1290 3122 iucr-

228 3166 400 3248 plicabilis,
434 3167 488 3232 scd
523 3168 730 3234 certissimam
765 3167 875 3250 recipit
906 3167 1151 3234 emendationem
1187 3158 1292 3230 mendi

228 3273 444 3354 antiquissimi.
486 3273 683 3338 Enumeratis
706 3273 848 3355 quattuor
869 3273 1006 3350 ducibus,
1033 3274 1177 3355 quicum
1199 3266 1292 3349 copiis

228 3376 360 3442 AEneam
396 3379 475 3443 mari
515 3397 550 3442 er
582 3378 705 3442 Etruria
736 3377 915 3448 redeuutem
953 3379 1052 3444 secuti
1084 3377 1159 3452 sint,
1191 3371 1293 3457 pergit

229 3484 272 3548 sic
292 3486 399 3566 poeta:
927 3565 931 3572 Ι

328 3589 397 3653 Nou
420 3608 475 3670 ego
497 3590 539 3666 te,
561 3589 708 3672 ligurum
728 3590 834 3656 ductor
854 3590 1020 3656 fortissime
1042 3587 1136 3662 bello,

328 3695 514 3771 transierim,
537 3694 690 3778 cirpea)
712 3698 744 3761 ct
764 3697 868 3778 paucis
890 3695 1036 3760 comitate
1058 3691 1191 3774 Cuparo,

330 3801 414 3864 cuius
437 3799 558 3865 olorinae
580 3802 709 3886 surgunt
731 3800 768 3864 de
793 3802 906 3866 4444444
927 3801 1038 3882 pinnae,

260 3970 283 4035 ¹)
302 3966 411 4022 Codices
439 3967 478 4021 sio
503 3967 631 4036 scriptum
661 3967 773 4022 habent:
814 3971 888 4020 ciuirc
913 3965 1044 4021 voles
1070 3965 1179 4030 (Cicirrus
1203 3960 1291 4016 nomi·

298 4061 390 4114 444144
407 4077 469 4115 casu
486 4061 637 4129 appellatur
654 4060 771 4114 Macrob.
791 4059 847 4114 sit.
866 4059 897 4124 V,
927 4060 969 4122 15,
1000 4059 1042 4122 5),
1066 4060 1146 4109 eima
1163 4058 1200 4110 cl
1220 4055 1249 4108 ct
1264 4073 1290 4122 p,

300 4155 387 4220 cinyroe
405 4154 440 4218 M,
460 4156 540 4204 cicera
557 4153 588 4218 P,
607 4173 715 4206 oumarre
733 4153 770 4217 R;
788 4151 859 4222 apud
879 4151 999 4206 Servium
1018 4169 1106 4204 conare
1125 4148 1175 4202 est.
