2924 4660
532 315 619 369 Taciti
637 314 774 396 Historia.
1080 314 1141 376 559

118 517 271 600 fungatur.
327 514 443 579 Deinde
476 532 529 600 pro
561 511 825 594 increpatium
853 512 924 576 inde
947 531 965 576 a
986 515 1092 595 primis
1115 515 1182 579 edi·
1238 499 1243 508 ¹

122 623 255 686 tionibus
290 621 433 686 scribitur
477 620 765 701 increpantem,
809 619 933 683 turbata
973 613 1182 685 membrorum

120 727 341 805 concinnitate,
374 745 441 808 quae
469 725 660 790 restituenda
681 725 725 788 sic
756 724 819 787 est:
851 724 1020 789 facilius
1054 725 1183 807 perla-

117 836 228 897 turos
271 822 428 916 singula
473 819 721 913 increpantis
762 850 885 892 ccccm
928 850 1037 913 quam
1079 851 1182 896 nunc

121 940 323 1003 silentium
349 937 568 1020 perferrent
589 936 716 1001 omnia
740 935 979 1026 damnantis.

216 1105 430 1170 Historiarum
463 1102 530 1167 Lib.
564 1103 579 1166 l
612 1121 637 1166 c.
671 1102 690 1162 ‘2
732 1102 764 1164 in
798 1101 899 1166 codice
937 1099 1078 1169 Mediceo
1108 1108 1179 1186 est:

116 1211 216 1293 Opus
256 1207 464 1295 aggredior
500 1209 633 1290 opibus
662 1206 835 1282 casibus,
872 1211 983 1272 atrox
1012 1208 1180 1289 proeliis

116 1317 268 1381 discors
305 1314 584 1388 seditionibus,
628 1314 711 1395 ipsa
745 1315 985 1396 etiampace
1027 1335 1180 1380 saevum.

85 1503 87 1506 Ι
115 1425 224 1487 Editur
257 1442 273 1485 e
305 1421 461 1511 codicibus
493 1419 687 1501 interpolatis
725 1420 888 1502 opimum
923 1422 1094 1498 casibus;
1128 1423 1181 1487 sed

108 1547 213 1612 neque
246 1531 365 1610 opimos
396 1527 441 1591 sic
463 1525 645 1610 simpliciter
667 1524 704 1588 de
727 1509 812 1608 copia
833 1526 954 1600 dicitur,
985 1547 1083 1610 neque
1106 1529 1135 1594 b.
1158 1531 1178 1594 l.

117 1653 276 1699 commune
299 1633 499 1706 adiectivum,
537 1633 575 1694 ad
610 1649 646 1696 ea
668 1631 772 1704 etiam,
805 1637 1073 1715 quemquamne
1107 1637 1181 1700 sub.

116 1726 250 1804 stantiva
271 1742 388 1821 aptum,
420 1738 493 1819 poni
518 1739 626 1818 potuit,
663 1737 717 1800 sed
750 1738 831 1820 quod
863 1741 1086 1820 proprietatem
1110 1760 1178 1804 cum

117 1847 236 1910 casibus
268 1844 461 1908 coniunctam
492 1829 696 1926 significaret,
736 1847 769 1906 ut
797 1853 888 1906 coroa
920 1845 950 1908 et
978 1847 1101 1912 discors.
1144 1848 1179 1910 ld

117 1952 191 2014 erit:
235 1950 336 2032 Opus
367 1949 591 2032 aggredior
629 1947 813 2030 rapidum
849 1951 1008 2015 casibus
1042 1953 1093 2028 (de
1130 1973 1180 2018 oe·

117 2059 173 2120 leri
197 2060 228 2122 et
269 2057 475 2135 inexspectato
519 2060 629 2132 cursu).
682 2053 797 2118 Noouit
829 2077 846 2114 r·
888 2057 984 2121 semel
1029 2059 1177 2138 scriptum

116 2163 306 2243 tapidum).
361 2160 533 2244 [Ernestius
557 2159 777 2233 horridum,
800 2162 943 2226 similiter
966 2162 1177 2247 ratiocinans]

215 2268 280 2331 lbd.
314 2267 333 2329 3
357 2268 398 2343 (in
424 2267 651 2331 enumeratione
681 2268 828 2330 bonorum
853 2271 1076 2350 exemplorum.
1110 2288 1176 2351 quae

114 2374 171 2436 boc
193 2391 311 2455 quoque
341 2373 475 2436 seculum
506 2371 696 2454 protulerittt
740 2373 946 2456 propinqui
971 2375 1176 2451 audentea,

114 2476 339 2544 constantes
385 2477 532 2561 generi,
577 2480 779 2542 contumax
824 2478 945 2542 etiam
991 2476 1176 2543 adversus

113 2585 308 2648 tormenta
352 2601 548 2646 servorum
589 2581 706 2653 fides,
751 2600 936 2663 supremae
980 2585 1176 2648 clarorum

114 2690 287 2754 virorum
321 2688 599 2759 necessitates,
636 2687 721 2768 ipsa
756 2689 981 2754 necessitas
1017 2689 1177 2753 fortiter

114 2795 289 2859 tolerata
322 2798 358 2856 ct
379 2792 548 2858 laudatis
573 2794 821 2876 antiquorum
853 2794 1043 2858 mortibus
1065 2813 1176 2876 pares

113 2902 253 2964 exitus.
301 2899 395 2963 Nulla
417 2901 482 2963 arte
505 2899 586 2963 effici
607 2901 716 2979 potest,
738 2901 774 2962 ut
794 2918 854 2964 non
871 2900 1053 2982 pravissime
1068 2917 1177 2963 neces·

113 3005 257 3069 sitatibus
293 3009 440 3088 tanquam
478 3003 597 3069 diversa
638 3005 705 3087 ipsa
738 3006 905 3070 necessitas
942 3007 1175 3088 superponatur,

113 3128 263 3193 supremae
285 3114 388 3174 autem
411 3111 558 3174 clarorum
588 3111 719 3180 virorum
744 3111 944 3176 necessitates
967 3130 1021 3193 per
1042 3129 1075 3174 se
1095 3111 1176 3193 'tquae

113 3215 190 3279 nibil
231 3219 406 3281 monstrant
441 3216 501 3279 nisi
539 3217 659 3281 tristem
701 3217 928 3294 crudelitatem)
973 3217 1055 3280 inter
1096 3218 1176 3281 bona

115 3323 254 3404 exempla
279 3323 439 3405 ponantur,
468 3321 613 3390 seiunctae
638 3342 656 3386 a
676 3323 854 3388 fortitudine
876 3323 1039 3396 tolerandi,
1062 3325 1093 3386 in
1117 3341 1176 3405 qua

113 3447 174 3492 una
199 3428 371 3510 exemplum
399 3430 454 3490 est.
501 3426 718 3492 Scribendum:
756 3447 948 3512 supremae
982 3428 1175 3493 clarorum

94 3533 282 3598 ¹virorum
325 3533 588 3602 necessitates
625 3533 711 3614 ipsa
749 3535 976 3596 necessitate
1017 3535 1177 3598 fortiter

114 3637 305 3715 coloratae,
337 3638 510 3703 laudatis
533 3639 592 3702 cet.
640 3639 778 3702 Acumen
800 3640 945 3720 queritur
978 3658 1012 3703 en
1034 3640 1175 3702 necessi-

112 3743 188 3808 tatis
210 3744 294 3808 varia
316 3743 545 3826 significatione.
589 3742 653 3826 [Sic
674 3745 895 3826 Rupertios.]1)

112 3913 298 3922 ———-—--—
305 3914 311 3917 -

140 4028 163 4096 ²)
183 4025 250 4097 Cap.
270 4031 304 4086 10
331 4028 369 4095 (in
387 4027 445 4081 loco
464 4025 496 4080 de
514 4026 612 4080 Licinii
629 4027 748 4082 Muciani
771 4025 880 4095 ingenio
906 4029 935 4079 et
957 4024 1085 4092 moribus)
1105 4024 1174 4094 quod

123 4153 125 4158 ·
183 4123 245 4174 ante
272 4119 450 4190 quadraginta
472 4125 555 4173 annos
573 4120 774 4174 emendatorem
797 4121 885 4172 atter
902 4117 930 4172 in
949 4117 1051 4172 'scholis
1070 4120 1174 4172 secutus
