2970 4648
275 260 338 322 446
634 254 914 324 masmanna

234 456 378 522 debeat
402 459 548 531 minus,
586 459 628 520 ut
657 452 853 520 validiori
878 449 1037 516 infirma
1064 442 1298 512 succumbat

235 561 305 626 Una
324 563 429 628 littera
455 562 604 628 mumnda
625 564 688 627 est:
720 578 766 624 ne
794 560 900 622 terra
923 554 1072 619 debeat
1096 549 1235 625 minoi,
1256 549 1299 612 ut

234 669 294 732 eet
337 668 454 733 Deinde
475 669 493 750 ᾗ
515 669 534 730 7
557 668 701 733 scribitur
721 668 754 731 iu
776 662 945 730 codicibus:
972 662 1015 724 ut
1035 675 1190 743 querque
1210 672 1299 737 pro·

233 773 336 838 xima
357 775 474 839 terris
495 774 715 840 fluentibus
735 770 902 840 fuerint,
934 765 1132 841 eluentnr,
1162 759 1298 825 stilla·

234 878 437 953 bunt...et,
466 881 603 946 hiante
624 877 806 963 pluribus
825 875 924 940 locis
943 889 1050 946 saxo,
1072 887 1139 951 per
1157 866 1298 930 fretum

235 984 358 1050 saliet
385 990 423 1052 et
449 985 570 1050 maria
602 987 707 1052 inter
735 1001 774 1047 se
795 977 1011 1062 componet
1056 976 1101 1040 lix
1122 991 1192 1056 per
1212 971 1299 1036 Haa-

235 1087 298 1152 sins
321 1091 498 1172 perfecit,
532 1091 613 1174 quod
643 1091 735 1172 plane
765 1087 844 1152 nibil
865 1084 936 1149 buin
956 1083 1024 1148 loco
1048 1081 1157 1163 aptum
1177 1076 1298 1161 siguifi-

234 1196 293 1257 oat
337 1195 486 1263 Tollenda
512 1197 705 1280 praepositio,
737 1193 853 1266 addila,
881 1209 952 1256 cnm
977 1206 1037 1252 non
1062 1184 1296 1268 intelligeretur,

234 1299 348 1364 fretum
369 1302 471 1384 ipsum
495 1303 555 1366 dici
576 1302 668 1367 salire
689 1302 721 1366 et
740 1314 948 1383 perrumpere.

332 1406 400 1472 lbd.
421 1407 481 1485 30,
512 1408 549 1471 4:
593 1407 657 1472 Sio
685 1425 822 1490 magna
842 1401 973 1469 omnia
994 1395 1147 1462 coitura
1168 1392 1298 1458 credi·

233 1510 368 1576 derim.
428 1513 537 1596 Neque
568 1515 639 1586 sic,
673 1531 732 1596 quo
754 1511 914 1582 reseratur,
945 1505 1049 1578 habet,
1085 1518 1193 1582 neque,
1230 1517 1298 1580 φῶ

233 1633 345 1700 magna
366 1619 515 1697 dicantur,
537 1623 673 1702 apparet
716 1618 800 1681 liet
820 1615 890 1680 alii:
918 1613 957 1677 Si
977 1607 1112 1692 magis.
1156 1603 1298 1668 Scriben-

234 1720 324 1792 dnm:
376 1722 453 1787 Sed
471 1726 596 1808 magis
617 1724 745 1790 omnia
765 1722 915 1787 coitura
935 1712 1168 1782 crediderim
1190 1713 1296 1792 (duam

232 1847 294 1892 nno
314 1829 429 1896 diluvio
450 1829 649 1912 liquefactam
671 1832 798 1904 terram,
819 1826 916 1891 aliis
938 1819 1070 1888 causis
1093 1817 1298 1900 quiescen-

232 1932 355 2011 tibus,
375 1933 595 2008 interituram).

332 2039 399 2105 Lib.
421 2042 466 2106 lV
486 2040 573 2124 prael.
595 2041 631 2102 3:
662 2040 734 2104 Par
754 2038 847 2103 illis
869 2030 1115 2112 (adulatoribus),
1137 2025 1299 2094 etiamsi

233 2143 328 2208 bene
368 2147 534 2223 caveris,
567 2165 638 2210 non
673 2145 758 2210 eris.
817 2140 937 2206 Grede
967 2135 1077 2210 mihi,
1111 2135 1297 2217 capieris,

233 2250 448 2332 proditioni
480 2252 515 2317 si
546 2253 628 2334 ipse
656 2253 692 2316 te
722 2248 869 2315 trades.
922 2246 973 2310 Sic
993 2247 1028 2310 Ε.
1071 2248 1170 2315 Mirus
1192 2253 1301 2318 verbo·

234 2375 304 2420 rum
335 2357 426 2435 ordo,
458 2357 571 2422 mirum
605 2357 724 2418 tradem
756 2375 788 2417 re
807 2353 989 2438 proditioni
1038 2354 1194 2436 Scriptum
1227 2357 1300 2422 olim

235 2465 316 2526 erat:
367 2463 424 2528 Cr.
452 2483 512 2538 m,
545 2462 727 2545 capieris
757 2460 1000 2545 proditione,
1032 2459 1116 2522 nisi
1148 2462 1232 2544 ipse
1264 2464 1302 2528 te

234 2567 373 2632 trades.
416 2569 514 2633 Paulo
535 2570 679 2651 posi-(5),
701 2569 754 2633 nbi
775 2569 807 2632 in
831 2568 986 2634 codicibus
1007 2569 1166 2634 scribitur:
1211 2567 1302 2632 Cum

234 2673 360 2738 omnia
380 2675 549 2752 caveris,
581 2693 650 2758 per
676 2673 904 2739 ornamenta
928 2675 1015 2750 liet,
1049 2674 1131 2757 quod
1153 2674 1303 2738 substitu-

235 2781 304 2843 tum
327 2782 376 2845 est
396 2780 630 2863 interpolatione
651 2780 787 2856 feriet,
823 2780 997 2844 subiectum
1018 2797 1080 2844 non
1102 2780 1206 2853 babet,
1229 2781 1303 2862 quo-

238 2883 321 2948 niam
353 2887 495 2950 universe
525 2884 563 2948 de
593 2885 802 2952 adulatoribus
836 2888 868 2949 et
898 2884 1073 2950 adulatione
1100 2885 1218 2951 dictum
1246 2885 1303 2962 est,

207 3067 210 3074 Ι
238 3007 298 3053 non
341 2989 480 3056 adulator
522 2991 671 3074 singulari
714 3009 842 3056 numero
893 2991 1074 3072 appellatus.
1140 2989 1304 3072 Scriptum,

238 3094 353 3178 opinor,
377 3096 494 3160 luerat:
526 3115 592 3178 per
622 3098 851 3161 ornamenta
878 3097 943 3157 nia
964 3095 1046 3162 liet.
1102 3098 1205 3163 Facile
1227 3098 1305 3172 nia,

238 3203 308 3283 post
328 3202 394 3266 nta
415 3201 551 3266 excidere
573 3203 683 3284 potnit.
733 3200 854 3265 Ibidem
875 3201 893 3284 §
918 3201 957 3262 12
991 3201 1109 3267 Seneca
1131 3202 1306 3268 Gallionem

238 3303 366 3368 fratrem
404 3304 568 3372 blanditias
604 3307 715 3372 Lucilii
747 3309 842 3390 negat
872 3307 1043 3382 admisisse,
1072 3309 1213 3390 quamvis
1234 3325 1307 3372 vera

238 3409 393 3485 laudaret,
429 3411 483 3475 sed
515 3431 549 3476 eo
579 3413 681 3497 magis
710 3413 895 3478 obstandum
921 3413 1078 3478 blanditiis
1101 3414 1305 3479 intellexisse:

240 3533 395 3597 semper
427 3517 526 3580 enirn
560 3517 677 3583 falsis
710 3536 730 3581 a
759 3535 845 3583 vero
866 3518 1018 3600 petitur
1038 3520 1196 3584 veritas.
1241 3521 1307 3584 Hoc

241 3620 314 3702 quid
355 3621 413 3696 sit,
455 3623 619 3686 veritatem
659 3622 746 3688 falsis
782 3625 906 3706 petere·
924 3627 956 3688 et
990 3625 1152 3689 vamtatem
1185 3645 1204 3690 a
1237 3643 1307 3690 vero

240 3727 353 3807 petere,
393 3745 483 3791 nemo
526 3727 644 3792 dixerit.
700 3731 847 3813 Apparet,
887 3729 968 3794 hanc
1009 3731 1196 3796 senteutiam
1240 3749 1307 3796 esse
1406 3709 1414 3732 ⁴

243 3829 366 3906 debere,
399 3832 479 3897 falsa
500 3832 559 3897 eibi
582 3833 701 3898 aditum
731 3835 831 3899 facere
857 3853 934 3899 vera
968 3835 1166 3899 admiscendo
1200 3837 1231 3899 et
1253 3835 1309 3900 sub

240 3934 279 4000 iis
301 3935 434 4001 latendo.
458 3937 623 4020 Scripsisse
641 3939 757 4004 Seneca
778 3940 914 4004 videtur:
937 3958 1086 4022 semper
1108 3939 1210 4004 enim
1231 3939 1307 4006 lal-

241 4042 338 4106 sisa
359 4042 493 4126 fronte
514 4045 737 4127 optendituc
758 4045 905 4110 veritas
933 4048 1000 4109 aut:
1024 4055 1153 4129 aperte
1178 4055 1310 4129 opten-
