3018 4634
604 263 716 322 cmo
733 259 855 318 u'odr,
1159 258 1220 326 259
1327 338 1331 346 Ι

198 462 256 528 bus
298 460 427 528 vocibus
473 456 614 527 relativis
656 458 809 524 motinus
852 458 975 541 (onom
999 457 1128 541 duod)
1166 459 1264 526 ultera

198 566 394 632 omitteretur
415 565 483 648 (cia.
506 565 545 630 de
566 563 652 642 VIII,
684 563 727 630 42
748 564 788 629 od
810 561 847 643 V,
870 563 932 641 24).
985 563 1157 646 Scripscrut
1178 565 1261 630 enim

198 671 266 736 siue
295 670 386 736 dubio
418 669 535 736 Oscor:
567 667 734 734 Nouoi
758 713 768 734 .
791 715 831 736 ..
860 670 1121 747 converteret,
1151 670 1189 734 id
1220 689 1264 735 ne
1405 689 1408 697 ·

198 778 301 842 metu
332 774 484 858 quidem
505 773 724 840 necessario
748 773 975 840 faciundum
998 775 1261 852 exirtimnbat,

199 899 281 962 oum
321 881 422 966 qood
463 879 624 945 infamia
660 881 785 963 utque
820 879 1042 963 indignitas
1083 881 1142 948 rei

198 987 450 1070 impediebat,
480 985 561 1054 tom
593 986 758 1050 merione
790 984 890 1069 quod
925 986 984 1050 cet
1037 983 1089 1050 Ut
1116 988 1188 1052 ante
1219 1005 1263 1052 ue

198 1094 279 1166 tum
320 1091 473 1176 quidem
505 1109 542 1156 er
580 1089 693 1160 ultima
735 1089 856 1174 syllaba
889 1090 975 1156 rubi
1010 1094 1264 1158 converteret
1329 1153 1331 1158 .

199 1200 300 1264 ortum
323 1199 380 1264 cst
441 1265 444 1270 .

300 1303 368 1371 Ibd.
390 1301 447 1367 86:
483 1301 573 1368 loca
590 1295 783 1384 praeruptu
814 1321 855 1367 er
874 1316 1040 1368 ascensu
1061 1301 1261 1386 temptant.

197 1409 304 1492 Neque
338 1407 452 1473 usiisto
484 1423 602 1488 neque.
623 1406 707 1496 recte
732 1407 853 1472 dicitnr
890 1422 932 1472 ex
968 1425 1128 1473 ascensu
1159 1407 1263 1474 locum

151 1569 154 1573 .
196 1515 358 1597 temptare.
412 1513 545 1578 Rectum
583 1512 615 1576 et
647 1509 794 1576 datiuum
836 1513 909 1578 erit:
944 1514 1031 1580 loca
1071 1518 1261 1598 praerupta

197 1618 604 1702 cneocnautemptant.
661 1665 664 1672 .
824 1667 827 1672 .

296 1725 363 1790 Idb.
385 1725 471 1800 VIII,
494 1724 528 1787 9:
558 1721 646 1787 Haec
667 1722 792 1799 (mona)
816 1724 981 1805 imperet
1001 1723 1104 1791 uallo
1126 1727 1261 1808 padum

195 1830 270 1896 XII
293 1829 457 1904 muniri,'
477 1828 681 1894 loriculam
703 1847 768 1910 pro
790 1827 1036 1895 hacreticus
1058 1832 1145 1896 eius
1168 1834 1262 1898 alti·

138 1976 141 1984 -
194 1935 383 2002 tutidinis
414 1933 664 2000 inaediiiceri.
716 1933 754 1998 In
775 1933 952 2016 pronomine
973 1935 1042 2001 hac
1064 1955 1172 2003 omnes
1193 1939 1259 2004 iure

194 2041 326 2120 imane
360 2041 415 2107 sed
446 2056 485 2102 ue
511 2037 565 2103 iIIo
600 2038 725 2120 qudem
756 2039 878 2105 sublato
909 2040 1024 2106 usitate
1048 2041 1165 2108 dicetur
1196 2063 1261 2127 pro

193 2147 343 2212 ratione
378 2144 619 2212 altitudinis.
670 2145 763 2211 uPuto
798 2145 954 2212 Hirtium·
976 2147 1160 2230 scripsisset·
1192 2169 1260 2232 pro

189 2255 372 2336 portione
402 2251 484 2316 eins
519 2243 585 2318 alt.
638 2250 699 2328 (De
731 2269 759 2317 o.
781 2251 822 2314 19
844 2251 906 2316 dixi
926 2251 959 2317 in
981 2255 1148 2320 emendati.
1170 2256 1257 2322 Lirv.

192 2377 221 2440 p.
244 2357 283 2420 61
307 2358 386 2436 n.t²)

293 2463 359 2528 lbd.
393 2462 448 2526 24:
477 2461 523 2526 ud
544 2459 722 2526 colonias
744 2459 887 2526 oiriuru
909 2462 1007 2528 Rom.
1029 2466 1192 2560 tuendos
1214 2487 1260 2534 ne

194 2567 293 2651 quod
327 2569 457 2639 simile
488 2565 768 2632 incommodum
805 2566 1004 2634 occideret
1035 2569 1259 2639 decursione
1371 2611 1373 2615 >

193 2673 460 2750 barbarorum,
516 2689 558 2738 ac
610 2671 810 2752 superiore
868 2675 1003 2754 astato
1056 2673 1259 2760 Tergesti-

192 2780 251 2848 nis
288 2777 504 2857 acciderat,
543 2775 607 2859 qui
639 2777 846 2859 repentino
885 2779 1100 2846 latrocinio
1141 2785 1260 2867 atquo

192 2885 338 2968 impetu
358 2885 519 2950 illorum
542 2883 655 2948 ara-nr
675 2883 862 2966 oppressi.
919 2885 1001 2952 Satis
1025 2883 1145 2952 nonita
1165 2875 1260 2955 Illoss

193 3009 275 3055 rum
298 2990 419 3066 dicitur,
442 2989 587 3072 quoniam
608 3005 668 3053 non
689 2987 783 3054 iidem
805 2989 863 3054 hoo
884 2990 1177 3070 barbarismorum,
1206 2995 1259 3078 qui

192 3097 226 3160 in
246 3095 359 3162 ceteris
379 3094 504 3172 coloniis
531 3094 635 3160 timeri
664 3095 817 3177 poterunt
871 3097 933 3162 Sed
963 3097 1083 3162 codices
1115 3099 1258 3166 meliores

192 3201 342 3286 impetu
367 3200 504 3267 incolas
530 3199 705 3279 illorum,
741 3200 910 3268 deteriores
942 3202 1090 3285 inpetu
1117 3223 1257 3273 eorum.

192 3436 391 3450 -b-——aa--n—-u-

214 3579 235 3644 1)
267 3581 342 3646 VIII,
360 3585 377 3640 5
395 3583 564 3652 scripseram:
591 3583 1005 3650 calamitateoetarorum
1032 3589 1133 3654 docti,
1160 3589 1256 3648 deiude

262 3677 428 3730 coniectis.
475 3673 550 3728 Illud
583 3675 731 3741 Kochium,
759 3677 810 3732 hoc
843 3675 975 3732 Goelerum
1001 3693 1140 3748 occupasse
1171 3683 1256 3738 video.

262 3765 318 3820 Sub
337 3767 573 3822 tentoriorum
591 3769 683 3822 utrum
700 3755 930 3825 iumentorum
947 3771 1039 3832 lateat,
1054 3771 1124 3840 quod
1136 3773 1255 3828 Kochius

214 3870 216 3874 ’
262 3857 413 3928 suspicatus
442 3862 492 3922 est,
527 3875 562 3914 sn
589 3859 749 3915 vocobulum
778 3860 971 3932 supellectIlem
1004 3863 1168 3933 significans,
1200 3883 1254 3921 non

259 3950 380 4006 decerno.

1006 4049 1052 4100 17*
