2924 4660
594 285 709 341 Gellius,
1077 288 1137 351 585

117 482 154 545 ab
187 481 257 546 aliis
290 487 437 564 occupata
464 483 575 548 saltem
605 502 665 548 non
694 485 780 561 novi;
817 503 887 549 nam
917 484 994 549 adeo
1017 487 1125 561 multa,
1147 486 1179 550 in

116 607 183 670 quae
215 591 321 668 sponte
352 588 529 662 incideram,
562 592 669 672 postea
701 590 837 654 intellexi
869 591 908 656 ab
932 590 1000 656 aliis
1029 595 1083 655 aut
1105 592 1179 655 olim

115 698 168 758 aut
190 713 287 776 nuper
309 698 462 778 praecepta
490 678 566 772 esse,
600 699 635 759 ut
666 696 831 760 miraturus
853 715 911 760 non
934 699 1003 772 sim,
1037 698 1063 762 si
1086 696 1181 762 exiis

114 820 244 883 quoque,
267 820 334 883 quae
357 803 532 866 etiamnunc
555 821 624 866 mea
644 818 787 882 numero,
823 803 962 886 quaedam
985 803 1179 884 postmodum

113 909 153 972 ab
176 909 245 972 aliis
263 927 379 990 quoque
393 906 549 989 proposita
570 908 805 990 reperiantur.¹t
840 909 983 974 Ceterum
1006 909 1086 991 apud
1105 908 1180 974 Gel-

112 998 194 1078 lium
223 1014 378 1078 interdum
422 1012 602 1077 mendorum
637 1015 785 1078 convictio
822 1015 956 1080 difficilis
990 1018 1046 1088 est,
1090 1015 1180 1096 quod,

113 1139 270 1204 quousque
305 1121 407 1202 inepte
441 1119 590 1201 loquendo
629 1139 805 1203 progressus
839 1122 888 1193 sit,
921 1140 979 1184 non
1013 1121 1179 1185 satistuto

112 1226 259 1303 definias,
296 1245 492 1308 quamquam,
525 1226 578 1290 ubi
600 1227 752 1290 sententia
770 1227 918 1291 indicium
941 1227 1015 1291 iacit
1037 1245 1093 1290 nec
1115 1225 1178 1290 ulia

111 1332 260 1400 orationis
305 1333 521 1414 detorquenda
566 1351 658 1396 causa
700 1333 815 1396 ratiove
859 1333 1023 1416 excogitari
1066 1336 1178 1415 potest,

109 1439 227 1502 frustra
260 1437 451 1503 incredibilia
483 1438 656 1522 finguntur,
694 1438 826 1502 maxime
856 1438 979 1520 quidem
1003 1440 1036 1502 iu
1058 1437 1180 1521 syntaxi

109 1542 347 1619 sententiarum,
388 1545 420 1606 in
465 1561 524 1626 qua
558 1542 677 1607 Gellius
703 1562 826 1624 prorsus
858 1543 996 1626 regulam
1031 1545 1177 1634 sequitur.

106 1647 245 1728 Reperio
259 1667 377 1730 quoque
392 1649 501 1714 mendo
515 1649 673 1732 perspicue
693 1652 798 1713 tamen
821 1668 881 1713 non
893 1668 1015 1731 semper
1027 1649 1118 1713 facile
1131 1651 1181 1712 est

106 1753 256 1836 reperire,
291 1755 369 1836 quid
386 1757 532 1819 contortis
553 1755 769 1836 inusitatisque
792 1758 823 1819 et
844 1755 980 1819 obscuris
1002 1755 1103 1819 verbis
1127 1774 1178 1818 ex·

105 1859 202 1942 primi
225 1860 364 1925 voluerit.

211 1965 380 2032 Praes.18:
411 1967 478 2031 sed
511 1967 743 2052 enim,quae
777 1967 897 2031 aliter
929 1968 1030 2048 apud
1052 1967 1178 2031 alium

106 2071 260 2152 scripta
280 2073 473 2156 legerint,
500 2091 545 2137 ne
567 2074 643 2137 iam
666 2074 805 2137 statim
828 2073 1205 2156 temp'oreobstre·‘

104 2179 218 2260 pant.
262 2177 369 2260 Neque
392 2197 499 2261 perse
522 2181 696 2261 tempore
719 2179 792 2262 quid
816 2178 962 2244 hocloco
985 2180 1065 2261 agat,
1090 2177 1178 2242 video
1221 2225 1224 2230 -

7 2315 10 2349 ι
74 2302 76 2306 ·
105 2284 222 2365 (neque
255 2284 336 2347 enim
366 2285 629 2366 tempestive'hoc
654 2285 772 2350 Gellius
794 2285 860 2348 fieri
883 2279 1055 2368 significat),
1078 2303 1177 2366 neque

7 3913 14 3954 l

104 2386 182 2470 quid
205 2389 340 2452 statim
369 2393 556 2472 tempore.
606 2391 734 2468 Videtur
755 2391 850 2454 fuisse
873 2400 1019 2465 temere,
1040 2391 1072 2452 in
1096 2390 1176 2472 quod

150 2617 308 2624 --.-..,--q-4⁴

178 2780 430 2848 pertinet(sive
447 2779 532 2850 qnod
550 2780 590 2835 ad
608 2778 774 2854 singulos
793 2780 898 2848 siveq.
912 2797 935 2834 a
949 2795 974 2832 u.
995 2779 1175 2847 pertinet)·‚

176 2871 224 2936 XI,
245 2875 268 2938 1,
288 2874 303 2927 1
323 2873 514 2942 bucetaque
533 2873 756 2940 (buceraque),
788 2877 804 2928 9
822 2873 852 2927 in
871 2873 961 2927 lemm.
981 2871 1022 2926 de
1040 2872 1175 2942 legatis

177 2964 318 3020 Milesia
343 2983 379 3020 ac
408 2965 451 3034 (de
479 2966 611 3036 legatis
639 2965 865 3032 Milesiiset)‚
885 2969 926 3028 13,
956 2969 990 3022 10
1009 2965 1173 3020 deformi·
1225 2948 1227 2952 ¹
1318 2948 1320 2952 ¹

176 3060 251 3111 tate
269 3059 308 3112 ad
326 3059 487 3113 iacienda
514 3059 668 3114 ridicula
693 3057 932 3127 (deformitate
951 3073 987 3112 ac
1005 3057 1097 3112 facie
1116 3057 1173 3111 de·

174 3151 351 3219 ridicula);
371 3151 433 3216 XII,
453 3153 500 3217 13,
528 3153 563 3206 22
591 3151 802 3205 occasionem
918 3167 965 3204 me
991 3151 1077 3206 hano
1106 3169 1173 3206 rem

175 3243 355 3312 impertire
385 3260 450 3297 non
481 3231 605 3312 putare
643 3242 886 3308 (offensionem
1002 3260 1048 3298 me
1087 3245 1173 3299 hanc

176 3336 424 3407 rempublicam
448 3353 474 3388 n.
502 3339 549 3404 p).
596 3335 647 3389 Sed
677 3335 777 3390 desino.
825 3335 895 3401 euin
921 3335 1007 3390 dicam
1027 3336 1059 3390 de
1078 3337 1172 3391 huius-

177 3429 249 3483 modi
276 3429 417 3498 scripturis
444 3428 488 3482 hie
505 3429 622 3496 primum
640 3428 669 3481 in
687 3431 792 3482 textum
810 3429 906 3495 illatis,
937 3429 1026 3499 qualis
1045 3433 1088 3484 est
1105 3447 1130 3484 v.
1149 3447 1172 3484 c.

177 3521 224 3583 VI,
255 3525 282 3587 3,
309 3525 354 3578 16:
385 3521 622 3590 unusquisque
647 3523 811 3588 nostrum,
830 3523 859 3575 si
883 3523 959 3590 quis
986 3563 991 3575 .
1074 3523 1172 3578 arbi-

176 3615 336 3675 trantur,
356 3613 535 3667 summani
554 3613 846 3668 contranititur?

132 3737 155 3804 ¹)
175 3735 246 3789 Usus
265 3752 323 3790 sum
342 3743 439 3809 praeter
456 3739 525 3794 illud
544 3741 653 3795 maioris
670 3739 798 3796 editionis
816 3740 950 3810 specimen
969 3745 1011 3807 (ex
1028 3757 1081 3810 quo
1099 3741 1174 3796 inter

175 3829 230 3883 alia
249 3827 332 3887 didici
349 3833 418 3888 alios
430 3837 493 3887 aute
503 3848 546 3886 me
554 3832 602 3898 IV,
623 3837 645 3895 i,
665 3835 682 3888 5
700 3833 837 3902 scripsisse
855 3833 884 3885 si
902 3830 996 3886 modo
1015 3849 1079 3886 non
1098 3836 1126 3886 et
1144 3836 1168 3896 2,

175 3925 193 3978 5
210 3938 301 3991 aeque
319 3941 366 3993 pro
384 3929 503 3995 neque)
515 3924 619 3990 Hertzii
630 3929 811 3994 ramentorum
824 3925 1008 3979 Gellianorum
1018 3925 1171 3991 mantissis;

174 4014 303 4069 vindicias
340 4016 478 4072 Gellianus
510 4015 723 4087 Gryphiavaldia
756 4035 779 4072 a.
811 4020 880 4074 1858
907 4016 994 4070 editas
1022 4033 1075 4071 non
1103 4017 1169 4072 vidi.

173 4105 276 4160 Klotzii
294 4097 453 4177 quaestiones
473 4109 610 4163 Gellianas
629 4109 713 4178 (Lips.
734 4112 813 4175 1857)
832 4109 945 4178 inspexi.
