3000 4638
502 270 534 328 L.
553 269 643 330 Senec-
662 271 697 332 ad
714 272 849 330 Marciam.
1104 273 1168 340 353

136 467 351 552 pontificii
385 468 571 534 cartutule
610 471 735 538 rerba.
778 469 884 536 Traxit
915 472 1120 542 sollemnia
1154 497 1211 544 se-

91 623 95 628 .
143 591 239 658 quens
260 573 479 657 pontificia,
510 574 621 642 deinde
648 576 687 642 ad
718 579 822 644 cetera
850 577 883 642 in
905 599 925 640 a
946 580 1089 647 cadentia
1110 585 1210 649 scriba

143 673 391 746 accommodavit
424 680 612 762 carmina,
645 683 673 748 si
707 682 797 748 mode
830 703 902 750 vere
931 685 971 752 de
999 687 1029 751 A
1058 688 1208 754 traditum

144 788 270 850 estnec
291 785 334 852 ibi
366 805 384 851 a
411 787 510 870 priore
540 805 635 854 manu
668 787 854 856 carminis
875 789 943 856 fuit
997 792 1095 874 (Ante
1125 791 1210 858 uter.

143 889 293 957 edebatur
313 891 399 960 scll.
422 893 676 975 pontificalis
705 894 886 962 carminis
910 899 1049 976 verba.)
1110 899 1210 964 Addi-

141 999 231 1064 turus
263 997 328 1064 haec
360 1015 454 1064 neme
477 1002 564 1084 crat,
588 1000 741 1084 longeque
772 999 905 1066 aliaest
929 1019 1022 1068 causa
1045 1004 1211 1070 uerborum

142 1101 415 1190 §iladditerum

245 1209 292 1298 (C.
319 1210 368 1289 14,
393 1213 409 1272 1
434 1211 548 1280 correxi
570 1211 631 1280 vel.
654 1211 669 1276 l
689 1232 720 1294 p.
744 1210 810 1288 68.)

245 1315 312 1384 ltu
350 1315 400 1394 15,
437 1315 528 1394 2(de
555 1318 713 1402 Augusto,
753 1317 875 1385 deserta
903 1315 1053 1384 mentibus
1089 1317 1209 1397 demet:

145 1423 255 1490 Tulit
288 1427 419 1488 tamen
453 1423 613 1490 fortiter
648 1441 759 1506 quam
793 1423 901 1490 cuius
929 1424 1002 1489 ianr
1030 1441 1090 1488 res
1118 1441 1213 1508 age·

143 1532 259 1597 batur
290 1528 475 1612 cuiusque
512 1529 677 1597 maxime
706 1529 900 1594 intererat
930 1530 973 1594 de
1003 1527 1062 1594 dis
1091 1528 1211 1594 nemi-

143 1654 229 1700 nem
250 1634 359 1720 queri
381 1633 537 1717 (quoniam
561 1634 628 1718 ipse
666 1653 737 1703 mox
766 1634 887 1700 futurus
917 1633 993 1700 deus
1025 1633 1115 1716 erat).
1159 1633 1212 1698 Sic

143 1745 186 1807 A.
226 1740 356 1806 Addunt
386 1743 463 1807 tarn
487 1743 680 1823 (tauquam
712 1740 852 1822 cuius)3
885 1739 939 1806 alii
967 1740 1057 1823 plura
1077 1742 1212 1806 mutant.

144 1847 363 1914 scribendum:
407 1844 518 1911 Tulit
552 1855 627 1910 tam
663 1845 831 1912 fortiter
865 1863 976 1928 quam
998 1846 1121 1924 cuins,
1154 1846 1213 1911 hoc
1353 1863 1359 1871 ·

144 1957 206 2032 est,
229 1971 341 2036 „quam
362 1953 389 2019 is
412 1952 491 2019 ferre
513 1951 630 2030 debuit,
653 1953 770 2018 cuiue“.
814 1950 878 2020 Ofr.
893 1951 1153 2031 debreu.rit.18‚
1176 1952 1211 2029 33

143 2059 185 2124 ad
212 2058 304 2124 Helu.
344 2059 392 2135 lb,
433 2059 469 2122 1:
505 2057 643 2142 quibua
680 2057 874 2126 libentius
910 2077 1020 2142 quern
1058 2059 1212 2138 femina,

144 2163 384 2232 familiarius
413 2181 524 2249 quam
552 2165 680 2230 mater
700 2163 931 2241 intereram,
962 2164 1021 2230 hec
1040 2167 1098 2242 est,
1119 2183 1213 2247 qnam

146 2271 264 2339 femina
284 2269 447 2338 videbatur
479 2269 600 2354 debere,
650 2269 746 2337 Paule
766 2271 839 2352 pest
860 2270 907 2348 (4)
937 2273 1021 2336 recte
1042 2269 1213 2354 intermga-

13 2439 14 2444 ,
145 2379 213 2442 tur:
258 2375 439 2450 Videsne,
472 2379 617 2458 quantu
647 2375 940 2456 cepiauirerum
960 2376 1210 2442 maximorum

146 2482 226 2560 sit,'
249 2501 338 2564 quos
360 2497 430 2548 non
453 2480 605 2564 excepit
637 2479 704 2546 hic
726 2481 854 2546 emnia
875 2483 1132 2563 prosternens
1151 2499 1213 2544 ca-

147 2605 212 2654 sus
253 2591 350 2664 (mers
383 2587 588 2664 liberorum?
646 2585 709 2655 sec
743 2603 889 2668 perverse
924 2585 1061 2670 pergitur
1105 2586 1214 2651 eadam

147 2692 295 2760 erationis
321 2692 438 2760 forma:
471 2692 513 2758 in
539 2710 632 2776 quos
661 2692 703 2764 (A
729 2693 768 2756 et
792 2711 902 2774 quos,
932 2691 1082 2758 Hessiusr
1112 2694 1149 2756 et
1175 2693 1214 2756 in

148 2804 251 2882 quoe)
293 2799 350 2864 tot
386 2797 504 2865 enimi
541 2799 652 2876 bena,
696 2800 757 2864 tet
791 2799 1020 2864 ornamenta
1057 2797 1214 2880 publice

146 2905 409 2989 privatimque
430 2904 616 2988 congesta
638 2905 769 2968 eraut?
821 2902 898 2970 Haec
921 2902 1019 2978 enim,
1050 2923 1120 2970 curu
1142 2921 1215 2987 pro-

146 3011 231 3084 xima
258 3010 410 3079 sententia
435 3010 565 3078 relatiua
598 3009 769 3087 coniuncta,
792 3027 917 3077 sensum
951 3009 1092 3076 efficiunt
1122 3011 1214 3093 plane

146 3134 334 3201 perversum,
369 3115 457 3200 quasi
477 3117 543 3182 haec
566 3114 626 3182 duo
651 3115 794 3180 maximis
815 3115 889 3181 uiris
911 3117 1016 3182 tamen
1040 3117 1215 3199 acciderint,

146 3223 182 3288 ut
199 3225 314 3288 mortes
331 3221 496 3288 liberorum
507 3223 696 3305 paterentur,
719 3223 752 3286 et
772 3223 808 3286 ut
820 3223 867 3288 tot
881 3221 960 3288 bene
982 3226 1014 3288 et
1035 3225 1215 3288 ornamenta
1292 3307 1294 3311 Ι

146 3327 180 3392 in
216 3345 269 3392 ces
302 3329 551 3412 congererentur3
584 3331 621 3394 ul
652 3345 730 3394 eum.
758 3328 931 3394 virerum
967 3329 1215 3394 maximorum

148 3433 355 3518 appellatione
368 3435 413 3500 sic
425 3435 657 3518 coniungantur,
678 3435 716 3501 ut
724 3451 813 3501 casus
823 3433 878 3500 ille
889 3451 949 3498 nen
961 3435 1114 3517 excepisse
1130 3433 1215 3499 dica-

147 3541 200 3604 tur
233 3539 316 3606 unes
349 3540 499 3606 maximos
538 3543 570 3606 et
604 3540 637 3606 in
676 3557 752 3624 ques
787 3537 835 3602 tet
862 3540 1044 3604 ornamenta
1070 3539 1217 3622 congestu

148 3647 267 3724 essent,
297 3646 363 3711 fieri
392 3665 446 3729 per
467 3647 619 3713 sermonis
654 3646 740 3730 leges
763 3647 794 3710 et
829 3645 975 3711 cretionis
1002 3642 1134 3709 formam
1157 3661 1215 3708 non

147 3752 269 3835 potest3
306 3752 439 3818 debebat
459 3752 554 3818 etiam
575 3756 643 3817 turn
667 3751 727 3815 nen
758 3752 820 3815 tot
843 3743 921 3832 dici,
957 3751 1009 3816 sed
1042 3747 1215 3832 plurima.

146 3857 257 3938 Itaque
289 3875 368 3923 noua
406 3858 471 3922 haec
502 3857 700 3942 interrogatio
729 3875 784 3940 per
813 3855 1001 3939 seponitur,
1034 3874 1100 3940 quae
1129 3853 1156 3920 si
1178 3854 1216 3918 ad

145 3960 216 4027 illos
254 3961 337 4046 ipsos
369 3965 518 4030 maximos
557 3965 637 4046 viros
670 3962 815 4046 pertinet,
852 3962 953 4026 inanis
987 3961 1044 4026 est.
1086 3959 1217 4024 Videtur

147 4064 265 4132 Seneca
286 4068 417 4134 transire
451 4069 491 4134 ad
522 4068 605 4153 ipsos
638 4067 755 4136 liberos
784 4065 847 4132 illis
876 4068 1007 4149 ereptus,
1030 4064 1165 4150 egregios
1187 4064 1219 4129 et

197 4171 310 4208 unnvrcu
321 4175 400 4210 neven.
412 4176 461 4210 cm.
484 4175 506 4208 u.
982 4179 1015 4224 23
