2918 4636
619 267 740 326 Ovidius.

193 449 197 456 ’
251 459 279 541 I,
303 463 331 541 1,
354 461 393 527 37
416 482 481 549 sqq.
505 463 550 530 sio
571 465 744 533 scribitur:-

296 569 409 655 Ecquis
431 571 477 636 ita
499 571 547 637 est
566 574 674 650 andan,
696 576 732 639 ut
752 571 860 640 linine
884 574 973 658 cogat
994 573 1078 639 abire

338 675 507 742 iactantem
529 678 643 744 Pbon'a
664 679 784 744 tinnula
805 681 898 746 sistra
920 681 1037 746 manu?

298 781 381 846 Ante
404 781 496 848 deum
518 784 651 850 matrem
672 803 768 850 cornu
789 785 904 850 tibicen
926 783 1042 850 adunco

337 905 408 953 cum
430 889 522 967 canit,
547 887 662 972 exigua
684 891 751 972 quis
773 889 863 971 stipis
885 907 945 954 aera
966 891 1082 974 negat?

297 991 419 1058 Scimus
443 995 482 1059 ab
503 992 632 1078 imperio
654 993 722 1060 fieri
743 995 787 1060 nil
808 979 1017 1070 tale‘Disnae3

339 1097 420 1163 unde
442 1101 548 1164 tamen
570 1097 664 1180 duat,
686 1099 870 1166 vaticinator
892 1101 994 1167 habet.

255 1199 335 1267 Mire
357 1203 457 1270 Diana
480 1204 525 1270 ita
545 1204 710 1280 inducitur,
732 1207 768 1270 ut
788 1205 864 1270 nihii
887 1208 1028 1288 ponatur,
1050 1207 1129 1291 quod
1150 1208 1216 1274 eius

146 1308 206 1372 sub
235 1309 360 1375 nomine
382 1310 452 1387 flat,
483 1311 514 1376 et
541 1312 647 1376 tamen
674 1310 752 1376 iilud
784 1311 821 1376 de
851 1309 1047 1378 vaticinatura
1074 1311 1214 1398 addatur.

148 1411 215 1479 Nec
247 1428 320 1480 sane
353 1415 515 1500 quiequam
548 1417 586 1482 de
620 1415 797 1483 huiusmodi
829 1415 967 1483 artificiis
1000 1435 1071 1482 cum
1108 1417 1215 1483 Dianae

147 1518 235 1584 cultu
257 1519 425 1586 coniunctis
448 1521 596 1601 traditum
623 1541 696 1588 nem
728 1523 808 1607 quod
839 1523 879 1588 ad
905 1524 1038 1589 Dianam
1059 1523 1216 1590 Aricinam

147 1625 214 1689 boec
250 1625 358 1690 referri
392 1629 532 1706 narrant,
567 1647 691 1712 prorsus
723 1629 788 1695 sine
804 1675 806 1682 ,
821 1629 998 1695 testimonio
1031 1629 1215 1715 confingunt.

148 1729 305 1798 Nimirum
324 1731 495 1798 rectissime
506 1733 705 1818 Tanaquillus
716 1733 815 1801 Faber
826 1736 913 1815 vidit,
935 1737 990 1802 bos
1012 1733 1087 1802 dnos
1108 1755 1216 1803 versus

148 1833 373 1904 conclusionem
406 1837 516 1906 babere
544 1841 735 1925 superiorum
757 1825 903 1924 (Quattuor
921 1843 954 1908 et
973 1842 1149 1908 universam
1169 1843 1216 1908 rei

145 1941 404 2023 declarationem
438 1943 493 2011 sed
524 1948 605 2030 qued
633 1945 750 2031 Cybela
780 1967 833 2032 pro
855 1947 973 2010 Dianae
994 1947 1086 2013 scribi
1107 1947 1214 2026 voluit,

148 2051 185 2116 ut
205 2049 348 2117 omittam
370 2052 573 2118 mutationem
590 2053 690 2137 ipsam
711 2053 947 2138 improbabilem
963 2071 1040 2130 esse,
1063 2073 1122 2118 non
1144 2073 1215 2136 una,

150 2157 205 2222 sed
228 2157 295 2222 duae
318 2158 383 2223 deae
404 2158 569 2224 nominate
592 2161 687 2224 erant.
710 2159 881 2242 scripserat
903 2156 1047 2225 Ovidius:

306 2263 425 2329 Scimus
447 2263 487 2328 ab
508 2263 636 2347 imperio
656 2263 724 2330 ficri
745 2265 789 2329 nil
810 2265 873 2329 tale
896 2265 1040 2339 dearum

366 2367 447 2434 undo
470 2371 574 2435 tamen
595 2370 691 2448 uvat,
713 2369 896 2436 vaticinator
916 2369 1018 2437 babet

148 2472 210 2552 Qui
231 2472 376 2548 mutavit,
398 2493 508 2540 novam
533 2476 623 2540 deam
645 2475 771 2560 adiungi
792 2475 923 2558 putavit.

246 2579 314 2644 lbd.
336 2579 361 2658 I,
385 2582 414 2660 7,
437 2579 477 2643 63
499 2601 581 2666 sqq.:

285 2685 372 2764 Quod
394 2687 421 2752 si
441 2687 597 2769 permittis
619 2687 708 2752 nobis
731 2683 874 2761 suadere,
896 2685 970 2770 qnid
993 2688 1090 2768 optes,

329 2793 372 2858 Ut
394 2793 457 2871 des,
480 2811 571 2878 quam
590 2793 710 2870 reddas,
732 2791 829 2875 plura,
852 2810 976 2873 precare
999 2792 1081 2857 deos.

287 2899 382 2982 idque
404 2897 489 2971 iacis,
513 2901 725 2983 quantumque
746 2897 820 2962 licet
841 2898 1031 2977 meminisse,
1053 2897 1175 2963 solebas

327 3004 427 3070 Officii
449 3022 542 3072 cansa
562 3006 699 3089 pluribus
722 3023 789 3070 esse
812 3003 888 3070 dari.

249 3108 300 3176 Sic
322 3111 416 3176 codex
444 3109 661 3190 Sanavianus3
685 3112 780 3177 edunt
802 3131 927 3172 coaeum
949 3111 981 3174 et
1007 3127 1061 3192 pro
1084 3108 1217 3174 darier·

150 3213 250 3282 tremo
271 3216 339 3283 loco
361 3218 428 3280 dari
450 3218 515 3283 sine
538 3215 694 3284 sententia
715 3219 770 3304 aut
785 3215 866 3301 pati,
887 3231 982 3299 prava
1004 3213 1159 3280 sententia
1187 3216 1218 3280 et

150 3320 249 3402 adid,
271 3323 352 3407 quod
374 3323 483 3410 agitur,
506 3321 583 3387 nibil
598 3321 783 3405 pertinente.
805 3321 850 3386 Ex
870 3320 925 3386 illo
941 3319 1073 3386 efficitur
1094 3339 1216 3386 verum:

765 3429 883 3494 solebas

352 3535 443 3600 officii
465 3554 589 3602 caueam
612 3533 750 3617 pluribus
772 3536 837 3618 ipse
858 3533 941 3611 dare,

151 3627 209 3706 hoc
243 3644 305 3707 est:
337 3641 403 3726 ipse
435 3641 636 3726 promerendo
670 3639 807 3718 efficere,
832 3638 867 3702 ut
896 3655 1022 3703 cansam
1044 3636 1139 3704 'officii
1160 3633 1219 3702 tibi

151 3747 320 3828 praestandi
341 3749 498 3814 haberent.
538 3749 641 3814 Etiam
663 3748 770 3812 Amor.
791 3747 823 3823 I,
844 3745 881 3823 4,
903 3744 944 3806 46
968 3764 1027 3806 eece
1047 3743 1080 3807 in
1104 3740 1219 3825 optimo

152 3851 257 3918 codice
285 3871 344 3920 non
369 3874 405 3920 ex
437 3875 500 3918 ecce
529 3858 631 3920 ortum
660 3853 722 3931 est,
753 3851 832 3935 qnod
855 3851 926 3934 post
947 3847 1112 3914 Heinsium
1136 3845 1219 3908 Mer·

153 3955 252 4026 trelius
274 3961 386 4042 posuit,
409 3959 465 4026 sed
486 3977 522 4026 ex
542 3959 614 4043 ipso,
639 3957 719 4041 quod
741 3954 835 4020 ceteri
857 3953 981 4018 hebent.

754 4065 770 4101 0
