3018 4634
260 227 322 290 248
622 225 754 284 trum
763 224 888 296 Orplll.

218 431 251 496 et
275 426 410 495 melioris
441 425 487 491 rei
508 423 690 509 riguilieaiio
711 423 767 500 sii3
803 441 896 508 quem
918 422 1002 507 qued
1021 421 1226 509 Nipperdeiue
1246 445 1291 496 er

215 534 284 618 ipse
317 534 487 618 perferre
522 529 621 596 ‘edicit
661 530 694 594 iu
736 517 922 612 praiarre
958 529 1097 606 mutate,
1136 532 1291 600 Horatius

216 640 398 724 praeferre
426 657 460 704 ee
489 636 567 702 dixit
600 636 758 702 inertem
789 634 915 701 videri
945 651 1054 717 quam
1084 651 1219 721 rapere
1249 639 1294 704 et

217 747 335 832 ringi3
370 745 423 830 qui
444 744 521 810 lraee
543 759 654 826 quem
674 741 748 806 illa
767 740 949 824 preferre
980 741 1013 806 in
1035 761 1128 825 prora
1146 743 1286 810 oratioue

217 853 338 932 dixerit,
359 850 516 918 nemiuem
537 847 622 924 ueri;
643 846 755 914 deiude
777 865 836 914 nen
858 846 1109 915 animadvertunt
1129 868 1169 916 ue
1191 850 1291 918 reteri

219 959 354 1044 quidem,
392 977 455 1036 eos,
490 955 544 1039 qui
576 954 768 1020 frumentum
804 953 904 1020 ullave
935 953 1082 1037 imperite
1114 956 1283 1031 exsolvant,

218 1062 299 1154 apud
332 1063 423 1128 huiur
451 1061 555 1128 eetri'u
579 1060 745 1144 scriptores
767 1059 842 1122 dare
862 1058 1054 1127 frumentum
1075 1063 1130 1127 aut
1145 1063 1290 1146 pratee

216 1168 286 1242 diei,
308 1185 463 1253 nunquam
479 1177 639 1254 proertare,
668 1165 730 1232 riui
750 1163 936 1248 adiungatur
957 1165 1142 1250 significatio
1163 1167 1291 1234 fiducie

216 1273 672 1360 efficiendepeweehrleieten,
697 1270 840 1348 elehem),
863 1290 932 1354 quae
953 1273 993 1338 ab
1014 1273 1071 1340 tae
1091 1273 1160 1340 leee
1181 1273 1292 1340 aliena.

217 1383 275 1446 eet.
319 1378 429 1464 Itaque
450 1379 624 1464 eerrigeudi
645 1377 775 1444 aenaim
797 1394 834 1444 ee
854 1375 1034 1462 dirigendus
1056 1381 1114 1456 eet,
1135 1383 1171 1446 ut
1191 1399 1290 1464 pree·-

216 1489 330 1552 etare
365 1505 385 1552 a
419 1487 574 1554 frumento
607 1484 786 1552 abiunetum
823 1483 863 1550 ad
898 1483 988 1550 illam
1021 1487 1284 1569 temperatiorem

216 1591 428 1658 uererentur.
484 1589 605 1658 Deinde
635 1590 753 1656 eertum
784 1591 835 1655 eet
854 1590 887 1655 et
907 1608 927 1656 a
949 1590 1057 1658 mulda
1078 1591 1287 1671 iutellaatum,

217 1697 351 1762 alterum
377 1696 568 1775 debeant,
601 1694 682 1780 qued
703 1695 788 1761 verbi
808 1696 907 1762 ferma
938 1715 1061 1778 prereua
1084 1717 1213 1780 pravum
1235 1699 1292 1766 aet

216 1805 285 1887 (pre
308 1822 353 1883 ee,
374 1803 458 1888 qued
477 1805 525 1872 eet
546 1822 612 1869 eos
634 1801 789 1882 debere;
811 1821 884 1871 num
906 1822 1074 1888 pronomen
1096 1804 1205 1872 abesse
1229 1823 1284 1870 ne·

215 1911 284 1994 quit
304 1911 336 1974 iu
357 1910 441 1988 illie,
478 1909 587 1993 quibua
609 1907 668 1975 hee
689 1909 920 1994 persuadeatur,
945 1909 1188 1994 significandis),
1223 1911 1292 1978 hue.

216 2015 404 2082 translatum
417 2013 696 2097 eseeereuperiore
718 2015 885 2082 debeant
904 2015 1014 2082 itidem
1037 2013 1189 2082 infinitivo
1211 2015 1285 2080 sub·

215 2123 307 2188 ieete.
350 2121 419 2188 Iam
443 2120 537 2197 illius¹
560 2139 653 2204 quam
675 2120 747 2201 diri,
779 2122 949 2208 corrigendi
968 2123 1027 2190 riae
1047 2121 1159 2205 triplex
1181 2121 1292 2204 peresi

218 2247 285 2294 esee
309 2227 424 2303 exitus,
455 2227 588 2311 primus,
620 2246 712 2312 quem
734 2227 871 2294 Faernus
892 2229 1027 2310 invenit,
1054 2227 1090 2292 ut
1110 2227 1281 2293 scribatur:

210 2329 292 2400 'Heu
319 2383 329 2400 .
355 2384 364 2400 .
391 2381 400 2400 .
428 2333 647 2412 deterrere,
689 2351 735 2398 ne
779 2332 1015 2398 frumentum
1058 2333 1289 2415 conferant,

217 2440 314 2524 qued
346 2440 534 2524 praeetare
566 2439 716 2514 dicaret,
751 2437 980 2504 eiiam...
1016 2457 1087 2506 neu
1114 2439 1290 2524 possint,

216 2544 417 2612 Gallorum
444 2593 482 2612 ..
504 2591 515 2611 .
551 2545 740 2627 perferre,
761 2543 793 2610 in
812 2563 872 2628 quo
894 2545 981 2613 verbi
1002 2545 1139 2610 dieant
1158 2545 1190 2610 iu
1213 2545 1282 2612 da-

216 2651 334 2718 beant
364 2651 477 2718 mutati
498 2651 575 2716 ratio
597 2669 659 2716 nen
680 2651 770 2716 faeile
792 2649 947 2728 redditur,
979 2650 1078 2734 alter,
1111 2670 1207 2740 queml
1226 2669 1290 2736 ego·

215 2757 290 2824 olim
311 2757 455 2836 indicavi,
485 2759 530 2834 ut,
566 2755 695 2824 sublatis
717 2755 814 2840 qued
834 2758 868 2822 et
890 2755 1079 2836 debeant,
1114 2758 1288 2826 aeribmrr

216 2882 262 2928 ne
370 2864 596 2936 conferam
627 2862 829 2946 prestare,
865 2861 993 2930 eiiam
1016 2863 1085 2944 eet,
1114 2863 1182 2946 ipse
1204 2881 1281 2947 que·

216 2987 274 3052 que
295 2969 465 3044 violentior,
487 2968 609 3046 tertius,
642 2968 675 3034 in
702 2987 793 3052 quem
814 2971 925 3054 postea
945 2969 1070 3055 demum
1094 2969 1198 3048 ineidi,
1235 2971 1279 3046 ut,

214 3074 299 3140 nulla
319 3074 424 3141 littera
447 3074 583 3152 mutata,
617 3074 685 3140 duae
718 3093 808 3142 voees
829 3073 939 3143 vicinae
961 3076 1067 3141 sedem
1088 3077 1264 3161 permutent
1272 3097 1287 3140 :2

215 3199 259 3246 ne
366 3181 600 3247 frumentum
622 3180 848 3260 censerant,
870 3181 972 3265 quod
993 3182 1167 3259 deteant3
1184 3201 1289 3266 pru--

214 3295 333 3362 erare,
364 3287 398 3352 ei
432 3286 508 3352 iam
530 3288 603 3354 eet·
650 3286 754 3372 Atque
782 3288 862 3354 haue
885 3287 1035 3354 rationem
1055 3307 1136 3352 uune
1157 3305 1282 3373 proreue

214 3394 288 3474 pute
330 3392 535 3474 sequendam
578 3391 725 3460 ferillime
767 3393 961 3478 intelligitur,
1004 3395 1056 3478 qui
1097 3400 1289 3477 praetere

214 3515 307 3579 praue
329 3515 400 3562 eum
422 3497 591 3565 debeant
613 3497 818 3576 euniuuetum,
851 3499 962 3564 deiude
984 3499 1204 3584 tanspoeitum
1227 3500 1279 3567 sit.

214 3601 311 3668 Recte
334 3605 440 3669 autem
465 3606 656 3687 prestere
678 3623 714 3670 ex
736 3622 851 3683 eorum,
889 3623 963 3690 ques
985 3605 1095 3674 Liseus
1115 3593 1288 3691 reprehens

215 3707 278 3783 dit,
321 3728 450 3792 persona
483 3709 600 3778 dietum
634 3711 800 3796 accipitur,
842 3712 979 3795 pendens
1016 3713 1054 3778 ab
1090 3711 1290 3779 seditiosa.

215 3815 402 3881 oratione.
453 3817 507 3902 [lu
538 3817 618 3884 haue
641 3816 886 3884 emendationem
909 3819 1004 3884 etiam
1025 3817 1169 3886 Hellerua
1202 3818 1289 3884 inei-

215 3918 262 3986 ee
282 3921 392 3988 eruor.
414 3921 521 3990 xxxi
542 3943 572 4006 p.
595 3921 686 4006 ere]
