2918 4636
594 315 717 374 Ovidius.
1097 319 1157 384 105

266 509 391 596 Tityrus
413 510 556 595 antiquos
577 531 689 597 erpere
710 513 765 578 uti
785 515 934 596 pasoeret
956 461 1067 582 herbas

262 643 273 671 ’τ
309 616 441 699 aptaque
461 617 585 682 venanti
606 617 733 686 Gratius
756 635 843 686 arms
868 619 965 695 daret

130 717 260 788 honest
272 741 287 784 :¹
303 721 335 786 et
355 738 425 787 oum
448 721 574 788 Gradus
596 723 684 789 daei
705 725 827 805 herme,
851 725 904 790 ubi
919 725 1043 809 Tityrus
1058 729 1200 808 praeerat
1310 767 1313 772 -

129 825 274 999 mique?
308 826 386 1000 (igm-
414 827 497 909 apud
528 827 700 912 Vergilium
719 830 873 910 numus)
906 849 1029 913 oapraa
1060 829 1201 899 etarma

131 950 232 999 veuau
279 951 318 1015 ap
355 986 361 998 .
473 981 476 986 -

231 1144 268 1207 In
283 1143 442 1210 launum
451 1142 551 1220 libris,
564 1144 730 1226 inquibus,
743 1144 888 1210 saumis
900 1144 1045 1225 maxime,
1056 1147 1199 1230 quadum

130 1246 261 1314 Ovidius
283 1248 350 1330 ipse
371 1250 474 1316 minus
494 1251 651 1333 eleganter
673 1251 705 1316 et
726 1249 886 1333 perspicuo
906 1249 1019 1332 scripta
1040 1251 1202 1336 reliquisse

7 1413 9 1420 ,
128 1353 266 1430 videtur,
297 1354 329 1420 in
350 1356 467 1421 lubrico
489 1356 648 1439 soriptmae
679 1355 879 1421 fundamento
906 1373 1004 1438 panea
1026 1375 1059 1422 se
1080 1357 1200 1426 obtule·

129 1462 227 1534 runt,
260 1460 293 1524 in
328 1463 436 1545 quibus
469 1462 585 1546 aliquid
616 1462 740 1528 effieere
775 1479 855 1528 nova
888 1462 1102 1528 emendatione
1123 1463 1201 1530 mihi

129 1565 261 1633 viderer.
310 1566 385 1646 Qnse
406 1567 483 1632 alios
506 1585 672 1652 oooupaese
693 1567 781 1633 video
804 1569 852 1647 (ut
872 1569 930 1643 lll,
953 1568 1014 1631 716
1035 1570 1200 1638 Heinsium

125 1683 247 1756 paetus,
269 1674 307 1748 V,
332 1671 391 1736 158
414 1671 587 1757 Gierigium
608 1663 720 1753 sauri),
741 1672 792 1738 hio
814 1693 933 1758 quoque
955 1675 1039 1742 tollo.

231 1779 301 1846 Lib.
323 1781 356 1856 I,
380 1778 439 1843 231
463 1779 528 1857 (ubi
548 1780 641 1848 Ianus
664 1796 788 1846 oausam
810 1779 931 1854 reddit,
959 1797 1012 1846 our
1043 1781 1077 1848 in
1101 1781 1201 1852 altera

129 1901 329 1953 nummorum
350 1888 438 1969 parte
459 1886 559 1952 torma
580 1887 685 1969 bioeru
706 1886 776 1960 siti:

188 2007 200 2061 ,·
265 1991 400 2058 Nosoere
422 2011 473 2058 me
496 1991 611 2075 duplici
631 2010 736 2075 posses
758 1995 793 2057 ut
814 1991 957 2075 imagine,
982 1990 1068 2070 dixit,

308 2099 342 2163 ni
362 2098 451 2164 vetus
472 2098 542 2182 ipsa
562 2098 628 2170 dies
651 2098 845 2164 extenuasset
864 2115 950 2181 opus.

129 2201 240 2288 Neque
274 2223 329 2286 per
357 2223 391 2270 so
412 2204 541 2289 ‘consilii
574 2205 761 2288 signifieatio
794 2204 852 2286 (at)
881 2202 956 2270 ferri
976 2204 1081 2293 potest
1102 2221 1202 2288 neque

130 2299 202 2375 oum
232 2309 359 2376 adiecta-
384 2310 566 2377 condicionis
598 2306 822 2395 significatione
852 2309 1016 2377 oouoiliari.
1073 2309 1135 2376 Sed
1158 2309 1201 2390 in,

131 2415 214 2499 quod
236 2416 268 2480 in
291 2417 407 2501 aliquot
430 2417 587 2484 uodieitus
608 2416 819 2492 substituitur,
850 2417 901 2485 uix
920 2417 953 2481 in
974 2425 1009 2478 ot
1028 2415 1201 2498 transisset.

131 2519 337 2588 Soribenduur
357 2522 488 2600 uidetur,
510 2523 669 2606 geminata
689 2546 704 2585 e
724 2523 838 2600 littera,

684 2644 789 2710 posses
812 2627 865 2692 eut
886 2627 1031 2710 imagine.

233 2735 302 2801 Ibd.
325 2733 396 2812 541,
419 2734 499 2798 542:

174 2839 241 2906 Neo
263 2858 349 2905 mora
371 2840 462 2924 longa
482 2839 566 2918 suita
584 2841 708 2906 etaim
728 2857 807 2906 nova
828 2839 922 2918 teoto,
945 2853 1043 2920 oeque
1065 2834 1142 2901 alter

217 2946 375 3012 montibus
395 2945 542 3011 Ausoniis
565 2944 686 3010 troade
707 2945 804 3011 maior
826 2945 901 3010 erat.

132 3049 253 3118 Parum
275 3053 358 3117 reote
380 3052 522 3118 universa
553 3050 646 3116 ltalia
677 3050 802 3135 eiusque
830 3053 939 3135 gentes
971 3045 1125 3114 montium
1146 3065 1202 3130 ap·

131 3159 302 3243 pollutione
327 3157 554 3242 significantius
576 3155 682 3238 opinor
704 3155 849 3222 Ovidium
870 3155 1046 3239 sennense:

469 3263 618 3326 mentibus
642 3262 799 3341 Ausoniis,
915 3289 917 3294 ’

132 3369 190 3436 hoe
221 3368 383 3452 satagui
415 3369 534 3436 animos
570 3368 730 3434 Ansoum
752 3369 783 3433 et
815 3385 920 3436 eorum
953 3364 1064 3432 iadioio
1101 3363 1194 3447 atque

133 3477 349 3544 estimatione.
370 3525 395 3548 ,
708 3511 710 3516 ,
1249 3525 1252 3536 .

234 3581 277 3659 ll,
300 3581 361 3646 282
382 3580 495 3647 damon
510 3580 609 3648 Dialis
624 3581 724 3665 feriere
739 3581 907 3666 (praeterito
933 3579 1028 3644 etiam
1048 3575 1202 3658 ternpore)

133 3690 266 3756 adsela
287 3707 375 3755 saoro
396 3687 489 3753 Panis
511 3687 670 3770 perinepte
693 3688 812 3752 dieitur.
867 3684 928 3750 Sed
950 3692 1015 3747 arao
1036 3681 1204 3764 repetitum

135 3803 202 3860 eu
228 3794 290 3858 280
321 3798 456 3878 apparet,
480 3795 567 3876 eique
597 3793 630 3857 in
661 3793 845 3876 quibusdam
870 3790 1025 3855 oodioibus
1046 3785 1199 3852 substitu-

134 3902 202 3966 tnm
226 3902 292 3963 ase.
334 3899 456 3965 Excidit
486 3899 582 3983 igitur
611 3899 739 3965 verbum
761 3899 800 3964 ab
820 3897 929 3963 Ouidio
956 3895 1110 3979 positum,
1145 3909 1203 3956 neo

133 4006 224 4078 faoile
244 4005 390 4090 reperiri,
423 4006 503 4090 qnod
535 4005 630 4072 etiam
663 4004 764 4070 versui
795 4001 980 4079 satisfaciat,
1011 4000 1115 4084 potest
1138 3997 1210 4064 nisi·

98 4171 100 4174 .
135 4128 246 4178 unum:
593 4131 595 4136 ⁸
