2956 4648
322 263 384 326 m
679 261 973 350 mmmm

277 461 327 538 su,
358 435 426 544 qus
459 460 491 523 rn
521 459 716 542 interpolatis
752 459 909 524 reuersus
949 459 1092 543 rogum
1122 461 1177 524 aur
1208 459 1248 524 on
1278 457 1345 522 aliis

278 567 400 632 tentata
436 566 523 630 sunt:
568 563 672 644 Quod
704 566 848 649 qnaeris
877 586 896 630 a
925 585 1000 642 me,
1036 565 1219 648 liquebat
1250 564 1346 628 mibi

277 673 377 734 scire
404 691 458 733 mo
479 681 511 734 et
537 670 669 732 dicare
688 692 807 754 poseo
838 675 921 754 (por
942 693 978 734 se
995 673 1155 756 possc?);
1193 669 1258 735 sed
1280 669 1344 732 din

277 779 335 843 cet.
376 776 523 842 Eiusdem
551 776 688 860 epistola
719 776 780 857 §5
808 776 856 856 (6)
887 776 970 859 qnod
1001 777 1160 841 scribitur:
1189 775 1343 858 Aliquo.

275 883 442 966 inquam,
463 881 706 947 incommodo
728 882 901 947 afflatur
932 881 1124 948 maximus
1150 882 1201 957 is;
1238 878 1342 944 illud

275 989 411 1052 bonum
442 991 502 1052 est
532 988 667 1064 lixum,
703 990 771 1061 oet..
806 1007 912 1052 verum
940 1006 1007 1052 csse
1030 989 1228 1070 nonpotcst3
1270 1005 1340 1050 nam
1431 1011 1435 1014 ·
1464 1047 1465 1096 ἦ

275 1111 374 1176 neque
406 1094 532 1158 maximi
566 1093 771 1184 appellatione
809 1111 945 1176 unquam
985 1092 1099 1158 Seneca
1136 1093 1168 1158 in
1204 1091 1340 1173 sapiente

273 1201 380 1276 utitur,
409 1201 444 1263 nt
464 1189 606 1264 omittam
628 1199 661 1265 is
684 1218 851 1283 pronomen
872 1199 953 1263 mire
977 1200 1147 1264 extremum
1169 1197 1338 1272 adhaerens,

273 1306 404 1383 (rectum
427 1307 510 1369 esset
529 1304 626 1382 ille),
659 1325 715 1371 nec
748 1305 850 1369 illnd
877 1306 1014 1370 bonum
1037 1304 1117 1368 nudo
1139 1304 1211 1387 poni
1230 1304 1337 1386 posces

274 1413 419 1494 quonium
442 1411 560 1476 nullum
581 1429 676 1474 annm
698 1412 779 1477 inter
798 1415 902 1476 cetera
919 1411 1128 1494 significatum
1152 1411 1215 1484 est;
1235 1411 1337 1492 itaque

273 1515 313 1580 ad
334 1516 612 1581 sententiomrecte
626 1516 771 1581 cod.Pal.
785 1517 822 1581 4:
845 1517 1049 1582 maximum
1072 1516 1170 1581 illud
1193 1517 1337 1590 bonum,
1364 1568 1368 1572 Α

253 1621 329 1685 sed
361 1622 410 1686 vix
441 1622 512 1687 inde
543 1622 615 1685 oriri
644 1623 760 1703 potnit,
793 1623 871 1706 qnod
901 1623 932 1687 in
958 1624 1068 1687 aeteus
1091 1621 1245 1688 codicibus
1276 1623 1335 1695 ost;

270 1728 375 1810 itaquo
404 1729 539 1810 suspicor
571 1729 616 1792 sie
645 1730 796 1812 scriptum
828 1728 939 1794 luisse:
985 1729 1142 1811 Aliquo,
1168 1729 1336 1810 inquam,

270 1833 341 1896 inc.
359 1833 536 1910 afflatum
559 1835 722 1896 mauimi
741 1834 950 1899 ceaeillud
972 1837 1110 1901 bonnm
1132 1837 1190 1899 est
1210 1835 1333 1898 fixum.

371 1940 427 2022 Ep.
457 1939 507 2012 73,
540 1938 575 2000 3:
629 1939 709 2004 Nec
741 1939 902 2004 ambitio
937 1942 1088 2004 tantum
1123 1939 1333 2004 instabilis

271 2043 345 2115 est,
377 2061 513 2108 nerum
537 2045 742 2126 cupiditas
775 2045 915 2119 omnis,
950 2045 1037 2128 quia
1073 2045 1214 2127 incipit
1235 2063 1334 2110 sem·

270 2167 336 2230 per
357 2145 482 2214 atine.
504 2150 689 2225 Videndum,
712 2151 855 2216 nescribi
871 2152 983 2216 debeat
1003 2148 1265 2213 insociabilia.
1289 2149 1333 2212 De

272 2273 308 2318 eo
331 2255 412 2319 euim
437 2257 467 2318 et
488 2257 519 2320 in
542 2257 748 2338 superioribus
770 2257 883 2340 agitur,
917 2277 979 2322 non
1000 2258 1039 2321 de
1061 2254 1227 2321 ambitione
1250 2254 1333 2336 cupi·
1464 2269 1465 2332 l

271 2359 456 2425 ditatibusve
488 2381 568 2426 nunno
594 2363 670 2440 hnc,
693 2382 773 2428 nunc
801 2363 876 2426 illnc
910 2383 942 2427 se
965 2361 1223 2442 convertentibus,
1249 2361 1281 2424 et
1302 2378 1335 2423 eo

269 2465 422 2546 pertinere
455 2468 577 2532 videtur
605 2487 697 2534 eausa
720 2471 850 2534 adiecta.
905 2469 987 2534 Nam
1010 2488 1029 2533 a
1050 2468 1110 2532 fine
1133 2467 1183 2543 (de
1205 2468 1334 2550 integro)
1464 2557 1465 2560 Ἴ

268 2571 402 2653 incipere
423 2593 482 2638 non
503 2575 656 2639 instabilis
674 2563 808 2640 ⁴hominis
834 2576 891 2652 est,
915 2574 970 2639 sed
991 2593 1053 2638 non
1075 2573 1228 2637 exsatiati.

370 2681 425 2762 Ep.
448 2680 499 2756 74,
532 2680 588 2743 25:
633 2679 717 2744 Non
750 2681 849 2746 facit
881 2680 1054 2745 allectio
1086 2677 1206 2742 amici
1229 2678 1333 2759 sapi-

268 2785 469 2860 entiorem,
493 2805 562 2850 non
584 2786 687 2850 lacit
708 2786 942 2874 stultiorem
965 2785 1172 2850 detractio.
1220 2783 1334 2848 Mirum
1464 2785 1465 2870 ζ

267 2893 325 2969 est,
348 2891 508 2969 Haasium,
542 2911 611 2956 cum
633 2891 764 2975 vestigia
785 2891 898 2956 codicis
926 2892 951 2955 P
987 2889 1160 2967 (allecto)
1184 2891 1216 2954 et
1237 2889 1332 2954 Italos
1361 2895 1365 2900 “
1464 2879 1465 2956 l

268 2995 456 3077 (allectio)
487 2998 674 3080 sequeretur,
708 3015 768 3061 non
792 2997 914 3069 vidisse,
944 2997 1126 3061 detractioni
1147 2997 1332 3060 contrariam

266 3119 334 3166 esse
357 3102 626 3166 adiectionem.
658 3104 745 3185 (Arg.
770 3102 805 3166 b:
827 3102 998 3168 abiectio
1021 3103 1200 3168 animum.
1236 3103 1332 3186 Supe-

265 3207 369 3284 riores,
400 3207 493 3272 etiam
516 3206 687 3284 Fickentus,
709 3207 927 3289 interpolatam
952 3209 1136 3290 scripturam
1158 3209 1332 3274 habebant:

265 3311 448 3378 collectio
470 3313 737 3391 amicorum.)¹)

264 3537 463 3546 --—·-·---——-

283 3690 304 3758 ¹)
332 3695 347 3756 ξ
378 3693 394 3746 9
421 3707 453 3746 ex
486 3690 609 3759 vestigiis
636 3689 677 3744 Ab
705 3693 733 3744 ct
763 3689 862 3744 codicis
893 3690 1020 3762 Opsopoei
1050 3691 1332 3762 (invidentesque

333 3783 421 3838 alios
452 3799 521 3854 spes
549 3800 634 3837 rona
663 3782 807 3850 delusit)
834 3785 906 3838 recte
938 3783 1057 3853 Lipsius,
1074 3784 1193 3840 effecisse
1222 3785 1333 3840 ridetur

332 3874 559 3944 irridentque
582 3875 657 3942 alii,
680 3893 761 3945 quos
789 3893 836 3948 sp.
863 3894 888 3932 n.
917 3875 951 3940 (1.,
971 3877 1113 3945 minusque
1132 3876 1228 3945 placet,
1258 3877 1333 3946 qnod

332 3965 469 4035 Hauptius
487 3967 530 4030 Il,
562 3970 595 4024 14
622 3983 637 4022 e
655 3968 830 4025 deterioribus
849 3967 973 4032 tentavit.
1026 3973 1041 4034 s
1061 3971 1094 4025 16
1113 3969 1210 4024 debuit
1231 3969 1332 4024 Seneca
