2938 4630
570 309 733 380 Propertius.
1100 305 1141 374 65

288 507 408 572 melodi
427 511 569 593 quoniam
593 527 658 574 sore
680 527 749 573 mee
772 527 852 591 saepe
875 511 969 587 venit,

118 612 177 679 boo
202 615 259 692 eet,
283 615 364 696 quod
386 631 464 698 seepe
486 615 562 680 mihi
585 633 621 678 ee
642 633 705 680 sors
727 615 858 689 obvenit,
880 617 916 680 ut
937 615 1088 684 exeludar.
1098 619 1123 695 ¹)

222 719 272 784 ΠΙ
294 721 361 798 (IV)
382 721 402 784 8
425 723 476 800 (ul.
501 722 543 800 9),
564 722 605 782 35
628 722 660 785 et
680 722 736 783 36:

274 825 344 890 Non
367 843 422 911 ego
442 829 567 893 velifero
586 827 740 892 tumidum
762 845 847 892 mere
867 825 950 892 findo
974 827 1089 892 cerina:

315 934 384 998 tuto
399 934 456 1010 (sio
467 933 532 998 eoi.
546 931 595 1013 G.)
611 933 667 998 sub
681 934 788 1016 exiguo
803 931 929 996 flumine
940 936 1044 998 nostru
1057 936 1184 999 morast.

122 1035 193 1102 Soio
228 1037 291 1102 diei
322 1037 464 1101 subalta
486 1037 565 1101 valle
596 1039 779 1122 similiaque,
813 1039 893 1122 quod
926 1039 958 1102 in
991 1039 1071 1103 velle
1093 1039 1186 1104 simul

122 1143 278 1226 cogitatur
299 1144 337 1208 (le
359 1144 489 1209 collibus
511 1163 579 1210 eem
602 1147 810 1230 eingentibus;
839 1146 909 1218 seio,
938 1145 993 1206 sub
1014 1144 1075 1207 imo
1099 1145 1187 1207 eorde

121 1267 261 1332 prorum
293 1248 421 1333 aliquid,
455 1252 609 1316 eminente
636 1251 809 1316 ooeultendi
830 1249 886 1315 sub
909 1250 1009 1333 aliquo
1031 1249 1187 1334 signifiea-

123 1354 226 1431 tione3
261 1355 458 1439 nauigantem
486 1357 547 1421 diei
579 1355 785 1439 ePropertio
815 1355 951 1438 potuisse
983 1357 1097 1421 mereri
1130 1357 1186 1421 sub

124 1461 232 1544 exiguo
256 1461 388 1535 flumine,
412 1481 470 1526 non
493 1463 599 1539 oredo;
632 1464 790 1528 Lucanum
812 1461 899 1526 video
924 1481 959 1526 eo
980 1478 1186 1546 progressum,

129 1567 163 1629 ut
180 1565 237 1641 IX,
272 1565 334 1629 435
367 1567 424 1632 hee
450 1573 591 1652 poneret:
624 1567 712 1629 nulla
739 1567 794 1629 sub
816 1567 872 1629 o'tla
898 1565 981 1631 Cura
1002 1567 1085 1630 Ioeie
1107 1577 1188 1630 ima
1308 1595 1310 1598 ·

132 1681 180 1748 eei,
201 1673 231 1735 et
252 1671 302 1748 X,
324 1673 380 1735 66:
414 1673 632 1759 Leucadioque
657 1673 724 1758 suit
745 1673 854 1736 dubius
875 1673 929 1736 enh
950 1673 1070 1758 yuryo'te
1092 1697 1187 1741 oaeue.

16 1817 17 1822 κ
132 1776 196 1842 Une
216 1778 317 1842 voeeli
338 1780 458 1844 mutate
482 1781 533 1844 fit:

277 1885 347 1948 tute
367 1885 424 1948 sub
445 1885 552 1968 exiguo
567 1887 698 1973 flamine
718 1888 822 1951 nostre
842 1886 967 1950 morast.

131 2059 132 2071 χ
226 1989 273 2053 lV
295 1989 345 2066 (V)
366 1989 401 2066 4,
433 1991 473 2053 55
496 1992 538 2068 (in
562 1994 699 2078 Tarpoiae
721 1991 868 2069 oratione)
891 1991 955 2055 baeo
976 1993 1023 2055 est
1047 1990 1189 2056 oodieum

125 2093 297 2180 seriptum:

211 2201 266 2266 Sio
286 2202 396 2286 hospes
417 2204 576 2285 pariemne
597 2205 651 2267 tua
675 2201 725 2282 (G.
748 2202 864 2285 perium
887 2201 941 2265 tuo
962 2205 1012 2278 ne)
1035 2199 1143 2284 regina

929 2305 986 2370 snb
1009 2305 1088 2380 aule

250 2414 306 2478 dos
330 2415 387 2479 tibi
408 2434 467 2479 non
488 2413 614 2480 humilis
635 2413 758 2496 prodite
779 2413 877 2477 Rome
898 2411 991 2488 venit,

128 2538 164 2584 eu
186 2537 249 2603 que
274 2519 386 2584 leniter
405 2521 536 2585 iuvando
564 2519 700 2586 nuscitur
720 2519 784 2583 heeo
806 2519 837 2582 et
858 2515 958 2582 verbis
984 2517 1015 2580 et
1035 2517 1189 2583 sententie

128 2625 274 2708 peropto:

215 2729 249 2795 si
272 2730 328 2794 hoe
348 2739 474 2814 speciae,
491 2752 556 2814 pao·
577 2751 681 2793 eamne
700 2740 784 2791 tuam
805 2725 911 2811 regine
933 2727 990 2792 sub
1013 2725 1128 2802 numm,

265 2835 318 2900 dos
340 2836 398 2902 tibi
420 2854 478 2901 non
501 2837 627 2901 humilis
648 2835 769 2918 prodita
791 2833 891 2898 Rome
913 2832 1008 2898 venit.

232 2941 300 3005 Ibo.
322 2941 377 3006 59:

269 3045 457 3113 commissus
482 3049 562 3114 enies
585 3066 640 3132 ego
666 3064 792 3130 possum
815 3044 948 3110 solvere:
970 3047 1084 3127 nnptae,

314 3171 368 3220 ros
390 3153 527 3218 medinm
550 3153 633 3236 pelle
654 3151 751 3217 foedus
771 3151 846 3216 inite
868 3167 947 3215 mea.

234 3256 303 3323 Non
333 3261 446 3341 nuptas
479 3258 643 3341 alloquitur
678 3257 815 3340 Tarpeio,
851 3257 905 3322 sed
939 3257 1031 3333 viros,
1069 3255 1197 3322 Sabinos

135 3363 369 3447 Romanosque,
395 3365 478 3430 inter
498 3383 572 3448 quos
593 3363 692 3428 loedns
715 3363 822 3428 oonfiei
843 3363 906 3426 suis
930 3363 962 3426 et
976 3359 1060 3427 Tatii
1083 3363 1199 3445 nuptiis

137 3589 187 3598 *00-
202 3591 311 3598 ------.-
322 3593 331 3597 -

162 3746 247 3814 1)ΙΙ,
274 3749 309 3802 33
340 3748 409 3813 (111,
440 3749 486 3810 31)
516 3747 551 3801 37
579 3759 640 3798 enm
668 3741 697 3795 in
725 3739 840 3804 duobos,
876 3738 974 3809 quibus
1004 3737 1068 3793 solis
1095 3738 1201 3792 utimur

207 3837 260 3891 fide
280 3837 379 3907 dignis,
407 3838 543 3894 codicibus
570 3837 702 3892 scribetur
720 3835 821 3886 demissa
845 3837 869 3885 in
890 3833 1071 3899 penuriosam,
1099 3845 1204 3900 semper

208 3930 321 3985 miratus
340 3950 406 3996 sum,
425 3949 470 3986 eur
489 3931 582 3986 edatur
600 3930 693 3983 contre.
710 3925 829 3980 omnium
852 3941 929 3978 usum
949 3925 1056 3976 demissae
1075 3965 1081 3977 .
1103 3934 1203 3978 ‚serem

209 4021 262 4077 sed
289 4025 381 4082 subest
408 4027 519 4081 fortusse
547 4019 651 4090 aliquid
669 4018 855 4075 reconditioris
882 4017 1029 4086 sapientie,
1059 4014 1131 4085 quod
1149 4031 1199 4084 ege

209 4132 262 4171 non
280 4118 442 4189 intelligam.

189 4207 297 4244 reluvium
309 4211 386 4246 nomn.
398 4211 447 4244 cnr.
468 4211 490 4244 ll.
993 4209 1006 4250 5
