2956 4648
412 249 414 253 ’
549 271 580 326 u.
599 271 704 326 senem
723 272 856 342 spuere.
1125 273 1183 336 491

168 470 378 540 existimas
418 468 634 543 interesse,
674 472 804 534 utrum
838 469 1015 552 sliquiss
1045 472 1143 555 quod
1185 472 1228 537 16

167 579 253 640 rats
286 574 353 639 sed
385 574 480 656 quod
512 575 748 655 preestsbst,
791 575 1001 657 sumpserit
1033 596 1076 642 sn
1114 577 1227 642 bene·

165 680 305 745 iieium
338 679 553 761 acceperit,
586 682 628 744 ut
649 680 771 745 deret.
823 678 966 760 Optimus
988 681 1109 747 llrusmi
1131 701 1228 764 prse-

166 787 310 858 stsret‚
343 803 421 850 unus
454 783 597 868 Opsopoei
628 777 851 866 prestaret.
880 784 1061 872 ¹llltieitur:
1097 790 1226 851 utrum

165 890 331 972 aliquis,
368 888 466 972 quod
503 889 626 964 daret,
665 909 684 953 s
726 909 781 968 36,
820 890 916 972 quod
952 894 1094 973 praesto
1127 896 1252 966 6161ἰ

165 996 383 1078 sumpserit
407 1013 450 1059 sn
474 997 530 1060 eet.
587 995 734 1060 Prsesto
768 996 853 1060 eret
874 995 994 1076 Lipsius
1017 997 1184 1073 invenerat,
1208 1016 1226 1062 s

164 1120 206 1165 36
228 1101 372 1166 Hsssius.
408 1100 581 1178 3Postremo
603 1100 621 1182 ἓ
644 1100 681 1161 21
706 1099 771 1177 (20)
793 1101 858 1166 haee
885 1101 1030 1167 eduntur:
1074 1103 1224 1167 Inaesti-

164 1207 347 1270 rnsbilem
403 1206 496 1288 (rem)
543 1209 781 1272 eonse'eutus
833 1226 886 1284 es,
940 1207 1224 1272 conscientiam

164 1313 291 1396 greti,
314 1331 400 1394 quse
416 1312 492 1376 nisi
514 1311 550 1374 in
572 1311 740 1376 animum
764 1309 939 1374 divinum
957 1310 1225 1377 fortunatum-

164 1437 237 1500 que
271 1435 343 1482 non
381 1417 571 1499 pervenit.
625 1413 667 1479 In
701 1415 940 1481 eontrarium
971 1419 1101 1482 sutem
1136 1418 1226 1483 huic

163 1523 357 1588 allectum
394 1541 540 1587 summa
571 1521 796 1586 infelicitas
830 1524 951 1604 urget.
995 1522 1093 1601 Quem
1116 1525 1225 1608 urget?

163 1631 194 1693 et
217 1629 289 1711 quid
312 1631 359 1694 est
383 1647 490 1710 serpere
512 1627 544 1687 111
566 1629 752 1688 eontrarium
775 1628 938 1711 affectum?
974 1627 1123 1694 Tollenda
1144 1647 1222 1710 prae-

162 1735 272 1818 positio
311 1737 375 1798 est:
431 1733 677 1800 Contrarium
722 1735 853 1796 sutem
898 1733 987 1797 huie
1031 1732 1223 1798 allectum

163 1841 328 1924 (ingratum
352 1839 500 1914 animum)
523 1857 670 1903 summa
691 1837 917 1936 infelicitas
940 1840 1065 1922 urget.

261 1946 317 2028 lilp.
342 1943 393 2019 82,
416 1943 449 2008 2:
473 1943 624 2008 Deinde
647 1943 818 2008 deliesti
839 1943 941 2008 idem
961 1944 1221 2016 timentmori

161 2052 221 2116 eui
251 2051 374 2115 vitem
412 2068 519 2114 susm
549 2049 680 2134 lesere
710 2049 891 2114 similem
945 2051 1019 2130 Quis
1048 2069 1108 2116 uon
1131 2051 1222 2124 videt,

162 2175 254 2240 preve
288 2156 430 2239 coniungi
468 2155 569 2220 idem
611 2155 726 2228 mori,
772 2155 804 2218 et
847 2156 1030 2222 seutentiam
1071 2155 1223 2239 requirere

161 2263 316 2328 notiomm
355 2261 529 2345 generalem
555 2261 684 2338 (idem,
730 2261 831 2340 eui)?
885 2263 932 2326 Ae
968 2281 1004 2326 ne
1037 2262 1221 2334 dubitemus,

162 2368 234 2432 boui
269 2367 389 2432 oodioes
430 2367 469 2447 (P
510 2368 570 2441 Ab,
610 2367 674 2444 elii)
709 2367 824 2432 hebent
858 2368 993 2443 morti,
1036 2367 1223 2449 adscriptum

164 2473 340 2538 deelsrsndi
377 2492 468 2540 esuss
502 2474 541 2538 sd
574 2474 636 2538 oui
669 2473 804 2553 (idem,
839 2471 925 2550 eui).
983 2472 1054 2536 Vite
1075 2475 1223 2554 praeteres

161 2579 271 2643 tslium
309 2579 464 2644 homiuum
498 2597 555 2644 nou
597 2583 645 2644 est
676 2578 787 2644 similis
826 2579 939 2643 astioni
972 2577 1132 2655 moriendi,
1169 2576 1223 2641 361

162 2685 264 2760 morti,
285 2685 342 2749 hoe
365 2686 421 2762 631,
444 2689 634 2750 mortuorum
657 2683 836 2748 condicioni.
906 2684 941 2747 In
965 2685 984 2762 ξ
1009 2681 1048 2744 10
1070 2683 1101 2746 61
1122 2675 1223 2764 priore

162 2796 250 2872 perte
273 2790 289 2872 ᾗ
317 2793 350 2852 11
378 2791 410 2869 (9
433 2792 465 2855 61
488 2790 551 2868 10),
584 2808 674 2872 quern
696 2789 797 2853 loourn
819 2787 953 2852 Hessius
975 2807 1010 2852 er
1032 2789 1223 2870 interpolatis

162 2895 314 2961 codicibus
335 2898 367 2961 et
389 2897 563 2961 oonieeturs
584 2896 662 2960 mire
685 2894 873 2977 deprsusuit,
896 2894 971 2958 estis
995 2895 1043 2958 est
1063 2894 1162 2958 redire
1184 2894 1222 2957 sd

161 3002 278 3083 priores
302 3003 333 3066 et
355 3002 556 3094 liielrertum.¹
596 3001 655 3066 Sed
679 3000 759 3084 quod
781 2999 918 3082 sequitur
942 3001 972 3063 in
1001 2999 1081 3064 Pet
1100 2999 1149 3063 Ab
1179 3000 1223 3062 sie

162 3107 331 3188 seriptum:
365 3107 552 3174 lsudstur
585 3127 654 3172 uon
677 3105 863 3172 exsilium
892 3108 935 3170 ut
956 3124 1066 3187 qusm
1089 3104 1223 3170 misis-

161 3215 234 3285 set,
270 3233 336 3295 quae
370 3214 535 3278 sententies
568 3215 600 3278 et
621 3212 768 3278 orationis
800 3211 897 3276 forms
926 3209 1035 3288 luerit,
1065 3211 1223 3293 perspicue

162 3316 354 3384 demonstret
386 3321 417 3384 et
449 3319 586 3406 superior
619 3317 771 3382 sententis
804 3316 1005 3394 (lsudstur
1032 3335 1102 3382 uon
1129 3336 1223 3399 psu-

161 3426 315 3506 pertss.
340 3424 407 3488 361
429 3423 515 3500 1116,
539 3441 649 3505 quem
673 3425 882 3505 paupertas
905 3441 978 3487 nou
1000 3421 1223 3497 submittit)

139 3530 195 3604 ,et
226 3529 351 3594 inferior
384 3527 583 3609 (laudetur
616 3547 689 3593 uon
722 3528 849 3603 dolor,
893 3528 961 3594 sed
993 3527 1080 3604 ille,
1112 3547 1222 3610 quem

161 3635 260 3698 nihil
309 3635 443 3719 etegit
477 3635 609 3711 dolor).
667 3634 734 3698 Nee
769 3634 826 3698 hoe
863 3634 976 3715 priores
1008 3632 1132 3708 fefellit,
1171 3633 1223 3698 sed

144 3742 265 3804 'temen
299 3760 317 3805 s
345 3759 439 3806 esuss
471 3739 583 3806 erroris
613 3743 645 3806 et
677 3741 716 3805 sb
746 3740 813 3822 ipss
834 3738 898 3802 veri
919 3738 1016 3802 forms
1037 3738 1223 3803 aberrarunt.

99 3929 101 3931 Ι
161 3845 333 3930 Scripseret
356 3847 439 3912 euim
461 3845 579 3910 Seneca
600 3845 640 3910 sd
660 3845 740 3909 hune
761 3845 903 3910 modum:
936 3842 1124 3908 laudetur
1152 3863 1222 3908 uon

162 3953 347 4031 exilium,
370 3952 463 4041 Ι[161
483 3951 569 4028 ille,
600 3951 746 4035 quisse
774 3950 810 4012 11
842 3946 1019 4032 esitium]
1050 3947 1118 4008 1111
1140 3957 1224 4008 1611-
1354 3983 1356 3988 -
1468 3995 1469 4038 t
