2970 4648
546 319 575 373 L
594 319 698 374 Souecae
716 317 856 389 Epistolae.
1130 316 1193 380 459

140 529 144 542 '
172 539 239 604 quae
273 515 415 583 Menbelii
438 515 619 598 appellatur,
657 517 688 582 et
720 515 800 598 apud
822 514 1048 599 Opsopoeume
1077 516 1233 582 similibus

171 625 324 691 codicibus
344 624 499 706 ponuntur
521 624 846 695 commemoranturrre,
873 619 912 684 iis
935 620 1060 688 difficile
1083 625 1115 687 et
1135 623 1235 687 lubri-

170 750 239 796 cum
261 732 309 796 est
329 729 385 793 uti.
430 727 533 810 Atque
562 745 597 792 ex
628 727 726 791 tribus
757 725 829 802 illis,
863 727 915 810 qui
946 726 1078 810 priorem
1112 731 1232 808 partem

171 836 337 913 continent,
364 833 551 900 Parisienses
571 833 864 916 Argentoratensem
886 831 1027 898 bonitate
1049 832 1140 918 longe
1162 835 1234 900 vin·

171 945 257 1019 cunt;
281 938 552 1006 exParisiensibus
573 937 718 1013 Hessius,
741 937 793 1021 qni
815 936 853 1002 <le
877 937 943 1002 tota
964 937 1022 1003 hac
1043 958 1077 1003 re
1098 939 1129 1005 in
1151 961 1234 1024 prae-

168 1047 281 1113 satione
311 1045 369 1112 vol.
392 1045 440 1109 ΙΙΙ
460 1064 490 1128 p.
514 1041 560 1108 VI
582 1063 647 1127 sqq.
672 1044 851 1126 egit-recte
872 1042 1092 1109 animadvortit
1114 1046 1234 1111 Pithe-

169 1173 262 1220 anum
284 1154 342 1236 (p),
371 1150 431 1216 etsi
452 1149 589 1216 eiusdem
610 1149 724 1232 stirpis,
747 1149 851 1214 tamen
864 1150 1002 1232 proximo
1015 1137 1133 1234 origine
1157 1171 1235 1217 non-

168 1259 246 1323 nihil
267 1279 285 1324 a
307 1258 449 1322 Thoaneo
471 1255 519 1333 (P)
542 1254 720 1329 distantem,
744 1255 861 1339 aliquot
881 1255 958 1320 locis
980 1256 1011 1319 et
1033 1258 1126 1322 verba
1148 1277 1234 1341 quae-

168 1363 239 1429 dam
262 1365 294 1427 in
316 1363 396 1428 Pet
417 1362 525 1427 ceteris
547 1362 662 1426 omissa
685 1378 832 1438 servasse,
863 1362 900 1425 ut
920 1379 966 1444 ep.
990 1360 1040 1438 66,
1065 1363 1103 1424 15
1125 1364 1157 1426 et
1179 1363 1232 1442 69,

170 1470 189 1531 6
208 1469 269 1549 ¹(4),
291 1471 323 1534 et
343 1487 447 1533 veram
470 1468 653 1550 scripturam
674 1467 707 1531 in
729 1466 791 1531 illis
813 1467 1032 1543 oblitteratam,
1054 1471 1089 1532 ut
1116 1468 1167 1545 67,
1192 1470 1228 1530 ll

169 1575 234 1653 (12)
269 1573 440 1657 quaedam
473 1573 607 1638 tristis
644 1573 774 1638 voltus
807 1572 919 1647 bona,
962 1572 1015 1636 ubi
1051 1574 1083 1637 in
1122 1574 1148 1637 P
1184 1575 1235 1640 est

167 1680 299 1746 tristis
333 1679 561 1760 voluptates
589 1679 701 1754 bonu,
736 1679 766 1742 in
790 1679 900 1743 ceteris
935 1667 1072 1745 t‘frstos
1094 1681 1231 1763 volup·

167 1786 270 1849 tates
291 1785 399 1861 bona,
422 1787 477 1850 aut
498 1783 627 1868 vestigia
649 1785 681 1848 et
701 1783 815 1848 indicia
841 1784 921 1849 veria
943 1786 1094 1867 propiora,
1119 1787 1155 1852 nt
1176 1786 1227 1863 66,

169 1891 187 1951 2
221 1890 524 1965 consecraliter,
564 1908 677 1974 equo
718 1891 799 1954 recte
830 1890 964 1956 Haasins
1006 1893 1231 1968 consecrat;

168 1985 287 2060 aliter
305 1996 386 2070 feeit,
419 1994 472 2060 ubi
494 1996 520 2059 P
541 1995 846 2062 consecralitum
881 1997 982 2073 hebet,
1017 1999 1067 2063 Ab
1090 2016 1232 2062 conse-

168 2101 310 2175 oravit,
343 2102 375 2166 et
396 2100 446 2176 66,
475 2101 514 2162 41
539 2100 606 2180 (38)
628 2102 779 2167 contire
802 2103 911 2183 (ceteri
933 2105 1188 2187 contingere),
1213 2121 1232 2169 e

166 2226 225 2289 quo
258 2206 392 2272 Hessius
415 2206 535 2290 egregie
556 2206 722 2290 exsculpsit
744 2209 977 2274 consentire.
1033 2207 1093 2273 Sed
1123 2212 1229 2274 tumen

165 2312 214 2377 hia
236 2313 322 2377 bonis
357 2312 488 2377 inlectus
521 2313 590 2395 plus
613 2313 768 2397 aliquanto
793 2313 822 2377 ei
843 2313 896 2377 uni
919 2313 1016 2378 codici
1038 2315 1069 2379 in
1092 2313 1230 2380 'Phuanei

167 2416 392 2500 comparatione
406 2419 525 2496 tribuit,
547 2439 639 2503 quam
661 2417 755 2483 tribui
770 2409 943 2499 oportebat;
968 2439 1040 2484 nam
1062 2421 1125 2484 sive
1141 2420 1231 2486 huius

165 2523 262 2606 ipsius
275 2523 340 2589 sive
354 2525 484 2606 proximi
505 2525 667 2610 superioris
678 2524 795 2592 librarii
810 2525 1000 2608 negligentia
1014 2527 1046 2590 et
1056 2532 1157 2590 e'rrore
1170 2545 1230 2590 non

165 2647 261 2712 pauca
282 2629 313 2694 in
335 2649 355 2713 p
377 2631 561 2697 omittuntur
585 2632 638 2696 aut
659 2629 804 2694 mendose
826 2630 1020 2705 scribuntur,
1061 2650 1128 2714 quae
1149 2631 1181 2696 in
1204 2632 1230 2695 P

164 2739 248 2802 reete
270 2755 303 2802 se
325 2737 459 2816 babent,
484 2755 520 2803 ar
550 2756 588 2802 ne
602 2736 663 2800 'ille
686 2733 808 2818 quidem
831 2733 943 2819 ubique
966 2735 1099 2819 simplici
1121 2735 1176 2801 illa
1198 2739 1232 2802 ot

164 2843 233 2908 rudi
256 2842 493 2925 interpolatione
516 2842 594 2908 liber
626 2843 683 2914 est,
715 2842 750 2905 ut
772 2837 821 2916 21,
857 2839 878 2900 4
910 2859 963 2922 pro
985 2838 1230 2923 megistanas

164 2948 360 3014 substituitur
390 2949 421 3013 in
461 2948 514 3013 illo
551 2950 598 3029 (et
620 2947 690 3013 aliis
722 2945 917 3029 quibusdam)
956 2947 1229 3030 magistratus.

166 3055 273 3138 ltaque
311 3074 371 3119 non
406 3055 452 3119 ita
482 3073 579 3138 panca
618 3053 656 3118 ab
689 3051 804 3118 Haasio
841 3051 911 3116 inde
944 3054 1049 3117 contra
1088 3056 1228 3134 apertam

165 3159 317 3224 rationem
342 3162 373 3224 et
398 3178 468 3224 curn
491 3159 650 3226 sententiae
686 3159 740 3222 aut
762 3159 908 3224 orationis
930 3157 1006 3223 vitio
1030 3158 1061 3222 in
1084 3159 1228 3224 contextu
1282 3224 1286 3232 ,

164 3265 266 3348 posita
298 3264 475 3347 expellenda
508 3267 587 3330 sunt.
598 3266 625 3342 1)
682 3264 720 3327 ld
765 3263 984 3346 permolestum
1038 3265 1102 3342 est,
1147 3263 1229 3346 quod
1284 3277 1287 3282 ·

164 3502 365 3510 mn...-

185 3657 206 3721 1)
233 3655 361 3726 Exempla
385 3655 526 3724 exspolio
550 3671 603 3710 non
627 3655 667 3710 ita
684 3671 783 3725 magno
805 3671 911 3726 ponam.
948 3655 1000 3722 Plp.
1019 3657 1061 3721 14,
1081 3656 1229 3712 6reetitu·

177 3748 335 3810 endum
352 3751 394 3803 est
411 3748 446 3815 (P
464 3747 527 3813 Abu
546 3764 602 3817 qur
620 3749 803 3820 patrentrae
834 3747 1057 3802 restrtrsscnt
1074 3764 1133 3817 pro
1167 3764 1228 3816 pa·

236 3842 371 3896 tientla
398 3842 477 3895 rest.
501 3840 549 3910 (p),
572 3840 643 3909 qnod
661 3840 731 3895 nihil
750 3843 799 3896 est
835 3839 908 3894 Illud
926 3841 1033 3908 proprio
1053 3840 1158 3895 Sonuere
1176 3857 1227 3894 usu

236 3933 336 3988 dicitur
354 3948 401 4003 pro
419 3949 465 3996 eo,
493 3932 564 4002 quod
582 3936 691 4002 patrum
710 3931 924 3988 Christianorum
942 3933 1135 3987 consuetudine
1154 3931 1228 3987 dicas

235 4026 408 4095 passioni,
449 4025 622 4082 Ciceroniana
659 4027 880 4095 perpessioui
917 4025 998 4093 (rib,
1035 4025 1162 4094 quoniam
1198 4025 1228 4078 in

236 4117 328 4173 lexicis
346 4119 415 4173 nihil
434 4119 467 4174 de
484 4119 534 4174 hac
551 4118 750 4188 significatione
768 4119 913 4190 reperitur,
941 4135 982 4187 ep.
1002 4121 1048 4184 1³,
1068 4121 1098 4184 63
1119 4120 1159 4186 78,
1181 4118 1226 4182 12;
1253 4123 1255 4126 ’
