2870 4668
327 295 387 360 628
703 297 822 354 biblii.
834 297 899 370 cap.
914 301 952 354 11.

286 495 441 558 britania
473 514 582 578 quam
611 495 814 562 ubertatis.
869 497 972 562 Semel
1003 497 1116 579 scripto
1148 496 1338 574 a(alubri-

285 601 395 680 tatis)
417 601 538 686 longius
559 601 671 685 eerpeit
692 603 838 668 mondum
860 603 1094 686 interpolatione
1117 603 1291 668 aooedente.

328 783 331 789 ,
385 707 453 774 Lib.
481 708 650 784 XXXVII,
684 709 718 786 2,
749 707 783 773 3:
812 712 851 774 et
883 729 965 776 oum
989 713 1153 794 immotos)
1175 709 1340 775 oreretur

285 814 615 896 occumberetque,
652 815 703 879 IV
735 816 916 881 horarum
953 817 1121 900 spatium
1152 832 1343 895 consume-¹

286 916 362 982 bat.
406 917 503 983 Sorib.
525 919 609 984 dam
630 919 686 998 (ad
707 923 808 986 ortum
828 921 1302 1012 ooeaaumquooonfioiandum).

384 1024 450 1090 Lib.
472 1024 649 1100 XXXVIII,
682 1025 712 1102 4,
744 1026 764 1088 9
786 1028 832 1104 (in
855 1027 1045 1094 Mithridatia
1068 1028 1207 1094 oratione
1231 1028 1341 1108 obliquo

285 1129 432 1208 redditaiz
455 1129 655 1197 Gallorum
678 1136 806 1199 autern
829 1152 964 1199 nomon
1061 1136 1098 1199 in
1120 1135 1270 1217 partem
1293 1132 1343 1196 ri·

285 1235 380 1300 rium
402 1255 555 1302 suarum
577 1237 660 1319 ipae
686 1243 871 1304 numeret.
927 1240 1014 1304 Ferri
1036 1241 1092 1304 hoo
1113 1257 1167 1321 pro
1189 1259 1240 1317 eo,
1274 1235 1343 1322 qood

286 1343 334 1432 ast
366 1361 404 1406 se
439 1359 641 1408 numerare
669 1343 711 1418 (h.
738 1363 762 1408 e.
793 1341 985 1426 numero),
1019 1345 1102 1409 nullo
1135 1345 1229 1410 modo
1267 1359 1343 1426 porse

285 1447 382 1514 aeneit
395 1448 458 1514 iam
473 1447 653 1516 Gronovius.
676 1448 773 1516 Sorib.
786 1451 865 1534 ipra?
885 1450 1163 1530 numerent(hoo
1185 1452 1255 1516 eat:
1276 1445 1345 1530 ipsi

285 1555 501 1628 numerator
524 1553 577 1620 eir.
600 1573 625 1628 o,
649 1555 676 1629 7,
701 1555 743 1632 9).
763 1555 828 1640 [Sic
848 1556 1029 1639 Wopkens]
1071 1555 1151 1620 Turn
1172 1556 1215 1619 in
1233 1563 1341 1640 porro.

386 1659 452 1725 Ibd.
474 1661 505 1735 b,
538 1661 624 1738 5(in
647 1661 755 1726 eadam
783 1663 952 1739 orationair
997 1662 1085 1728 Cum
1118 1661 1225 1726 inter
1260 1662 1345 1725 hano

254 1845 255 1852 ἵ
286 1767 528 1835 decretorum
570 1768 805 1850 (Romanorum)
842 1768 1145 1836 amaritudinem
1181 1763 1345 1850 parendo

286 1875 511 1942 nontamen
544 1893 607 1938 eos
629 1874 844 1959 mitigaret,
878 1878 967 1959 quin
1001 1874 1177 1938 acerbius
1210 1874 1251 1938 in
1274 1872 1343 1935 dies

285 1981 443 2064 gerant,
465 1997 535 2044 uon
565 1979 790 2047 obtinuisse.
837 1981 892 2046 Nil
924 1999 997 2063 eane
1029 1980 1153 2057 mirum,
1188 1999 1264 2044 oum
1294 1993 1345 2040 non

287 2073 445 2168 mitigaret
455 2083 599 2166 parendo,
621 2103 680 2150 non
695 2085 874 2159 obtinuisse,
884 2085 960 2167 quin
972 2086 1111 2150 aaarbiue
1127 2091 1186 2164 (ae)
1200 2085 1344 2170 gererent.

287 2191 337 2268 (In
371 2189 467 2272 Ieepii
499 2192 689 2256 enarratione
721 2191 800 2255 nibil
833 2191 1016 2273 reprehendi
1038 2193 1147 2274 potest,
1181 2193 1245 2256 nisi
1276 2184 1346 2273 qnod

287 2297 415 2382 effectore
436 2297 542 2362 scribit
562 2318 617 2380 pro
639 2319 700 2362 noa
720 2297 858 2382 effeobw.
882 2296 1036 2379 Apodosin
1053 2298 1176 2380 ,protasi
1197 2294 1344 2362 assimila·

287 2404 352 2468 tom
375 2401 492 2480 soribit,
514 2404 572 2468 boa
594 2407 651 2476 eat,
673 2403 718 2469 sio
731 2402 842 2468 dixias'a
855 2404 1026 2467 Iustinum:
1050 2423 1121 2468 oum
1142 2422 1201 2468 non
1227 2403 1342 2484 mitigo·

218 2509 221 2516 ’
286 2505 355 2582 rim,
367 2507 601 2602 nonmitigavi.)
621 2509 991 2593 Simpliciter-tollendum
1004 2510 1088 2592 prius
1104 2529 1186 2575 non.
1210 2508 1345 2576 Parnisae

289 2633 322 2680 ae
343 2616 449 2680 mmor
464 2614 661 2681 Mithridates
683 2613 769 2691 dicit,
792 2616 845 2680 sod
868 2616 927 2681 etei
942 2615 1075 2697 parendo
1097 2615 1243 2699 mitigare
1265 2629 1345 2679 rono-

286 2722 337 2784 tus
372 2719 429 2795 sit,
465 2719 511 2784 nil
543 2719 720 2785 obtinuisse.
778 2717 960 2786 Neoessario
994 2721 1149 2786 oobaerent
1184 2717 1343 2803 parando
1392 2759 1393 2770 i

172 2825 174 2830 '
286 2826 413 2890 tamon
436 2844 492 2890 nea
527 2825 633 2890 divelli
655 2827 816 2909 negatione
838 2830 975 2908 possunt.
1034 2827 1188 2892 Praeteraa
1207 2841 1343 2892 rovoran-

287 2930 371 3007 dum,
403 2933 439 2996 ut
469 2932 532 2996 iam
564 2931 756 3015 significavi:
786 2932 824 2995 in
857 2931 940 2996 dios
969 2953 1007 2994 se
1039 2923 1194 3017 gerant.
1247 2927 1343 3014 (Paulo

287 3039 370 3113 anta,
404 3035 425 3122 ᾖ
455 3036 484 3108 3,
522 3039 605 3102 reate
636 3037 775 3104 Graerius
809 3038 882 3102 lati
987 3038 1127 3103 auxilii
1160 3056 1214 3120 pro
1249 3033 1342 3108 dati.)

288 3141 378 3221 Quod
399 3160 424 3205 o.
448 3143 477 3220 7,
499 3143 746 3226 4propositurua
768 3162 868 3208 eram:
891 3145 1089 3227 multoque
1110 3163 1152 3208 ao
1172 3140 1342 3207 timidius

162 3319 165 3324 ,
372 3248 476 3314 bella
497 3247 667 3314 Pontica
698 3248 936 3331 ingressum,
971 3269 1053 3314 oum
1086 3249 1170 3330 ipse
1278 3246 1341 3312 tiro

290 3355 409 3430 esset,
444 3353 604 3437 Scythia
727 3354 897 3419 looorum
935 3373 1083 3438 quoque
1118 3351 1342 3418 solibudini·

227 3481 230 3487 ·
289 3460 356 3524 bus
379 3459 439 3537 rel
460 3459 683 3543 frigoribus
710 3461 920 3538 instruatu,
951 3479 1033 3525 nune
1054 3459 1141 3524 rideo
1162 3478 1182 3524 a
1204 3458 1341 3524 Soboffero

290 3569 479 3649 occupatum.
734 3649 735 3652 Ἴ

390 3671 455 3735 Ibd.
493 3671 531 3747 7,·
566 3669 587 3734 8
619 3671 664 3747 (in
704 3671 809 3735 eadem
843 3673 1004 3748 orationo):
1048 3671 1279 3754 tantumque
1310 3681 1339 3730 se

275 3778 402 3844 'avida
434 3778 638 3860 exspertut
666 3777 775 3855 Asia,
811 3781 852 3841 nt
884 3772 1002 3843 etiarn
1035 3777 1196 3845 vooibus
1231 3773 1337 3842 voret

290 3883 357 3948 Hoo
378 3902 496 3967 quoque
516 3881 736 3948 ineradibiliter
758 3901 885 3966 pravum
907 3901 961 3966 pro
975 3898 1022 3957 eo,
1045 3881 1125 3964 quod
1147 3885 1210 3947 est:
1233 3881 1339 3944 aeidum

205 4009 207 4014 ·
290 3997 460 4073 eaapeoiore
481 3987 604 4064 Aoiamr
639 4007 696 4052 neo
717 3997 834 4052 tontum
856 3987 949 4050 αυὶᾱα
981 4006 1035 4069 pro
1059 3996 1123 4050 tom
1144 3988 1238 4050 avido
1262 3981 1338 4052 lusb-

292 4113 348 4159 nus
382 4093 466 4160 dixit.
520 4095 624 4178 Longo
655 4093 746 4162 alitor
778 4094 928 4176 soriptrrm
960 4093 1034 4158 olim
1067 4093 1170 4158 fuerat
1206 4094 1246 4160 ad
1278 4093 1338 4158 hnc
1392 4091 1393 4096 ’
