2956 4648
307 276 368 338 492
670 271 947 342 uravnumpnv.

269 493 379 556 quam
411 469 604 536 misisset.
649 470 830 546 (Infeliciter
852 469 1039 536 Haasiusin
1065 469 1239 554 generalem
1262 487 1335 533 sen·
1467 553 1468 558 ἵ

266 578 397 642 tentiam
421 580 511 640 certa
533 593 670 657 personae
692 595 803 640 nomen
825 577 973 653 inclusit.)

366 679 421 762 llp.
445 677 495 756 83,
524 681 563 743 26
588 682 661 764 (alr
683 681 870 759 vitiatur,
900 681 981 765 quod
1009 681 1207 746 restituturus
1237 696 1332 755 eram,
1467 751 1468 760 ,

267 786 427 867 occupavit
448 786 602 867 Hauptius
615 787 657 862 (ll
679 771 710 869 p]
733 786 795 865 14),
817 785 958 869 idemque
978 786 1118 868 proxima
1138 785 1242 857 ctiam,
1265 801 1333 865 quae

231 934 233 940 ·
268 910 324 976 ego
345 910 406 956 non
430 891 651 974 expediveram,
685 893 808 980 egregie
830 892 1017 967 emendavit,
1049 890 1111 954 nisi
1141 889 1222 972 quod
1253 887 1333 952 rela-

267 997 331 1062 tiva
368 998 519 1078 particula
554 999 792 1082 comparationis
822 999 926 1062 *index
962 998 1068 1062 abesse
1111 1014 1171 1059 non
1215 995 1332 1085 potest..

267 1104 374 1184 ltaque
396 1103 590 1167 scribendum
613 1105 703 1185 puto:
753 1103 799 1166 Ut
832 1105 1016 1187 querulos
1050 1100 1333 1181 difficilesque

235 1246 239 1252 ·
266 1209 423 1272 faciunt
444 1207 590 1272 diutini
612 1210 735 1274 morbi
759 1212 818 1275 cet.
868 1281 869 1284 Ἴ

367 1314 421 1396 Ep.
452 1313 502 1387 84,
536 1314 566 1390 8,
598 1315 651 1378 ubi
682 1315 784 1398 agitur
805 1315 843 1379 de
876 1314 1049 1378 imitatione
1081 1312 1172 1376 alieni
1203 1301 1330 1394 ingenii,

267 1422 428 1503 postquam
462 1418 577 1482 Seneca
595 1419 695 1497 ¹dixit,
733 1438 819 1493 eum,
852 1419 904 1502 qui
926 1419 1058 1502 aliquem
1082 1419 1232 1492 imitetur,
1264 1417 1330 1480 eius

268 1524 501 1590 similitudinem
535 1525 635 1607 potius
666 1528 701 1590 ut
722 1525 819 1588 lilium
845 1543 935 1607 quam
960 1527 996 1588 ut
1016 1524 1183 1608 imaginem
1206 1521 1332 1586 reddere

268 1631 387 1706 debera,
421 1631 452 1694 et
485 1627 593 1692 deinde
628 1629 782 1696 Lucilium
809 1629 1052 1714 interrogantem
1081 1629 1185 1693 fiuxit:
1230 1627 1330 1708 Quid
1467 1613 1468 1624 ¹

269 1739 378 1820 ergo?
399 1733 876 1818 nonintelligetur,cuius
898 1735 1067 1800 imiteris
1090 1734 1331 1810 orationem,
1467 1807 1468 1816 χ

270 1842 380 1906 cuius
413 1841 811 1923 argumentationem,
844 1842 957 1906 cuius
987 1841 1242 1905 sententias?
1264 1839 1329 1902 hac

269 1947 485 2021 subiiciuntur,
507 1949 543 2010 ut
564 1947 688 2028 quidem
710 1947 779 2010 inP
803 1949 835 2010 et
846 1947 896 2010 Ab
917 1947 1107 2011 scribuntur:
1133 1947 1233 2009 Puto
1252 1943 1332 2008 ali-

269 2052 419 2137 quando
442 2069 486 2115 ne
508 2052 685 2136 intelligi
715 2053 871 2136 quidem
893 2071 1005 2135 posse
1027 2053 1061 2118 si
1083 2050 1219 2134 magni
1254 2047 1332 2112 viri

176 2208 178 2212 .
269 2177 338 2223 nec
363 2157 462 2221 enim
484 2159 675 2231 omnibus,
702 2176 779 2240 quse
802 2175 844 2221 ex
865 2178 936 2241 quo
955 2160 1072 2224 velut.
1088 2154 1333 2238 exemplaria

269 2263 397 2329 traxit
421 2263 499 2339 (Abr
521 2283 602 2346 quea
625 2283 667 2328 ex
686 2281 792 2345 aequo
813 2265 942 2330 traxit
962 2265 1073 2328 velut
1095 2260 1330 2343 exemplari),

268 2371 435 2436 formam
487 2387 592 2433 suam
642 2369 852 2451 impressit
900 2374 937 2434 et
979 2368 1216 2434 invitantem
1258 2364 1332 2428 illa

269 2476 457 2558 conpetat
502 2476 583 2552 (Abr
632 2475 669 2538 et
710 2475 749 2538 in
786 2475 957 2539 veritate
1000 2475 1073 2538 illa
1104 2471 1330 2553 competat).

268 2582 407 2647 Primum
443 2583 570 2662 apponet
597 2582 629 2646 et
657 2582 696 2645 ab
723 2580 792 2644 aliis
819 2580 1011 2645 intellectum
1033 2582 1090 2653 est,
1113 2595 1241 2660 pravum
1265 2593 1331 2639 esse
1467 2593 1468 2596 ¹

267 2706 349 2764 nem
392 2687 573 2768 exprimitur
607 2687 698 2762 enim,
742 2685 815 2769 quid
847 2687 918 2760 liat,
953 2702 1029 2760 non,
1066 2685 1139 2766 quid
1172 2701 1232 2747 non
1266 2682 1330 2745 fiat

267 2793 386 2858 Deinde
422 2792 552 2875 magni
584 2790 660 2856 viri
695 2792 810 2856 mentio
842 2793 963 2856 omnino
997 2792 1098 2856 aliena
1132 2791 1195 2863 est;
1229 2787 1332 2870 agitur

271 2899 351 2963 enim
385 2897 423 2961 de
447 2915 492 2968 eu,
526 2898 606 2980 quod
626 2897 797 2962 imitatione
820 2899 1007 2981 exprimitur⁴
1058 2894 1261 2961 Scribendum
1283 2892 1332 2956 est

266 3004 418 3084 primum:
462 3001 539 3064 lucae
582 3003 685 3068 enim
837 3004 1059 3088 impressit3
1102 3001 1161 3066 hoc
1204 2999 1331 3064 invento

266 3103 375 3191 liquet,¹
400 3108 473 3191 quid
496 3109 593 3172 lateat
616 3108 650 3172 in
669 3109 724 3173 illo
746 3110 878 3193 magni
901 3109 993 3185 viri;
1029 3108 1090 3172 fuit
1111 3109 1207 3172 euim:
1233 3105 1331 3170 Puto

266 3212 499 3297 aliquando,
521 3231 567 3277 ne
588 3213 771 3298 intelligi
801 3214 959 3298 quidem
980 3233 1110 3297 posse,
1149 3213 1181 3277 si
1201 3213 1331 3292 imapo

266 3340 354 3382 uera
376 3318 442 3383 sit:
477 3317 687 3384 lucacenim
725 3321 917 3393 omnibus,
951 3339 1033 3402 quae
1064 3337 1199 3401 exque
1221 3315 1332 3380 velut

266 3425 482 3506 exemplari
503 3424 642 3499 traxit,
674 3426 833 3490 formam
865 3443 972 3490 suam
1006 3423 1218 3506 impressit.
1269 3421 1331 3484 Po-

265 3531 380 3593 strema
402 3531 547 3611 quattuor
567 3531 661 3596 verbo
673 3529 718 3596 sic
730 3530 890 3596 scribenda
913 3535 1003 3613 puto:
1026 3533 1063 3595 e't
1085 3533 1241 3592 enitare
1259 3524 1333 3592 illa

266 3633 465 3717 oonrplecc
496 3645 543 3711 st;
578 3637 632 3702 sad
665 3635 863 3702 dubitationis
892 3636 1008 3719 aliquid
1028 3638 1134 3710 restat,
1169 3633 1229 3698 nisi
1251 3631 1332 3715 quod

265 3738 444 3804 unitatis
465 3757 584 3815 nomen,
607 3741 688 3822 quod
710 3759 814 3806 omnes
836 3743 952 3816 tenent,
975 3745 1092 3806 certum
1115 3741 1172 3806 est.
1312 3720 1319 3736 ¹

364 3845 419 3926 Ep.
442 3843 491 3920 85,
522 3845 541 3908 6
565 3847 609 3911 sic
630 3846 773 3910 scribitur
794 3847 824 3910 in
848 3847 888 3910 P:
930 3847 969 3912 Si
1001 3848 1068 3912 das
1091 3845 1249 3927 aliquos
1271 3841 1331 3906 af·

263 3949 394 4015 lactus
417 3952 611 4036 sapienti,
649 3953 773 4034 impar
805 3951 891 4016 illis
919 3953 996 4018 erit
1016 3951 1118 4016 ratio
1146 3998 1210 4025 ...‚
1233 3970 1332 4032 prea-

264 4056 405 4121 sertim
439 4075 523 4121 eum
555 4058 621 4122 illi
653 4074 725 4120 non
758 4075 874 4120 unum
908 4057 1122 4134 affectum,
1155 4054 1332 4124 seduni-
1467 4037 1468 4080 l
