2978 4644
279 276 343 339 218
639 271 898 341 mmmcmli-

332 471 729 558 Ibdpeuiopeotoodieoe:
747 469 860 548 Quid,
882 471 915 536 ei
929 470 1045 536 etiem
1059 470 1235 552 pluribus
1254 470 1300 536 do

231 583 343 647 rebne
363 599 434 646 uno
455 578 597 656 sortitu
620 575 801 642 retulisti
821 575 860 654 (P
878 595 1003 640 omenu
1016 576 1117 658 primu
1130 576 1299 659 retulit),

231 690 409 752 tamenne
441 683 646 752 erbitroris
677 681 732 756 id,
763 681 861 764 qued
891 681 936 746 m
958 682 1103 748 Drueun
1135 683 1172 748 in
1196 681 1299 767 logi-

233 792 303 858 buo
324 791 404 858 ouis
435 791 631 874 plerisque
661 788 700 852 iu
731 789 843 853 bomin
866 787 936 852 illo
955 788 1015 852 uir
1033 787 1080 853 Μ.
1100 787 1241 854 Soeuro
1261 790 1303 852 et

231 898 268 964 L.
291 897 430 962 (tranen
446 879 677 962 ¹oonoulorie
709 912 781 959 non
802 892 1029 976 optinuerit,
1061 893 1100 958 iri
1125 895 1164 958 te
1185 911 1297 976 poseo

231 1003 426 1070 hominum
456 1003 669 1068 feoinorum
705 1001 743 1064 et
774 1001 994 1081 stuprorum
1027 999 1192 1064 omnium
1226 999 1298 1064 De-

229 1109 350 1174 oumio
372 1111 411 1174 ot
431 1106 579 1173 Clodiis
605 1105 827 1172 auctoribus
849 1105 1046 1189 optinere?
1099 1105 1241 1170 Primum
1261 1105 1300 1170 fit

230 1233 303 1279 uno
321 1214 501 1277 sortitore
527 1211 671 1287 tulisti,
703 1212 761 1276 hoo
782 1212 841 1288 oet,
864 1229 927 1275 nno
947 1210 1185 1294 praerogntivem
1205 1211 1297 1276 norti-

225 1323 311 1399 ento,
338 1319 434 1386 simui
468 1322 501 1384 et
535 1337 599 1384 una
627 1318 798 1402 rogatione,
827 1335 890 1382 non
923 1316 1062 1398 pluribus
1089 1321 1293 1397 portitoribus,

227 1427 291 1492 ulio
311 1425 383 1490 eliis
405 1423 553 1502 comitiis,
578 1424 702 1489 deinde:
737 1425 776 1489 in
797 1422 950 1507 legibue
972 1423 1068 1500 suis,
1099 1427 1295 1510 plerisque

229 1531 352 1606 benis,
372 1530 442 1594 ille
463 1531 535 1605 uir,
558 1531 603 1594 Μ.
626 1531 768 1596 Soeuro
789 1530 827 1593 ot
847 1527 1033 1608 LOreoeo
1054 1531 1295 1598 consiliariis

226 1654 299 1701 ‘non
332 1637 555 1719 optinuerit.
601 1637 675 1702 Trio
706 1633 795 1717 ponit
826 1633 943 1712 Cicero,
976 1639 1044 1718 quer
1068 1639 1223 1719 potuerint
1249 1641 1292 1704 M.

227 1741 370 1808 Drusum·
397 1742 560 1821 adiuvare,
596 1761 726 1826 quorum
758 1741 836 1806 nihil
865 1740 899 1804 in
935 1741 1039 1808 Olodio
1070 1743 1175 1808 fuerit:
1208 1745 1293 1827 ipses

226 1848 312 1931 leges
331 1848 505 1931 pleresque,
535 1849 563 1913 ei
594 1867 655 1913 non
676 1863 793 1924 omnes,
827 1846 924 1912 bonus
948 1847 1045 1914 futore
1075 1849 1292 1932 (nequeenim
1331 1882 1335 1894 ι

227 1953 334 2019 Gioero
356 1953 451 2019 Drusi
471 1953 557 2037 leges
580 1953 672 2018 nudet
698 1952 763 2018 sine
785 1953 966 2032 exceptione
984 1953 1135 2038 laudere),
1156 1957 1291 2023 hominis

227 2058 325 2140 ipsine
357 2057 551 2142 dignitatum,
583 2057 771 2124 oonsiliurios
804 2060 837 2123 et
857 2061 1009 2124 nuutoroe.
1058 2060 1149 2138 (Hero
1171 2080 1290 2146 qnoque

225 2163 308 2247 opud
328 2163 503 2248 Koyeemm
523 2165 668 2246 reoepte.)
719 2163 833 2230 Utrum
852 2163 1042 2230 hominem
1064 2169 1290 2234 enomnium

228 2269 433 2344 scribonium,
456 2272 488 2334 et
509 2269 648 2354 quident
668 2287 723 2350 pro
736 2268 832 2332 altero
853 2269 1019 2334 omnium
1040 2271 1291 2338 substituendum

221 2377 373 2458 untpoot
394 2375 429 2439 io
448 2375 624 2440 addendum
645 2375 695 2449 eit,
718 2374 871 2438 inuertnm
893 2375 949 2440 ent

324 2478 394 2547 Iud.
417 2481 473 2546 57:
510 2483 660 2558 Utrum,
682 2481 715 2546 ui
735 2479 822 2546 dies
843 2479 947 2546 dioto
965 2483 1089 2561 ornet,
1106 2482 1290 2550 iudicium

225 2585 322 2652 mihi
350 2588 425 2652 fuit
455 2585 805 2670 pertimeeeondum
831 2605 878 2652 an
899 2587 982 2652 eine
1002 2587 1146 2654 iudioio
1168 2589 1290 2672 privi-

220 2691 390 2777 legium?
440 2693 628 2758 Indicium
659 2695 698 2758 in
725 2711 840 2758 oense
870 2695 947 2758 tum
973 2693 1099 2776 turpi?
1134 2695 1291 2760 eoilioet

227 2798 350 2874 homo,
372 2801 435 2882 qui
457 2818 552 2879 oum,
579 2799 714 2864 eiiam
739 2799 845 2864 esset
865 2799 1015 2882 ignoto,
1038 2799 1196 2866 dioendo
1218 2819 1291 2867 non

219 2921 375 2986 possem
395 2904 610 2986 ‘orplionro
651 2903 734 2968 Mire
762 2903 808 2969 oio
829 2903 934 2970 Cicero
966 2905 1145 2990 interroget,
1167 2906 1290 2988 etipse

150 3049 153 3055 «
219 3025 355 3076 rourum·
381 3027 473 3075 suem
503 3012 628 3092 turpem
660 3009 742 3076 diuet
768 3012 928 3076 ettamen
948 3011 982 3074 in
1005 3029 1041 3075 eu
1060 3009 1207 3076 iunioium
1226 3029 1289 3076 non

223 3114 504 3196 pertimescendum
525 3115 629 3180 iniere.
686 3115 770 3182 Nem
790 3116 896 3182 ironiae
916 3116 950 3182 in
969 3117 1029 3182 nae
1049 3117 1289 3200 interrogatione

224 3220 311 3285 nullo
331 3219 515 3303 significatio
535 3222 594 3286 eet.
646 3222 683 3286 Iu
710 3223 808 3288 oltoro
838 3223 993 3289 sententio
1013 3223 1103 3288 deest
1122 3240 1289 3306 pronomen

211 3327 271 3404 uie
290 3326 449 3392 eeilioet
471 3327 593 3403 horno,
609 3329 710 3411 oui),
740 3331 879 3412 Apparet
900 3329 1049 3394 oroidinee
1070 3328 1196 3412 aliquid,
1217 3345 1289 3394 oum

226 3433 294 3498 haeo
316 3433 562 3498 eseutorntiouie
584 3431 700 3500 forme:
746 3435 958 3500 Iudicium?
993 3435 1178 3500 iro-eausa
1211 3437 1294 3500 tom·

226 3539 331 3622 turpi
357 3537 523 3612 triticeu-
544 3538 575 3602 ir
594 3539 750 3605 soilioet
772 3540 893 3620 homo,
919 3541 985 3624 qui
1011 3541 1070 3605 oet.
1119 3541 1170 3605 Ab
1189 3540 1289 3611 moero
1323 3585 1325 3592 ι

218 3643 379 3710 eoiiieet
399 3645 439 3710 od
460 3645 592 3709 nltemm
614 3645 727 3710 oculor
739 3645 898 3712 prosiliit
950 3645 1073 3712 Deinde
1092 3647 1289 3712 renitendum

223 3749 286 3814 oet:
306 3751 348 3814 ut
369 3769 411 3814 on
430 3751 597 3832 ipnunon
611 3751 720 3816 modo
734 3769 787 3828 so,
809 3751 875 3816 ned
896 3753 1026 3828 etiem,
1047 3770 1103 3817 me
1118 3752 1295 3824 absente

209 3873 341 3938 „perro
365 3855 545 3938 proberit.
601 3856 735 3921 Luditur
766 3856 799 3921 in
829 3875 869 3922 oe
898 3859 1060 3941 probare
1094 3859 1127 3924 et
1158 3873 1288 3940 per-se

219 3962 396 4043 probare,
418 3961 484 4028 eine
506 3961 692 4028 detentores·
814 3993 816 4003 v
1257 3985 1261 3999 ·
1294 3985 1297 3993 ⁴
