3000 4638
553 304 575 359 L
602 257 692 362 Senec,
711 305 746 360 acl
762 305 900 362 Marciam.
1049 271 1064 290 κ
1158 305 1220 370 363

202 504 383 575 sublatus
418 500 522 566 inter
559 502 698 568 felices
741 507 865 571 currit
907 507 1071 585 animas;
1114 507 1259 590 excipit

200 609 310 674 illum
333 611 451 674 coetns
472 626 596 686 sacer,
628 608 830 691 Scipiones
852 611 1110 695 Catonesque,
1131 611 1261 678 inter·

202 731 272 798 que
294 715 580 797 contemptores
603 714 692 780 vitae
724 715 761 780 et
786 715 920 781 mortis
942 716 1136 783 beneficio
1157 716 1257 782 libe-

199 837 261 886 ros
283 820 353 897 (hoc
375 821 423 886 est
442 821 524 886 inter
545 822 680 898 ceteros,
713 822 765 905 qni
798 840 831 886 se
853 821 1008 886 moriendo
1027 822 1059 887 in
1080 822 1255 888 libertatem

199 925 443 1003 vindicaverunt)
471 943 611 1010 parens
642 928 747 1005 tuus,
780 927 941 1001 Marcia3
973 925 1041 990 ille
1075 929 1118 1005 (A
1142 929 1157 990 l
1180 927 1259 1002 illi,

198 1034 228 1098 A
252 1032 325 1098 let
345 1032 418 1098 inde
439 1031 533 1098 ceteri
564 1031 662 1108 illic)
694 1034 871 1115 nepotem
899 1049 1006 1096 suum
1132 1032 1259 1115 appli-

199 1138 265 1202 cat
285 1137 381 1216 sibi,
405 1140 464 1205 cet.
519 1137 676 1215 (Extremo
702 1138 802 1221 capite
825 1157 861 1202 ex
882 1137 947 1202 his:
970 1137 1152 1204 tramites
1174 1156 1258 1204 om·

197 1243 301 1308 nium
322 1245 441 1327 plana
464 1243 504 1309 et
533 1262 576 1309 ex
597 1244 709 1310 facili
740 1243 901 1309 mobiles
923 1243 962 1308 et
991 1242 1164 1325 expediti
1187 1247 1256 1324 cot,

195 1348 300 1413 nescio
322 1367 361 1414 au
389 1349 565 1417 faciendum
586 1350 644 1416 sit:
678 1351 857 1414 tramites
878 1350 1002 1412 emata
1027 1358 1062 1410 et
1082 1350 1197 1430 plana
1218 1352 1259 1416 et

197 1469 242 1517 er
263 1454 377 1520 facili
398 1455 560 1522 mobiles
582 1458 618 1521 et
647 1455 823 1538 expediti
855 1456 921 1532 cet,
952 1455 988 1518 nt
1015 1454 1046 1518 ct
1066 1453 1135 1520 loca
1156 1455 1256 1521 motui

194 1559 301 1641 pervia
323 1561 354 1626 et
376 1561 471 1626 animi
491 1561 551 1644 ipsi
569 1561 669 1627 motui
689 1562 754 1644 apti
775 1559 1007 1644 significentur.)

296 1665 444 1732 liniendo
464 1667 513 1732 ost
533 1667 622 1732 huius
643 1666 741 1732 libelli
762 1665 957 1750 perlustratio
978 1665 1011 1729 in
1023 1663 1247 1747 suspicionibus

193 1770 298 1837 minus
326 1773 425 1838 certis.
482 1771 562 1838 Nam
592 1793 617 1838 o.
640 1772 692 1854 26,
724 1771 744 1834 3
771 1771 898 1838 abiectis
933 1769 1082 1844 ludibriis,
1112 1788 1179 1852 quae
1212 1789 1249 1838 ex

193 1876 335 1961 margine
367 1877 478 1943 codicis
509 1880 538 1943 A
569 1879 602 1943 in
638 1881 754 1945 ceteros
789 1878 908 1944 codices
928 1877 1125 1953 transierunt,
1146 1893 1251 1942 verum

194 2001 231 2048 er
252 1983 300 2048 his
324 1983 409 2062 solis,
431 2003 498 2067 qua
518 1983 572 2050 ille
592 1986 625 2050 in
647 1983 752 2050 ordine
766 1984 936 2068 perscripta
957 1982 1061 2059 habet,
1083 1982 1250 2048 eruendum

196 2089 259 2153 est:
282 2090 321 2155 et
341 2089 424 2155 cibo
446 2090 665 2173 prohibitus
686 2091 838 2157 ostendi
860 2107 971 2174 qnam
991 2088 1105 2154 uibar
1127 2088 1252 2154 animo

193 2194 418 2278 scripsisse.
462 2195 569 2262 Potest
590 2198 731 2262 subesse:
754 2192 1059 2279 ostendi,'qooli
1077 2193 1250 2267 videtur,

193 2299 320 2365 animo
342 2303 444 2379 (mei)
476 2301 700 2385 scripsisse,
726 2303 784 2368 hoc
805 2305 863 2381 est,
894 2319 967 2367 rere
997 2300 1106 2377 libero,
1127 2300 1251 2382 qualem

192 2406 332 2472 homines
353 2407 484 2491 legendo
505 2407 706 2474 crediderant.
759 2408 940 2486 (Videbar
969 2406 1085 2472 Haasio
1110 2407 1248 2482 debetur,

193 2510 283 2597 longe
305 2513 398 2578 aliam
420 2513 606 2579 sententiam
627 2514 776 2597 sequenti.
832 2514 953 2579 Vivax
978 2511 1056 2577 nibil
1089 2512 1253 2595 significat,

192 2618 275 2703 quod
305 2619 338 2684 in
369 2619 451 2684 bunc
484 2619 587 2685 locum
614 2621 684 2700 apte
705 2619 903 2693 includatur.)
930 2618 1037 2683 bum
1060 2620 1080 2698 g
1101 2618 1121 2680 5
1143 2617 1252 2683 admo·

192 2727 267 2793 dum
289 2726 405 2803 dubito,
436 2723 666 2790 &emutumne
688 2723 830 2803 Cordum,
862 2724 914 2807 qui
938 2741 989 2788 res
1013 2722 1168 2788 Romanas
1197 2739 1249 2786 or·

191 2834 299 2897 menna
321 2830 494 2914 reipublicae
515 2830 547 2896 et
567 2829 702 2896 ineuntis
723 2831 912 2914 principatus
934 2827 1110 2912 scripserat,
1130 2825 1247 2894 Seneca

192 2937 346 3002 dicentem
378 2935 495 3013 locent,
529 2955 562 3002 se
583 2935 674 3002 nnius
699 2935 796 3002 scculi
822 2936 905 3002 lacta
936 2937 968 3001 in
990 2940 1079 3019 parte
1109 2937 1250 3003 ultima

189 3043 299 3108 mundi
335 3045 367 3108 et
401 3043 482 3108 inter
512 3042 714 3126 paucissimos
751 3043 839 3126 gesta
865 3045 1080 3127 composuisse.
1126 3044 1248 3117 Vereor,

190 3169 230 3217 ue
265 3149 421 3212 minima
450 3149 605 3230 posuerit,
652 3149 732 3232 quod
766 3167 835 3214 cum
867 3150 1122 3232 paucissimorum
1156 3166 1242 3214 men·

191 3255 276 3321 tione
296 3255 481 3335 convenit1)

189 3489 390 3502 monuwa—aa-

218 3665 242 3732 ¹)
259 3665 332 3722 lllnd
347 3672 449 3726 certum
467 3672 516 3734 cst,
534 3669 564 3726 iu
583 3670 632 3730 lrac
649 3669 856 3724 coacervatione:
877 3672 932 3724 tot
949 3671 1073 3734 secula,
1092 3672 1150 3724 tot
1167 3675 1250 3724 ata·

259 3760 574 3825 tumcontextnm,
609 3759 745 3824 seriem,
779 3759 946 3830 quicquid
980 3777 1143 3816 annorum
1179 3763 1248 3826 est,

262 3848 388 3906 Senecam
419 3852 448 3905 in
478 3850 567 3906 medio
597 3851 714 3908 membro
740 3851 792 3905 non
821 3852 873 3906 dno
902 3852 1023 3921 posuisse
1049 3853 1159 3908 nomina
1185 3852 1244 3907 sine

259 3942 457 4007 coniunctione,
484 3942 601 3998 sedant
624 3947 817 3999 contextam
840 3945 963 3999 seriem
987 3946 1035 4000 aut
1053 3945 1139 3999 solnm
1159 3961 1243 3999 con·

261 4036 401 4092 textum.
