2938 4630
618 253 739 312 ovidius.
1126 257 1168 320 73

144 459 213 522 nius
230 455 270 522 H.
283 454 323 518 N.
335 455 420 530 VIII,
441 455 480 518 lo
494 455 571 538 (17),
583 453 624 516 45
643 454 774 538 scripsit,
789 455 919 523 leoeuam
932 457 1013 522 tradi
1025 459 1125 542 primo
1139 460 1207 526 fetu

145 581 252 650 parere
279 562 411 646 quinque
437 561 555 628 oatuloa
578 579 614 626 ao
640 579 694 644 per
720 579 815 628 anuos
844 563 981 646 singulos
1007 583 1068 630 uuo
1095 565 1206 642 miuus,

146 672 186 736 ab
205 691 267 732 ooo
288 667 479 743 sterilescere,
505 668 564 733 hoo
591 668 655 744 eat,
683 668 844 750 postquem
875 687 969 732 uuum
992 669 1096 734 edidit.
1145 669 1207 736 Sed

145 778 255 846 eadem
291 774 442 842 breuitate
480 773 514 838 iu
545 771 644 838 altera
686 773 898 856 praepositione
933 775 1098 841 Suetonius
1129 776 1209 844 dixit

146 884 205 950 Iul.
228 882 287 946 50:
308 889 382 965 poet
402 889 462 942 tres
488 878 596 942 liberos
618 879 760 962 eaeqaaset
780 901 920 959 osorem,
941 881 999 948 hoo
1022 884 1086 958 est,
1106 882 1202 948 trium

145 991 210 1058 iam
229 988 396 1056 liberorum
416 987 557 1050 matrem.
605 983 694 1064 Quod
716 985 831 1050 editur:

284 1095 314 1158 A
333 1090 464 1158 totidem
485 1090 565 1156 natis
589 1091 663 1156 orba
684 1090 824 1174 sitaque
846 1093 920 1170 viro,

147 1199 301 1266 sententia
332 1215 455 1280 prorsus
486 1215 617 1279 pravum
648 1198 711 1273 est;
741 1197 912 1282 Hypsipyle
933 1197 1016 1262 euim
1037 1215 1125 1262 suam
1145 1197 1209 1264 ior-

146 1309 255 1372 tuuam
277 1303 396 1368 Medeae
416 1303 611 1385 imprecetur,
640 1304 709 1385 ipsa
729 1306 834 1368 autem
858 1303 931 1368 filiis
955 1304 1028 1368 orba
1051 1321 1111 1369 nou
1131 1307 1207 1381 erat

149 1413 202 1478 sed
223 1411 367 1477 habebat.
419 1407 503 1472 Orba
523 1408 562 1470 ab
585 1409 778 1492 optimatibus
800 1409 898 1472 contio
927 1408 1008 1491 apud
1029 1407 1209 1476 (tiosrouem

149 1537 199 1602 pro
223 1517 336 1582 Flacco
362 1515 379 1596 ᾗ
408 1515 449 1578 54
472 1514 596 1592 dioitm3
624 1515 775 1597 quietius
806 1515 1052 1596 propositionem
1081 1515 1210 1582 addide-

153 1627 201 1700 rit,
229 1641 293 1688 nou
314 1620 433 1701 reperio
448 1621 481 1699 ¹).
524 1619 634 1703 [Reate
655 1620 719 1685 iam
741 1622 893 1688 enerravit
915 1621 951 1688 U.
972 1621 1144 1706 Eudorus]

247 1729 304 1810 Ep.
328 1727 398 1806 vll,
422 1725 478 1790 33:

299 1834 364 1899 Aut
384 1851 441 1917 ego
463 1849 529 1915 quae
551 1829 630 1914 ooepi
651 1847 749 1914 neque
770 1832 852 1896 enim
875 1827 1023 1916 dedignor
1045 1851 1149 1898 amare

338 1938 505 2006 Materiam
526 1955 604 2002 ourae
626 1938 762 2020 praeboat
781 1937 835 2004 ille
856 1957 944 2004 meae.

248 2046 300 2112 Sic
318 2045 502 2112 eoodioibus
514 2041 681 2108 Merkelius
704 2042 809 2118 edidit,
831 2046 969 2128 apposito
987 2046 1089 2122 obe}o;
1112 2063 1210 2130 nequo

150 2155 317 2238 quidquam
337 2171 393 2218 uos
418 2149 611 2232 superiorum
632 2150 759 2213 oouetus
782 2151 939 2216 adiuvant.
982 2151 1079 2216 Faeili
1102 2170 1210 2218 emen·

149 2262 272 2328 datione
293 2262 325 2325 et
346 2257 431 2324 eerta
452 2271 582 2320 eoumen
604 2252 713 2321 Ouidio
737 2253 890 2320 redditur:

298 2366 364 2430 Aut
387 2381 458 2447 ego,
487 2381 555 2444 quae
577 2360 669 2444 ooepi,
697 2395 740 2408 -
760 2379 859 2443 neque
884 2362 967 2426 euim
989 2362 1147 2446 dedignor,
1170 2401 1212 2411 —-

967 2489 1111 2546 amoreve,

341 2574 506 2640 Materiam
528 2592 609 2638 ourae
628 2572 764 2655 praebeat
784 2571 837 2636 ille
860 2589 947 2638 meae.

250 2682 284 2748 Si
305 2683 372 2747 fieri
392 2699 452 2746 non
474 2679 582 2763 possit,
605 2679 641 2743 ut
661 2681 768 2744 mutuo
788 2678 867 2742 iuter
888 2695 921 2742 se
944 2677 1022 2742 Dido
1044 2680 1076 2743 et
1096 2679 1209 2746 AEnoas

148 2791 274 2863 ament,
304 2788 339 2854 ut
359 2789 464 2870 partes
486 2785 531 2850 sio
552 2782 737 2860 dividentur,
764 2783 866 2865 optat,
888 2784 923 2848 ut
943 2784 1019 2865 ipsa,
1042 2803 1109 2867 quae
1129 2785 1212 2868 prior

150 2915 253 2962 amare
275 2893 410 2977 eoeperit,
435 2907 574 2956 amorem
600 2889 744 2972 praebeat,
766 2887 880 2954 AEneas
894 2891 1017 2954 tautum
1037 2891 1211 2969 materiem,

149 3002 208 3068 hoe
244 3003 307 3074 est,
340 3018 360 3062 u
409 2999 477 3081 ipsa
508 2997 607 3070 amet,
639 2995 693 3060 ille
724 2994 845 3060 tantum
873 2995 1010 3077 patiatur
1040 3014 1074 3060 se
1104 2997 1212 3072 amari,

150 3105 407 3193 quemadmodum
419 3103 525 3168 Amor.
547 3102 574 3178 I,
594 3099 622 3176 3,
644 3099 799 3182 3prorsus
817 3101 911 3166 simili
930 3102 996 3166 looo
1012 3103 1100 3184 poeta
1121 3102 1206 3168 dioit.

249 3209 318 3276 lod.
341 3210 426 3288 (VII)
448 3207 504 3272 45:

177 3505 198 3574 ¹)
217 3501 345 3558 Eiusdem
355 3499 474 3570 epistola
481 3515 505 3553 v.
513 3500 565 3556 118
572 3498 676 3553 utinam
686 3498 838 3552 tenuissent
848 3497 972 3564 editores,
982 3496 1053 3567 quod
1063 3483 1211 3571 Salmasius'

220 3598 268 3651 aut
286 3595 355 3650 alius
373 3592 525 3645 invenerat:
545 3591 589 3643 Me
607 3610 699 3659 quoque
718 3592 806 3642 dotalis
823 3593 884 3643 inter
902 3593 988 3642 tabere
1003 3602 1078 3658 potes,
1098 3591 1147 3658 (Pq
1162 3634 1167 3645 .
1181 3631 1188 3645 .
1203 3630 1213 3646 .

223 3691 260 3751 iis,
288 3685 313 3741 (i
339 3685 405 3752 quod
431 3685 516 3746 talo),
544 3699 596 3736 nou
614 3698 677 3736 saue
704 3699 752 3752 pro
770 3681 882 3746 dotatis,
913 3681 960 3737 sed
987 3683 1015 3736 iu
1034 3685 1109 3752 parte
1127 3681 1210 3748 dotis,

222 3784 350 3848 tanquam
381 3792 495 3831 uuame
517 3775 601 3829 serris
627 3773 772 3830 dotalibus.
821 3775 891 3831 Num
918 3791 942 3830 v.
970 3775 1023 3831 110
1049 3776 1111 3828 aute
1138 3773 1210 3828 Mer·

222 3873 324 3929 dolium
343 3871 414 3924 reete
431 3867 561 3922 tenebant
578 3866 612 3923 ab
630 3867 741 3923 Heinsio
759 3885 774 3922 e
792 3869 926 3923 oodioibus
945 3866 1137 3931 deterioribus,
1162 3867 1213 3920 hoo

222 3967 273 4031 est,
291 3980 306 4018 o
325 3961 476 4017 oouieoture
494 3963 583 4016 vetere
599 3961 706 4028 pelliciae
720 3962 837 4027 pondere.
