2978 4644
555 216 691 275 Oiooronir
709 218 862 276 Rhetorice.
1142 220 1200 284 191

184 437 274 486 essu
296 418 417 484 solum
438 416 569 484 Graeee
600 417 724 502 loqui
774 416 862 484 Nulli
883 435 957 484 sene
978 418 1011 482 in
1032 420 1169 488 mentem
1190 438 1244 486 ve·

183 523 249 590 nire
270 523 391 607 poteret
419 525 542 590 tontum
575 523 605 589 in
640 522 781 591 barbaris
802 523 922 589 casibus
945 523 1084 590 Graeoum
1105 524 1244 592 litterum

180 627 325 698 reubero
352 639 420 704 (nee
441 629 472 695 in
493 629 599 709 resto).
659 627 876 696 Scribonium:
913 630 983 696 ont
1009 630 1119 694 ettam
1154 631 1243 696 bur·

179 733 287 801 boris
308 734 466 803 essibus
489 734 657 802 Grooesm
685 735 867 800 litterum
893 734 1087 804 adhibere.
1143 735 1245 821 (Kay-

182 858 269 906 sorns
291 841 403 907 vitium
425 841 538 920 sensit;
560 841 745 908 nonestione
766 859 840 906 usus
862 841 910 908 est
933 843 965 907 et
984 842 1119 910 violente
1142 845 1177 910 ot
1196 843 1246 910 in·

184 945 284 1026 loliei3
324 968 391 1010 eam
417 947 490 1029 post
510 947 588 1010 door
609 945 692 1012 nullo
719 946 808 1012 modo
829 947 869 1012 ud
890 946 1029 1031 superins
1050 947 1128 1014 illud
1154 944 1244 1012 Gro-

181 1071 248 1114 oom
270 1049 401 1116 litteram
421 1052 528 1118 referri
548 1039 668 1136 poteret
686 1070 744 1118 nee
766 1069 801 1116 eo
821 1051 887 1118 loeo
908 1053 941 1118 id
961 1070 1129 1136 pronomen
1149 1053 1243 1136 poni.)

182 1153 280 1222 Poulo
300 1159 370 1241 post
396 1157 486 1241 §161
509 1159 614 1241 aperte
634 1177 689 1243 pro
709 1158 959 1242 loquebamur
979 1157 1174 1226 scribendum
1196 1161 1246 1226 est
1389 1133 1392 1138 ¹

178 1260 440 1348 loquebantur
463 1264 504 1329 le
529 1263 696 1347 superioris
726 1264 828 1330 aetstis
852 1263 1089 1344 consuetudins,
1123 1281 1244 1344 eornm,

179 1367 233 1452 qni
264 1370 495 1450 postremum
526 1369 702 1436 littorum
732 1369 1002 1446 detrahebant
1038 1368 1244 1436 sedeciam

178 1469 363 1560 Heusinger.
863 1494 867 1500 ·

278 1613 345 1680 loo.
369 1614 430 1678 227
452 1614 667 1682 sentendum:
704 1615 769 1678 sed
795 1617 862 1699 (pro
884 1617 934 1698 er)
954 1630 1025 1682 nee
1046 1615 1245 1682 sententio

179 1717 261 1786 olle
283 1720 343 1786 est
365 1720 425 1788 eet.
481 1721 635 1806 (Alioquin
657 1720 755 1788 esset:
791 1732 912 1804 neque
944 1722 1009 1787 ont
1045 1721 1245 1788 sententie

178 1873 188 1888 .
211 1871 220 1892 .
242 1874 250 1894 .
273 1827 339 1892 ent
361 1876 368 1891 .
394 1874 401 1888 .
429 1874 449 1908 .,
469 1826 529 1902 etsi
549 1826 705 1893 sententio
725 1827 900 1910 repugnat.)

195 2016 198 2023 .
278 1964 346 2032 Ibd.
371 1965 449 2032 231:
492 1965 587 2033 Nem
620 1965 663 2031 de
693 1964 882 2032 laudibus
912 1964 1035 2032 multe
1060 1963 1243 2050 diximus,

107 2105 109 2108 ·
176 2071 317 2154 quibos
371 2074 463 2138 sunt
501 2072 595 2155 ‚alio
635 2072 841 2155 perspicue
885 2071 987 2139 vitio
1031 2070 1244 2141 tenereris

177 2173 280 2242 Serio.
319 2177 394 2240 illa
428 2177 629 2262 perspicue
664 2176 881 2262 vitis,.quae
917 2177 1008 2260 poulo
1036 2176 1108 2244 ente
1137 2175 1243 2244 Oioero

177 2283 380 2360 onumeravit
401 2285 446 2360 ut,
468 2282 521 2366 qni
542 2301 579 2348 es
598 2283 686 2362 vitet
708 2282 816 2349 londes
837 2287 1051 2366 consequatur.

277 2410 345 2478 lbd.
376 2409 452 2475 235:
494 2411 621 2494 Atque
648 2415 689 2476 ut
715 2411 831 2495 pleno
862 2429 984 2496 genus
1011 2411 1097 2491 hoo,
1135 2411 1241 2495 qnod

175 2531 248 2600 ogo
270 2515 404 2596 londo,
427 2515 955 2600 contempsissevidoontur‚
977 2517 1042 2582 out
1063 2517 1245 2596 scribent

176 2620 329 2706 reliquid
351 2669 360 2689 .
381 2671 390 2690 .
413 2667 423 2687 .
449 2622 515 2686 ant
535 2622 736 2706 reperiam
756 2625 843 2706 ipso
863 2623 998 2700 eedem
1020 2622 1244 2692 eondioions

177 2727 326 2809 quinti
353 2727 470 2807 uelit,
502 2729 547 2794 ut
581 2729 649 2794 sut
679 2727 788 2794 diest
821 2731 885 2794 sut
912 2729 1066 2796 seribst
1092 2779 1099 2794 .
1127 2777 1136 2796 .
1165 2774 1173 2790 .
1202 2748 1243 2795 oo

180 2837 334 2916 genere,
369 2852 440 2918 qno
466 2832 531 2900 illi
562 2834 707 2901 volunt.
749 2834 877 2900 Frustra
897 2834 1084 2900 recentiores
1102 2833 1168 2900 haee
1190 2833 1244 2901 de-

178 2935 303 3005 fendere
324 2939 482 3022 murentur.
537 2937 625 3006 Nihil
654 2940 737 3006 enim
759 2938 799 3005 ad
819 2941 916 3019 illam,
949 2958 1010 3024 qne
1041 2939 1148 3007 (liuere
1169 2959 1244 3016 usus

180 3045 237 3120 est,
250 3045 505 3128 'provocationem
528 3046 671 3130 pertinet,
692 3065 785 3130 quem
811 3048 878 3130 ipse
902 3047 1079 3131 reperturus
1100 3047 1156 3124 slt;
1189 3065 1244 3114 ne-

183 3166 241 3234 que
261 3150 328 3234 ipso
349 3151 407 3217 hoo
428 3151 557 3236 suscipit
577 3152 695 3228 oneris,
732 3153 768 3218 nt
799 3152 956 3220 eiusmodi
976 3153 1133 3220 hominem
1154 3149 1262 3236 repo-²

176 3255 256 3334 riot3
278 3256 311 3321 id
332 3258 444 3342 egitur,
464 3257 520 3336 illi,
543 3277 619 3342 qnos
641 3261 747 3325 enne
770 3258 853 3338 dioit
875 3260 948 3343 quill
969 3260 1030 3342 ipsi
1050 3259 1153 3332 lesere
1173 3278 1244 3344 pos-

179 3360 245 3428 sint
261 3362 394 3428 velintvo
423 3363 478 3430 sut
507 3363 548 3430 od
570 3365 644 3446 qnid
672 3364 848 3432 leniendum
882 3366 977 3432 olium
1000 3365 1151 3435 udduosrs
1171 3383 1245 3448 pos·

180 3465 255 3535 sint
299 3467 396 3536 Roete
417 3469 513 3555 igitur
535 3469 590 3536 elii
612 3471 644 3536 et
664 3471 784 3538 eodiees
807 3474 838 3537 et
860 3472 992 3540 editores
1021 3473 1243 3558 repertarum

178 3573 238 3638 sed
258 3573 375 3642 residet
394 3576 478 3642 eliud
498 3576 645 3662 pusillum
665 3577 828 3654 mendum3
854 3579 1051 3646 scribendum
1072 3581 1122 3644 est
1144 3577 1243 3644 enim:

177 3680 248 3746 out
281 3682 500 3768 reperiant,
537 3683 617 3768 ipre
652 3683 783 3752 eadem
821 3684 1049 3752 eondieione
1084 3684 1149 3769 qni
1183 3684 1245 3750 nti

178 3786 287 3854 uelit.
332 3789 499 3874 :[Ishninsr
522 3790 733 3872 reperiam,
754 3791 842 3875 ipse
865 3790 1025 3874 eudem]

278 3917 396 3984 Eodem
418 3917 585 4000 occasions,
622 3927 682 4002 qno
704 3919 910 4002 superiorein
932 3922 1050 3987 oratore
1074 3920 1242 3996 emerituri,
1288 3937 1290 3944 ⁴
