3018 4634
294 229 359 296 m
616 227 921 300 .mmmm

253 429 397 518 (epistota
428 431 525 492 instar
555 425 735 502 esromae,
779 427 840 493 hoc
882 428 947 502 cst,
987 427 1130 494 vdumen
1170 437 1320 514 aequens).

252 538 356 606 Gerar
391 534 469 602 nihil
503 533 670 618 scripserat
701 531 763 598 uiri
787 531 863 598 hoo:
896 529 938 596 ut
972 531 1100 598 instar
1136 535 1236 600 muri
1267 534 1321 600 he

252 661 370 728 sepes
391 639 626 726 praeberent,
647 639 707 705 hoo
728 639 787 718 est,
808 639 890 704 muri
910 637 974 704 uim
989 656 1141 723 urumque
1163 641 1320 709 haberent.

255 747 315 830 Qui
337 745 595 814 munimentis
615 745 788 828 adscripsit,
824 744 954 810 instar
974 744 1073 810 muri
1092 747 1198 812 umen
1218 747 1322 813 obiec-

252 855 321 920 tum
334 872 403 920 esse
412 851 574 932 intellexit,
585 850 650 928 sed,
662 849 736 934 quid
746 852 831 916 esset
843 852 940 913 imeae
944 851 1321 936 protere(elicuius),nou

255 959 424 1036 intellexit:
445 958 567 1030 deinde,
590 957 643 1042 qui
664 956 793 1022 iuster
808 956 906 1021 muri
919 974 973 1039 pro
990 957 1168 1041 tauquam
1188 977 1320 1025 murus

251 1066 422 1148 acceperat,
445 1065 681 1130 munimenta
696 1062 779 1137 feeit,
798 1080 837 1126 ue
852 1061 1046 1144 praeberet
1061 1063 1180 1130 obiecto
1192 1067 1321 1132 emeret.

253 1171 476 1238 Additamenia
496 1169 663 1236 manifeste
682 1185 787 1234 omnes
809 1167 931 1232 codices
952 1168 1068 1236 hubent
1089 1170 1113 1246 Ι,
1153 1170 1195 1234 54
1219 1175 1322 1251 (seu-

251 1277 418 1358 sernnt),
434 1277 475 1352 Ii,
495 1275 576 1369 ltin
591 1273 795 1357 hibernii),
810 1273 848 1336 12
860 1274 1080 1358 (coniecto),
1098 1275 1136 1340 15
1150 1283 1322 1355 (eorum),

225 1457 227 1464 Α
252 1383 296 1446 20
317 1383 427 1466 (quod
449 1383 597 1449 eret...
614 1380 831 1464 oporteret,
852 1381 979 1446 turbata
998 1381 1152 1450 rhetorica
1172 1383 1321 1450 orationis

249 1489 370 1570 formet,
394 1489 452 1564 ΙΙΙ,
474 1489 494 1552 9
516 1488 721 1568 (certiores
748 1486 870 1567 iacti),
888 1487 942 1566 ΙΙ,
963 1485 983 1549 d
1007 1489 1060 1566 (et
1081 1491 1173 1572 etque
1195 1490 1320 1574 quod),

256 1595 297 1658 10
328 1605 418 1679 (que
440 1595 471 1660 et
503 1595 543 1659 in
565 1611 747 1660 oeeenum
778 1592 944 1670 influit),
974 1593 1020 1671 V,
1055 1593 1095 1658 28
1130 1601 1321 1688 (magnes,

249 1702 338 1767 recte
365 1701 524 1767 suthtum
555 1719 574 1766 a
601 1699 786 1766 Schneidero
819 1701 851 1765 et
879 1700 1060 1777 Duebuer03
1098 1701 1228 1767 ridicule
1249 1704 1321 1786 post

256 1807 504 1892 quantasvis,
541 1806 599 1872 hoe
620 1806 680 1883 ost,
711 1805 762 1871 uei
785 1806 947 1883 maximas,
969 1807 1186 1890 superadditur
1207 1827 1317 1894 meg·

249 1915 493 1992 marotiam),
526 1911 605 1988 ΙΙΙ,
637 1911 678 1974 47
712 1911 992 1991 (contionatus,
1025 1913 1105 1996 quod
1125 1914 1191 1997 ipse
1214 1916 1320 1981 rustu-

253 2020 362 2100 ieram,
396 2019 532 2086 nondum
563 2017 685 2102 cognite
706 2017 833 2084 Gruteri
865 2016 1103 2102 emeumtione).
1147 2020 1218 2102 Ipso
1239 2039 1320 2102 pree-

254 2126 400 2191 termissa
420 2126 460 2191 ab
482 2124 551 2191 eliis
573 2123 786 2190 additamenta
810 2124 915 2190 notavi
946 2125 977 2204 I,
1014 2124 1054 2187 26
1077 2125 1153 2209 (ri),
1185 2125 1246 2206 lv,
1279 2127 1320 2214 24

248 2234 484 2316 (oppressis).
497 2233 524 2310 ¹)

352 2339 420 2404 ΙΙΙ.
444 2339 484 2401 22
505 2337 574 2421 ipse
594 2337 763 2402 inciderem
783 2335 816 2401 in
837 2336 1086 2403 emendationem
1099 2340 1320 2419 necessariam,

244 2463 345 2528 ¹quam
370 2444 479 2512 deinde
500 2444 565 2510 vidi
586 2441 765 2522 eWhittio,
788 2443 887 2508 emico
911 2461 982 2509 meo
1002 2445 1035 2509 et
1059 2446 1134 2512 olim
1157 2446 1318 2529 discipulo,

252 2553 446 2635 preceptem.
495 2549 706 2635 lneptssime·
724 2547 807 2616 anim
839 2548 954 2616 milites
987 2555 1188 2634 (qumquem
1220 2569 1259 2618 ne
1286 2550 1320 2616 hi

252 2656 376 2740 quidem
397 2677 528 2743 usquam
548 2657 581 2722 in
603 2656 747 2740 proximis
780 2673 836 2739 per
873 2673 906 2720 se
927 2656 1154 2740 separatimque
1173 2657 1321 2742 appellati

253 2766 337 2844 sunt)
360 2764 504 2830 dicuntur
523 2763 649 2828 dicere
682 2761 849 2847 reponere
881 2759 1027 2838 (ebiutivo
1057 2768 1143 2842 casu)
1176 2767 1319 2842 ramme,

253 2870 341 2953 quasi
365 2870 481 2936 milites
502 2871 639 2953 legiones
660 2871 781 2954 regent.
819 2868 1021 2934 Scribeudum
1045 2870 1141 2954 igitur
1163 2872 1226 2936 est:
1239 2889 1320 2936 eum

253 2975 419 3038 diverse
440 2975 511 3054 (hoe
532 2978 590 3050 est,
611 2974 856 3059 ioooetrcgione
873 2976 1034 3058 separatae)
1048 2974 1216 3060 legiones
1236 2977 1319 3042 alia

244 3079 332 3146 elia
355 3080 393 3146 iu
419 3082 530 3163 perte
555 3080 732 3148 hostibus
756 3080 1000 3148 resisterent.
1030 3081 1083 3158 Aa
1099 3081 1319 3166 diceteliquia

253 3185 478 3254 violentissime
499 3186 652 3254 ablativus
673 3186 705 3252 iu
725 3187 951 3254 nominativum
972 3189 1121 3256 mutatur.
1143 3189 1179 3255 Si
1195 3189 1319 3273 quidem

246 3310 348 3358 cause
375 3292 481 3356 mendi
513 3311 574 3360 nou
600 3292 878 3372 meniieate'eeset,
908 3311 946 3358 ex
976 3311 1013 3359 eo
1039 3294 1114 3372 orti,
1141 3295 1221 3378 quod
1251 3316 1319 3358 eum

245 3397 425 3493 «coniunctio
449 3399 488 3465 ab
510 3399 655 3466 oscitanti
675 3399 800 3466 librario
820 3399 996 3484 prepositio
1017 3399 1126 3491 habite
1147 3403 1205 3467 est.

269 3739 295 3808 Ι)
321 3740 357 3805 11,
376 3742 394 3798 4
411 3740 483 3796 recte
501 3738 628 3796 scribitur
645 3741 674 3796 iu
685 3739 829 3816 codicibus
846 3740 1039 3798 deterioribus:
1057 3741 1202 3798 adhunc
1221 3755 1321 3811 prop·

323 3836 376 3888 ter
401 3832 573 3889 iustitiam
601 3831 895 3906 prudentiamque
921 3855 1063 3890 remmom
1090 3834 1203 3890 totius
1232 3832 1319 3890 belli

322 3924 459 3980 deferri.
488 3923 522 3980 Iu
539 3924 696 3982 melioribus
713 3941 745 3980 ex
764 3942 930 3984 summam
948 3929 1039 3984 ortum
1056 3929 1100 3984 est
1117 3942 1228 3994 suem,
1247 3924 1321 3996 quod

322 4017 350 4074 iu
368 4018 388 4074 1.
407 4014 549 4072 barbarum
567 4017 615 4082 est,
634 4015 732 4090 deiude
751 4017 875 4076 additum
893 4035 1053 4076 summam
1070 4021 1132 4094 post
1149 4019 1249 4076 belli.
