3000 4638
300 237 363 300 eoo
494 191 497 198 ’
659 240 720 298 nu.
730 241 807 298 vnr.
815 240 879 313 oap.
887 242 925 297 11.

252 439 545 522 procubuerunt
588 439 694 522 low)
751 439 799 505 Ne
831 440 865 506 iu
897 440 936 506 iis
969 441 1105 524 quidem,
1135 465 1201 529 quae
1233 448 1323 530 paulo

257 545 338 612 infra
361 546 405 624 (5)
436 545 581 628 leguntur
612 545 650 610 de
681 547 862 629 comparata
885 565 903 612 a
925 547 1036 614 Seiano
1062 548 1210 618 Cremutii
1232 552 1324 618 Oordi

259 652 466 728 accusatione,
489 650 566 715 inA
589 650 634 716 sic
655 651 783 735 scripta:
810 656 1064 720 consecratur
1085 660 1324 742 subscriptio

259 757 330 834 (hoc
352 760 401 823 aet
422 757 548 836 crimen,
573 757 637 834 cfr,
666 777 733 840 qnae
754 759 794 824 ad
816 758 878 824 Cic.
904 760 1000 828 divin.
1022 762 1054 825 in
1077 762 1160 856 Oaec,
1178 765 1217 828 31
1241 765 1326 848 diri),

259 866 295 928 et
329 863 512 930 acerrimi
546 883 677 942 canas,
710 883 800 946 quos
832 864 902 928 ille
1045 872 1328 953 sanguinaba-

258 988 367 1035 mano
397 970 604 1053 pascebat,
643 970 940 1036 circumlatrare
984 972 1172 1040 hominem
1211 977 1327 1042 etiam

259 1075 370 1142 illum
401 1077 649 1159 imperiatum
682 1075 892 1158 incipiunt,
928 1077 1045 1142 certum
1078 1081 1133 1155 est,
1171 1082 1243 1164 quid
1273 1101 1327 1164 pm

260 1182 511 1246 consecratur
541 1180 789 1248 substituendum
819 1181 876 1256 slt3
906 1181 985 1247 latet
1006 1183 1138 1249 fortasse
1172 1187 1328 1248 conolo-

259 1297 384 1349 natur.
439 1285 500 1350 Sed
521 1286 552 1349 in
581 1285 828 1368 imperiatum
851 1287 971 1351 certum
993 1291 1042 1354 est
1063 1289 1188 1354 subesse
1209 1288 1327 1371 aliquid

260 1394 301 1459 ad
322 1393 471 1458 Cremutii
503 1391 625 1456 laudem
647 1391 817 1474 pertinens;
855 1411 953 1475 neque
983 1393 1064 1458 anim
1096 1395 1123 1459 is
1146 1393 1328 1477 simpliciter

259 1499 369 1586 homo
397 1497 545 1581 appellari
567 1500 702 1581 poterat;
737 1516 835 1581 nequa
869 1498 1071 1565 dubitandum
1092 1500 1222 1577 videtur,
1254 1500 1329 1582 quin

260 1603 410 1686 scriptum
451 1603 560 1668 luerit:
605 1603 794 1669 hominem
837 1606 955 1671 etiam
998 1607 1035 1667 io
1068 1605 1137 1668 illo
1169 1606 1328 1688 imperio

260 1707 393 1786 alcum,
415 1709 471 1774 hoc
488 1709 545 1783 ost,
567 1709 620 1792 qui
641 1729 679 1774 no
690 1709 813 1776 Tiberio
829 1711 955 1794 quidem
965 1712 1138 1794 imperante
1159 1712 1191 1775 et
1216 1711 1329 1775 Seiano

260 1813 405 1880 savieme
420 1869 424 1877 .
441 1814 670 1897 deprimebatur
706 1835 763 1881 nec
804 1835 837 1882 se
873 1818 1084 1883 submittebat.
1138 1817 1202 1882 Sub
1234 1817 1329 1881 linem

262 1919 373 2002 cepitis
405 1921 449 2001 (8)
485 1920 601 2003 partim
633 1921 799 1988 admodum
838 1923 1044 2006 probabilem,
1083 1914 1196 2006 partim
1238 1923 1329 2005 plane

263 2026 381 2090 certam
414 2028 530 2094 habent
562 2027 825 2106 emendationem,
864 2047 930 2110 quae
962 2029 995 2093 in
1028 2029 1057 2092 A
1091 2029 1143 2108 (B)
1181 2027 1328 2093 mendose

263 2132 378 2215 scripta
409 2133 595 2200 obiiciuntur
628 2134 666 2198 do
693 2133 881 2200 delatoribus
914 2135 1149 2219 postulantibus,
1183 2153 1222 2198 ne
1255 2133 1330 2199 Ore·

262 2226 362 2303 mutio
389 2238 487 2306 Cordo
518 2239 627 2306 liceret
658 2241 830 2305 voluntaria
861 2241 960 2306 morte
992 2240 1222 2304 damnationem
1251 2257 1330 2322 prae·

264 2361 399 2410 currere:
443 2347 704 2414 Accusatores
856 2347 996 2412 adeunt
1027 2347 1227 2412 consulum
1256 2345 1331 2409 tri-

264 2449 435 2530 bunalia,
465 2455 676 2536 queruntur
697 2453 803 2526 ‚mori
836 2451 1013 2531 Cordum,
1049 2454 1090 2516 ut
1116 2451 1329 2533 interpella

266 2558 611 2644 quodcoegerant;
657 2558 750 2624 adeo
799 2557 883 2622 illis
936 2557 1080 2623 Cordus
1122 2557 1332 2624 videbatur
1452 2549 1453 2552 ’

267 2665 449 2750 affugere.
482 2666 623 2748 Magna
643 2683 706 2729 ros
729 2665 870 2730 erat-in
891 2665 1102 2748 quastione
1124 2681 1168 2728 an
1192 2659 1332 2726 mortis

265 2773 321 2838 rei
341 2773 559 2856 perderent.
604 2769 687 2838 Nam
700 2771 842 2852 'primum
866 2789 930 2836 non
949 2771 1009 2854 ipsi
1031 2770 1223 2836 accusatores
1232 2768 1331 2832 intor-

265 2879 425 2961 pallebant
445 2895 503 2944 noo
524 2887 563 2938 ur
583 2876 815 2960 interpellantes
838 2877 1059 2960 querebantur,
1080 2877 1262 2958 omninoque
1283 2874 1332 2938 bis

266 2984 410 3048 brevibus
431 2983 555 3050 incisis:
577 2983 720 3048 adeunt
744 3001 814 3048 cos.
831 2983 936 3061 trib,
965 2981 1333 3065 queruntur...(lor·

211 3123 227 3147 ι
267 3089 352 3154 dum
373 3088 458 3154 nulla
479 3089 567 3171 quasi
589 3089 687 3154 cauda
711 3089 837 3172 adiungi
858 3089 961 3165 debet,
990 3089 1044 3154 sad
1066 3105 1144 3154 nova
1166 3086 1333 3152 sentemiar

266 3197 307 3260 ut
328 3195 638 3277 interpellarent
662 3195 722 3274 (sic
743 3196 807 3260 iam
828 3194 946 3278 vulgo),
979 3195 1078 3278 quod
1106 3192 1335 3278 coegerant,

268 3310 395 3377 orcam
428 3300 525 3366 adeo
546 3303 605 3365 cet.
649 3301 771 3366 Excidit
802 3287 915 3366 orant
936 3303 1008 3384 post
1040 3303 1161 3366 erant.
1215 3295 1335 3363 Deinde

268 3405 300 3471 in
323 3405 466 3472 extremis
487 3408 615 3489 apparet
635 3407 721 3473 verbi
744 3407 858 3490 passivi
878 3409 1021 3492 perdor
1043 3405 1333 3490 (perderentur),

271 3635 471 3642 mun-..—

301 3782 323 3847 ¹)
342 3789 358 3848 t
383 3789 396 3840 1
420 3779 635 3838 recteedd.inde
652 3779 788 3834 aMnreto
802 3775 1044 3832 antedickemum:
1080 3772 1244 3840 Quereris
1275 3786 1336 3838 nou

340 3881 411 3931 tam
435 3871 631 3931 cintilium
652 3871 902 3936 tuumrixisse‚
932 3885 1028 3938 quam
1058 3866 1250 3938 potuisset,
1280 3877 1332 3916 non

340 3971 512 4041 petrissa
543 3981 629 4035 neque
647 3964 719 4018 enim
736 3965 766 4018 in
783 3963 833 4016 hac
852 3963 948 4016 forma:
979 3978 1044 4016 uon
1071 3959 1216 4014 tamdiu
1241 3955 1335 4011 vixit

341 4079 439 4134 quam
457 4061 577 4130 potuit
595 4059 781 4128 comparantur
799 4055 857 4111 dna
875 4057 995 4112 actiones
1012 4055 1152 4124 separate.
