2924 4660
595 308 709 366 Gellius.
845 308 857 340 ·'
1073 307 1143 372 ’591
1196 295 1198 300 ¹
1274 291 1277 297 Ι

119 512 174 578 alii
198 513 291 577 scribi
313 509 482 577 voluerant.
540 507 750 592 Relinquitur
767 508 845 572 illud
862 509 983 593 ·quasi
1017 509 1186 590 finibus,

119 619 201 703 quod
224 621 325 683 bobum
348 616 417 697 post
450 633 513 678 ora
541 613 619 695 (sive
657 616 862 690 oreteneas)
884 615 1036 694 abundat,
1074 618 1187 700 quasi

119 728 227 790 autem
250 741 372 806 prorsus
395 737 571 802 perversum
595 721 650 783 esi.
706 717 766 783 Sed
788 719 912 786 subesse
936 721 1086 797 videbur‚'
1108 725 1187 807 quod

119 836 284 912 peraptum
307 828 365 892 sit:
409 827 460 890 Ex
489 825 662 907 Iapygiae
684 823 808 906 ipsius
832 845 898 890 ora
919 829 1185 909 proficiscen-

118 941 197 1002 tem
225 933 409 1018 Epnarioe
443 930 606 994 finibus.
659 931 759 1014 Magis
797 933 889 996 eliam
926 934 1187 1000 circumscribibur

109 1035 216 1119 locus,
239 1040 319 1104 unde
341 1037 412 1102 oriri
434 1037 527 1118 Iapyx
545 1036 652 1102 soleat.
1291 1097 1296 1110 ,

222 1145 288 1210 Ibd.
312 1143 360 1219 23,
384 1144 402 1204 9
425 1143 456 1207 in
478 1133 650 1226 fragmento
672 1161 687 1206 e
710 1141 871 1208 Menandri
893 1145 998 1210 Plocio
1022 1165 1050 1210 v.
1067 1148 1102 1208 il
1120 1168 1185 1233 sqq.

119 1271 135 1318 e
162 1249 302 1335 uestigiis
325 1249 464 1316 codicum
487 1247 645 1330 perspicue
670 1247 815 1312 efficitur:

255 1358 376 1440 λαβεῖν
400 1347 453 1440 s’pe’
475 1347 821 1419 dunctdsacaoilcuuov
844 1355 898 1420 uel
921 1358 1069 1442 γὲνονς

257 1453 364 1529 οὖσαν
386 1461 553 1546 auxios·
577 1452 637 1524 εἰτ’
660 1461 728 1525 ἐστὶ
751 1455 790 1525 τό
814 1453 964 1548 φρύαγμ’
986 1457 1007 1526 ὅ
1017 1487 1103 1537 πως

254 1561 411 1656 γένοιτ’
433 1562 477 1632 οἲν
500 1559 573 1630 ode
596 1557 855 1647 dvvndoaccov3
876 1561 927 1654 poi
951 1561 1023 1634 τόν

149 1743 162 1758 ,Ἴ
255 1669 455 1758 Ὀλύμπιον
477 1697 505 1740 κ.
528 1697 558 1737 a.
583 1673 612 1736 λ.

221 1781 367 1865 Supplevi
400 1773 524 1866 γένοιτ’
553 1772 597 1843 οἳν
619 1771 692 1843 oda.
740 1777 852 1861 Nocuii
874 1780 920 1844 bis
943 1782 1046 1862 posita
1068 1782 1186 1865 syllaba

113 1913 167 1955 αν.
224 1876 298 1967 Quae
323 1887 375 1952 alii
398 1887 563 1959 effecerint,
595 1885 675 1968 apud
698 1883 886 1953 Meinelrium
909 1888 1054 1970 cognosci
1074 1891 1184 1970 potest.

115 1995 196 2058 Tum
236 1991 257 2078 ξ
296 1992 334 2055 10
370 1994 402 2057 in
440 1991 596 2056 Caeciliani
629 1987 795 2073 fragmenti
834 2011 861 2056 v.
899 1991 934 2067 7,
971 1993 1023 2058 ubi
1057 1995 1087 2058 in
1122 1995 1185 2059 cod.

9 2139 10 2180 2
118 2099 265 2182 palimps.
288 2096 447 2163 scribitur:
471 2096 638 2178 privatu'
667 2097 741 2161 uin'
776 2115 831 2161 me
854 2101 1076 2174 servatum,
1110 2100 1186 2164 scri·
1244 2087 1246 2092 ’

117 2206 254 2270 bendum
276 2205 413 2268 videtur:

123 2337 124 2342 ¹
220 2309 295 2390 Quae
330 2309 405 2373 mihi
436 2307 715 2391 quicquidplacet,
750 2325 783 2371 eo
814 2309 969 2390 privatum
998 2333 1045 2374 me
1066 2312 1106 2384 iu·
1137 2331 1187 2376 me

893 2421 997 2480 servat
1017 2439 1135 2482 suum.

219 2519 339 2590 Deinde
362 2522 381 2600 ξ
406 2520 444 2580 14
465 2519 497 2582 in
521 2518 617 2582 aliero
641 2517 802 2582 Menandri
830 2519 1001 2602 fragmento
1024 2541 1051 2587 v.
1075 2523 1094 2583 2
1117 2543 1184 2606 sqq.

10 2671 11 2692 2
119 2626 314 2691 scribendum
337 2628 423 2708 puto:

703 2727 823 2814 κυρίαν
847 2729 908 2814 τῆς
931 2731 1042 2804 οἰκίας
1131 2723 1133 2728 ’

162 2838 217 2903 καλ
241 2835 310 2902 τῶν
334 2829 461 2923 οἷγρών,
485 2837 539 2901 καὶ
563 2828 681 2902 πάντ’
704 2837 849 2920 ἐκείνης·
875 2829 984 2922 [duat
1009 2832 1038 2904 (λ’
1064 2826 1131 2924 ὦν]

162 2928 298 3030 ἔχομον,
315 2939 508 3017 Ἄπολλον,
532 2936 581 3021 οἷςΙ
596 2943 754 3029 χαλεπῶν
774 2935 1027 3029 χαλεπώτατον.
1242 3017 1247 3026 ,

137 3131 141 3138 v
220 3051 258 3114 In
291 3049 445 3115 codicibus
477 3033 516 3114 ob
547 3051 615 3116 τῶν
642 3043 756 3137 οἷγροῖν
787 3051 922 3132 primum
956 3051 1103 3135 scriptum
1138 3052 1187 3116 est

121 3159 175 3223 καὶ
198 3150 354 3232 πάντων,
376 3160 444 3222 ium
466 3155 605 3222 additum
628 3149 712 3222 ἄντ’.

220 3265 381 3328 Postremo
411 3261 431 3349 ξ
459 3261 500 3326 20
526 3263 557 3326 in
587 3261 672 3327 berbii
702 3261 868 3345 iragm'enii
896 3279 923 3326 v.
954 3261 973 3324 8
1002 3281 1018 3326 e
1048 3263 1184 3327 codicum
1234 3323 1236 3330 .

121 3370 259 3454 vestigiis
285 3368 435 3434 efficitur:
698 3365 699 3368 ’
1045 3373 1047 3378 ’

183 3459 185 3464 ,
654 3473 721 3538 τών
741 3475 808 3558 μὲν
829 3465 978 3557 οἷνιαρῶν
999 3469 1085 3559 ἔχων

140 3567 177 3644 το
200 3587 304 3667 μέρος
326 3571 501 3654 ἁπάντων,
523 3580 592 3645 τῶν
615 3572 644 3646 d'
665 3572 812 3666 α’ναθών
833 3571 883 3644 ον’
893 3571 922 3645 d’
944 3571 1165 3662 ὅνάμονος.

219 3687 285 3752 Lib.
309 3689 372 3762 ΙΙΙ,
408 3687 443 3764 2,
478 3686 526 3750 10.
574 3685 712 3762 Codices,
743 3686 874 3752 sirecte
897 3686 1094 3766 interpretor,
1117 3703 1184 3767 quaa

121 3791 250 3856 obscure
271 3793 333 3857 Iac.
356 3791 528 3859 Gronovius
550 3791 679 3856 tradidit
699 3791 903 3875 Herlziusquo
926 3789 1064 3857 notarii:
1097 3793 1186 3872 post
1212 3861 1217 3872 ,

119 3896 284 3962 mediam
316 3903 470 3964 noctem
501 3898 761 3980 auspicantur
790 3897 829 3960 et
861 3899 948 3979 post
980 3894 1184 3959 meridiem

120 4001 238 4065 solem
262 4007 413 4087 agnunb
434 4004 718 4088 auspicatique
740 4021 822 4068 esso
846 4005 883 4068 et
902 4001 1184 4084 egisseeodem

120 4100 179 4168 dic
212 4107 406 4176 dicuntur.
463 4103 592 4173 Videtur
634 4108 752 4174 Gellius
795 4107 969 4190 scripsisse:
1013 4110 1051 4172 eb
1094 4108 1185 4189 post
