2956 4648
533 285 682 340 L.·Senscsa
702 285 838 354 Epistola.
983 295 989 307 ¹
1111 285 1173 349 493

154 504 310 551 versum
355 482 571 548 affectuum
618 483 685 548 sed
721 503 803 548 cum
840 503 910 567 quo
954 486 1215 562 colluctatum

154 592 221 656 sed
263 590 384 656 omnis
430 587 519 668 plus
559 593 695 670 potest
742 589 923 672 quamvis
963 590 1215 656 mediocrium

93 727 103 736 -
154 698 278 773 turba,
297 713 409 778 quam
430 697 572 776 posset
593 695 709 758 unius
732 696 857 778 magni
886 695 1085 760 violentia.
1119 695 1216 762 Recte

153 803 347 868 intellectum
365 803 413 865 est
433 800 558 865 subesse
579 799 810 866 uuiversum
833 799 1048 865 affectuum
1070 802 1215 875 coetum,

154 907 235 992 qnod
270 925 381 972 noman
413 925 474 972 non
497 905 662 972 difficulter
694 907 764 989 post
783 905 902 972 litteras
925 909 1057 972 ctnum
1080 906 1216 972 excidere

156 1014 271 1096 potuit;
314 1014 440 1078 verbum
474 1012 554 1076 mala
591 1012 623 1075 et
663 1013 771 1077 soloeco
808 1012 966 1095 supplent,
1009 1011 1215 1094 relinquis.

154 1117 330 1184 Latoidos
358 1119 389 1182 in
412 1117 475 1182 sad
499 1118 682 1183 antaeum.
738 1118 856 1182 Deinde
880 1120 983 1184 autem
1005 1117 1071 1182 sed
1094 1121 1215 1182 omnis

155 1224 249 1306 (quod
271 1223 403 1289 debebat
432 1240 500 1287 esse
532 1222 563 1286 in
586 1223 792 1289 continuando
822 1221 946 1288 omnis
977 1224 1123 1295 autem,
1157 1221 1217 1286 nisi

154 1348 247 1414 prave
268 1329 333 1393 lraec
356 1330 541 1412 generaliter
561 1329 600 1394 de
621 1329 704 1394 omni
726 1326 958 1410 cuiusquemodi
989 1345 1091 1392 rerum
1125 1328 1217 1393 turba

155 1436 342 1512 dicerentur,
374 1454 444 1500 cum
477 1433 515 1499 de
547 1453 608 1498 una
631 1434 798 1499 affectuum
820 1435 942 1516 agatur)
963 1431 1133 1498 tollendum
1156 1435 1215 1509 est,

154 1541 352 1624 adscriptum,
386 1541 498 1605 omisso
530 1541 686 1616 coetum,
725 1538 763 1602 ad
794 1540 979 1604 sententiam
1002 1537 1216 1604 declarandam

155 1643 186 1712 et
202 1647 392 1728 explendam
414 1653 499 1723 (non
522 1662 633 1709 unum
662 1690 722 1709 ...
751 1643 816 1708 sed
838 1650 992 1722 omnes).
1024 1645 1065 1708 llt
1086 1644 1218 1708 sustule-

154 1755 224 1817 rant
267 1753 329 1816 iam
367 1751 498 1816 editores
533 1752 603 1832 post
633 1749 800 1824 Muretum,
828 1749 879 1831 qui
912 1766 948 1814 en
980 1749 1121 1814 inferiore
1149 1748 1218 1814 ssd

155 1859 293 1922 omnia
314 1859 388 1922 nats
408 1856 546 1939 putabat.
590 1855 641 1920 Sic
664 1855 759 1938 igitur
774 1856 857 1920 locus
879 1855 1057 1920 scribendus
1078 1855 1217 1920 videtur:

154 1963 377 2044 prasertim
410 1961 592 2026 camilli
737 1961 959 2025 universum
1005 1961 1218 2026 affectuum

155 2069 286 2132 coetum
321 2069 403 2142 deo,
440 2085 521 2131 cnm
554 2086 625 2149 quo
664 2067 915 2132 colluctetur.
972 2065 1065 2130 Plus
1087 2067 1220 2147 potest

155 2171 329 2253 quamvis
363 2173 617 2238 mediocrium
649 2172 767 2237 turba
799 2173 857 2236 eet.
903 2170 1067 2248 (Inciderat
1095 2171 1126 2236 in
1155 2161 1225 2236 des¹

159 2275 320 2353 Gruterus,
344 2279 396 2343 sed
422 2279 482 2344 alio
504 2280 570 2344 loco
593 2279 703 2360 posuit,
726 2295 787 2342 non
811 2297 847 2342 er
868 2277 932 2342 sed
956 2276 1045 2354 eruit,
1067 2280 1098 2342 et
1119 2278 1219 2342 cetera

154 2382 304 2448 violenter
325 2384 479 2450 tractavit.
520 2385 565 2450 De
588 2383 722 2448 tollendo
743 2382 765 2469 ᾗ
788 2383 829 2446 10
848 2383 1071 2466 impietatis
1095 2383 1218 2448 nomine
1280 2443 1282 2447 ,

155 2487 216 2552 dixi
239 2489 294 2554 vol.
320 2490 335 2554 Ι
357 2508 388 2571 ρ.
413 2487 477 2567 63.)
1258 2477 1261 2482 ’

255 2593 310 2676 Ep.
335 2593 450 2672 86,14
483 2593 565 2674 (13):
607 2594 688 2659 Hoc
720 2593 832 2659 nobis
865 2594 1033 2658 senibus
1067 2593 1219 2658 discere

155 2699 434 2766 necessarium
468 2703 546 2778 est,
589 2717 747 2783 quorum
780 2718 891 2764 nemo
924 2718 997 2764 non
1030 2700 1218 2764 olivetum

155 2803 429 2888 alteriponit,
463 2806 561 2890 quod
597 2804 678 2870 vidi
704 2805 816 2868 illum
848 2806 1028 2870 arborum
1058 2806 1219 2870 trimum
1304 2852 1309 2862 .

23 2939 29 2952 ·
157 2913 194 2974 et
217 2911 459 2992 quadrimum
480 2910 717 2976 fastidiendi·
735 2911 883 2976 fructus
905 2915 972 2976 aut
994 2911 1038 2976 de
1061 2928 1217 2995 ponere.

156 3013 206 3080 Sic
229 3016 346 3082 codices
377 3018 427 3094 (P,
450 3017 509 3093 Ab,
531 3017 604 3086 alii)-
647 3017 785 3098 Apparet
806 3018 876 3098 post
907 3039 938 3077 m
971 3017 1119 3084 excidisse
1142 3036 1218 3082 non

156 3123 227 3185 ante
260 3120 493 3185 fastidiendi
526 3122 684 3198 (olivetum
725 3141 762 3186 ex
794 3122 950 3188 arboribus
983 3125 1126 3188 constans
1156 3124 1218 3188 mm

154 3225 255 3290 trimis
278 3226 310 3290 et
331 3225 498 3308 quadrimis
514 3229 545 3292 et
566 3227 629 3292 iam
650 3229 783 3292 fructum
805 3245 863 3292 non
886 3228 1105 3294 fastidiendum
1117 3231 1217 3294 seren·

155 3332 261 3410 tibus).
295 3331 474 3416 [Erasmusz
497 3332 592 3396 haud
616 3333 763 3412 fastid]
787 3332 905 3397 Deinde
928 3334 1005 3415 quod
1028 3333 1129 3399 editur
1157 3353 1219 3398 au·
1335 3325 1338 3333 ’

154 3439 285 3502 tumno
309 3437 512 3520 deponere,
535 3437 572 3502 de
596 3442 742 3504 autumno
764 3437 839 3501 nihil
872 3439 948 3516 dico,
972 3439 1119 3504 olivetum
1146 3439 1214 3504 dico

156 3560 214 3606 non
238 3541 357 3626 deponi,
390 3541 444 3606 scd
461 3543 547 3626 poni.
598 3543 643 3608 Er
664 3545 731 3608 aut
752 3543 796 3607 de
817 3543 855 3607 fit
875 3543 973 3608 auide.
1017 3526 1218 3609 scribendum

155 3646 266 3732 igitur:
300 3647 395 3730 quod
423 3647 502 3712 nidi
528 3647 642 3712 illum
669 3649 847 3714 arborum
978 3647 1217 3730 quadrimum

155 3775 226 3815 non
262 3752 499 3818 fastidiendi
531 3754 681 3818 fructus
713 3754 824 3816 acide
858 3757 1027 3838 ponera
1065 3752 1218 3830 Studium,

157 3857 299 3941 quoniam
337 3857 374 3923 ad
407 3857 541 3922 fructum
597 3859 737 3925 celeriter
782 3859 1010 3942 percipiendum
1050 3859 1217 3942 spectabat,

157 3963 272 4028 Seneca
294 3982 355 4029 non
376 3963 441 4028 sine
463 3963 533 4029 lusu
554 3964 712 4030 aviditatis
734 3966 856 4030 nomine
879 3964 1071 4048 significavit.

255 4069 312 4152 Ep.
334 4069 384 4147 88,
409 4070 443 4133 7:
491 4071 570 4135 Hoc
602 4089 660 4135 me
682 4070 791 4149 doce,
825 4066 1010 4153 quomodo
1045 4071 1218 4153 patriam
