3000 4638
292 289 353 352 364
649 291 793 349 Lib.VIlL
806 292 869 362 (lap.
877 293 915 348 11.

350 488 413 554 Diu
447 505 497 552 me
524 487 624 553 tenuit
658 507 736 555 uuus
771 489 895 556 libellus
928 491 1032 556 omnia
1066 493 1313 577 persequentem,

255 615 350 662 unum
373 597 405 660 et
426 593 558 660 alterum
579 594 612 657 iu
631 593 751 661 incerta
771 596 943 680 suspicione
959 597 1106 679 positum,
1129 599 1161 664 et
1184 599 1316 664 aliorum

216 699 223 706 '
254 721 373 787 quoque
410 699 535 766 iuventa
571 699 780 766 vindicantem
818 701 1093 786 retrahentemque.
1157 703 1199 768 Et
1235 703 1316 772 hauc

255 808 380 892 quidem
418 806 553 890 partem,
597 825 665 888 quae
704 824 865 872 censuram
896 806 991 872 habet
1031 807 1314 876 recentissimomm

254 913 405 979 editorum
428 927 537 993 operae,
568 910 625 976 hoo
657 911 756 993 posito
789 912 958 994 specimine
991 913 1133 996 deinceps
1160 915 1314 996 omittam,

252 1019 312 1084 nisi
335 1019 362 1082 si
385 1017 458 1100 quid
479 1017 534 1081 aut
553 1015 606 1095 iis,
640 1035 707 1100 quae
739 1017 869 1082 dicenda
890 1025 975 1097 suut,
1003 1019 1138 1086 vicinum
1163 1022 1195 1086 et
1223 1040 1316 1105 prope

257 1123 455 1190 coniunctum
476 1122 530 1185 aut
550 1123 589 1187 ob
609 1123 745 1206 aliquam
766 1141 891 1188 oausam
913 1125 1114 1192 memorabile
1136 1128 1315 1204 occurrerit

257 1230 341 1296 etin
363 1228 442 1294 meis
462 1245 514 1292 me
533 1229 616 1294 intre
637 1247 674 1292 ca
695 1228 866 1305 continebo,
890 1250 957 1314 quae
972 1231 1116 1297 videntur
1137 1231 1177 1296 ad
1200 1231 1315 1298 exitum

255 1335 382 1420 perduci
403 1352 502 1419 posse,
524 1353 591 1417 quac
612 1335 718 1400 tamen
739 1335 802 1400 fere
826 1355 888 1400 nou
908 1337 1053 1421 pauciora
1074 1338 1164 1402 eruut
1185 1337 1219 1402 iu
1244 1357 1316 1422 pro·

252 1441 333 1506 ximo
354 1438 472 1506 libello.

352 1547 398 1612 lle
433 1543 503 1611 vita
533 1544 632 1612 beata
664 1564 730 1628 cap.
764 1544 793 1622 3,
825 1545 860 1610 3:
898 1565 976 1630 quae
1007 1548 1085 1625 (vita
1115 1549 1218 1627 besta)
1244 1567 1317 1616 non

253 1655 376 1719 aliter
398 1648 622 1733 contingere
653 1653 798 1732 potest,
836 1671 946 1735 quam
979 1653 1012 1718 si
1032 1653 1199 1736 primum
1222 1671 1317 1719 sana

252 1758 437 1824 meusest
477 1803 542 1832 ...,
579 1755 715 1821 deiude
747 1757 860 1823 fortis
890 1757 1187 1838 conclamem,
1224 1762 1317 1826 tunc

254 1857 517 1948 pulcherrima
539 1861 766 1943 etpatiens‚
801 1863 893 1944 apta
923 1863 1189 1947 temporibus,
1226 1884 1317 1931 cor·

260 1968 364 2054 poris
398 1967 459 2032 sui
501 1967 862 2050 pertinentiumque
895 1968 942 2032 ad
977 1969 1019 2033 id
1054 1969 1207 2036 curiosa
1242 1991 1316 2037 nou

252 2075 377 2140 auxie.
431 2071 490 2137 His
524 2071 591 2138 iure
622 2073 757 2138 Hessius
793 2075 864 2139 ante
898 2077 992 2140 tuno
1020 2076 1126 2142 notam
1161 2078 1315 2162 apposuit,

256 2180 402 2265 quoniam
449 2178 716 2262 pulcherrima
760 2181 809 2259 (ut
844 2201 939 2248 unum
976 2184 1058 2249 huuc
1094 2182 1316 2266 superlativum

255 2305 327 2352 cum
348 2285 458 2350 ceteris
478 2285 619 2367 positivis
641 2286 719 2352 mire
733 2287 928 2354 coniunctum
942 2289 1100 2368 omittam)
1121 2305 1220 2372 neque
1238 2285 1315 2354 certi

252 2391 373 2476 generis
409 2391 555 2456 virtutem
594 2391 749 2474 siguificat
784 2395 816 2458 et
847 2395 1005 2478 perinepte
1043 2413 1114 2460 cum
1151 2412 1197 2472 eo,
1233 2392 1316 2476 quod

254 2498 303 2563 est
323 2497 493 2580 patiens,
516 2497 685 2582 copulatur.
746 2497 806 2578 (Ne
827 2501 984 2583 patiens
1005 2500 1130 2584 quidem
1152 2499 1274 2566 animus
1297 2515 1315 2562 a

255 2602 351 2668 forti
371 2604 549 2687 interposito
567 2605 673 2678 tunc,
694 2603 842 2687 tanquam
864 2605 903 2670 ad
919 2625 1032 2672 nouam
1043 2607 1190 2671 virtutem
1212 2606 1315 2669 traus-

254 2711 356 2787 eatnr,
388 2709 472 2774 recto
504 2711 672 2794 separatur,
699 2711 843 2793 quoniam
870 2712 949 2778 haeo'
972 2699 1136 2776 omniunt
1157 2707 1316 2776 fortitudi-

256 2833 328 2880 nem
348 2815 527 2899 pertinent.)
570 2815 631 2880 Sed
651 2814 720 2898 ipsa
741 2817 878 2883 adverbii
897 2817 996 2882 forma
1018 2817 1110 2902 (quod
1132 2817 1165 2881 in
1189 2833 1315 2880 enume-

258 2919 353 2984 rando
373 2921 452 2984 tum
474 2939 541 2986 esse
563 2919 706 3005 debebat)
728 2941 835 2988 uerum
854 2924 1000 2990 ostendit.
1038 2923 1210 3005 scripserat
1232 2922 1317 2988 euim

257 3025 391 3090 Seneca:
427 3025 543 3091 fortis
568 3045 610 3092 ao
646 3027 1027 3106 solemmacensis
1053 3027 1317 3113 pulcherrime

251 3132 424 3214 patiens,
443 3133 532 3215 apta
553 3133 663 3216 temp.
697 3131 808 3210 (Numt
834 3135 1005 3216 curiosa,
1027 3155 1098 3208 non
1120 3134 1255 3211 ancia,
1277 3135 1315 3199 ut

253 3239 301 3303 est
322 3238 353 3302 in
376 3237 442 3302 cod.
466 3237 550 3302 Col?
596 3239 637 3304 Et
657 3239 745 3304 uideo
768 3238 935 3305 Grutemm
957 3242 1126 3325 probasse.)

351 3343 561 3421 Iou.4‚2:ut
575 3344 727 3410 beatum
743 3343 917 3412 dicamus
937 3346 1129 3412 hominem
1150 3365 1243 3423 eum,
1257 3345 1316 3410 cui

251 3449 397 3514 nullum
429 3449 565 3516 bonum
594 3451 809 3535 malumque
836 3453 888 3518 sit
919 3452 995 3518 nisi
1023 3453 1146 3518 bonus
1169 3453 1316 3518 malus-

252 3573 325 3637 que
349 3555 515 3635 auimns,
548 3557 702 3623 honesti
730 3557 873 3636 cultor,
904 3557 1054 3623 virtute
1083 3560 1315 3636 contentus,

252 3680 363 3744 quem
383 3679 453 3727 neo
476 3662 671 3730 extollant
692 3663 861 3728 fortuita
882 3681 951 3730 nec
971 3663 1168 3752 frangant.
1189 3681 1191 3686 ’
1212 3663 1315 3730 Velim

255 3767 344 3846 scire,
366 3768 415 3840 oui
437 3769 627 3854 applicentur
636 3769 817 3835 nominativi
827 3765 875 3834 illi
896 3769 1024 3835 cultor
1044 3773 1076 3836 et
1098 3771 1315 3848 contentus,

256 3876 401 3958 quoniam
422 3895 520 3961 neque
541 3875 581 3942 ad
611 3875 796 3941 homiuem
828 3895 927 3962 neque
950 3877 989 3942 ad
1010 3877 1070 3942 cui
1092 3874 1317 3943 accommodari

131 4037 133 4041 .
255 3985 385 4066 possunt
415 3998 513 4065 neque
545 3981 695 4048 animus
727 3981 843 4050 bonus
870 3983 1075 4067 malusque
1098 3981 1158 4049 sibi
1190 3979 1316 4064 adiungi

259 4090 390 4172 patitur,
428 4107 495 4174 quae
530 4086 570 4152 ad
607 4087 707 4156 solum
738 4090 853 4156 bouum
890 4089 1053 4174 pertinent.
1113 4087 1315 4154 Senbendum
