2970 4648
10 4075 12 4104 l

10 4113 12 4170 l

312 281 375 345 426
655 279 803 338 Ionum
822 279 888 350 (lup.
899 279 953 337 ΠΙ.

270 483 382 562 tueque
404 481 527 562 tempus
549 479 663 544 notem
707 481 790 544 Ante
816 477 927 562 giudi
956 477 1069 544 excidit
1090 497 1202 544 nomen
1223 495 1335 544 neces-

272 585 388 650 surium
409 585 636 650 simillimorum
656 583 848 650 litterarum:
879 585 917 650 in
946 584 1139 650 communi
1161 602 1216 666 qu.
1239 583 1334 668 reip.

272 691 380 754 clodo
399 690 568 774 gladium
589 692 718 758 movit
772 689 888 756 ldodem
909 692 1010 774 cupito
1032 691 1049 775 5
1071 689 1091 754 3
1113 690 1248 776 Augusti
1269 689 1333 754 ium

272 798 418 880 principis
450 797 615 863 clementie
647 797 813 880 superioris
844 799 995 881 temporis
1023 798 1230 864 inclementius
1263 815 1336 862 ooo-

272 905 367 969 truriu
398 906 443 970 sic
474 905 748 970 commemoretur:
802 903 881 969 Nox
915 903 979 968 illi
1018 904 1196 988 inquieto
1235 904 1336 980 eret,

272 1029 355 1075 cunr
388 1011 581 1095 cogitaret
612 1007 901 1080 adolescentem
929 1009 1118 1083 nobilem,
1273 1005 1333 1071 Gn.

272 1114 443 1198 Pompeii
464 1116 656 1198 nepotem,
678 1113 953 1193 damnandum
979 1117 1053 1180 iem
1076 1134 1189 1180 unum
1213 1112 1335 1178 horni-

271 1239 352 1285 nem
376 1220 551 1286 occidere
581 1239 651 1286 non
683 1222 851 1304 poterut,
888 1240 970 1287 curu
991 1221 1033 1286 Μ.
1057 1220 1228 1286 Antonio
1250 1236 1336 1302 pro-

272 1327 506 1410 scriptionis
538 1325 707 1392 edictum
735 1327 839 1392 iuter
875 1345 1017 1392 conum
1048 1327 1229 1392 dictaret
1274 1325 1336 1390 Be-

273 1433 408 1499 diculum
431 1433 490 1500 hoc
512 1435 699 1512 extromum,
731 1434 759 1498 si
789 1435 873 1498 recte
898 1433 1098 1518 intelligitur;
1130 1429 1335 1515 nequeenim

272 1541 336 1605 ullo
358 1539 452 1606 modo
474 1541 519 1606 sic
539 1541 711 1625 intelligere
731 1540 815 1616 licet
836 1541 985 1623 tunquam
1007 1538 1155 1622 scriptum
1177 1538 1233 1603 sit:
1256 1555 1334 1601 cum

273 1649 386 1712 ontee
539 1643 744 1712 dictasset¹
799 1645 916 1710 Verum
953 1644 1122 1710 clarissime
1162 1645 1336 1709 monstrent

272 1752 403 1827 codices,
424 1753 457 1816 in
478 1751 589 1835 quibus
615 1750 760 1816 scribitur
781 1751 824 1815 Μ.
846 1752 1051 1819 Antonius.
1106 1751 1215 1833 Itoque
1244 1749 1334 1814 resti-

273 1858 423 1924 tuendum
444 1859 506 1922 est:
538 1857 611 1921 ium
634 1876 745 1922 unum
766 1857 957 1924 hominem
978 1857 1153 1924 occidere
1175 1875 1249 1922 non
1270 1873 1337 1939 po·

271 1966 389 2043 teret,
422 1963 489 2025 cei
518 1962 566 2026 M.
605 1963 799 2026 Antonios
829 1963 1135 2048 proscriptionis
1167 1961 1336 2027 edictum

272 2069 378 2134 inter
409 2087 546 2134 ooenom
581 2068 760 2133 dictarat.
824 2070 869 2135 M.
903 2071 1038 2135 Antonio
1069 2069 1186 2136 Seneca
1222 2069 1337 2150 primos

274 2174 469 2240 crudelitatis
487 2178 590 2258 portes
613 2177 680 2242 dot.
720 2175 871 2251 dictundi,
893 2176 1035 2259 Augusto
1058 2174 1206 2257 relinquit
1227 2189 1335 2240 secon-

275 2279 523 2359 des‚soribondt

374 2385 441 2451 Ibd.
468 2388 524 2464 11,
559 2387 581 2449 4
602 2385 797 2453 scribendum
825 2388 871 2453 itu
892 2405 975 2453 esse:
1016 2385 1115 2466 Quid
1138 2386 1238 2451 enim
1261 2385 1337 2459 est,

274 2509 340 2558 cur
360 2511 470 2576 reges
491 2495 770 2559 consenuerint
796 2543 863 2572 ...‚
892 2497 1140 2577 tyrannorum
1163 2509 1338 2557 exsecro-

276 2599 369 2664 bilis
391 2617 432 2665 oc
452 2600 585 2665 brevis
607 2601 784 2684 potestus
805 2600 937 2684 sit(pro
959 2598 1057 2670 esti?
1079 2597 1141 2663 dixi
1162 2595 1337 2663 adolescens

274 2706 306 2770 in
338 2706 505 2773 emendott.
538 2705 600 2772 Oic.
637 2704 802 2772 academie.
826 2709 858 2772 et
888 2705 927 2770 de
954 2706 1034 2788 legg.
1062 2723 1092 2786 p.
1121 2701 1173 2768 34.
1228 2701 1336 2781 (Psolo

275 2829 367 2894 supro
399 2811 418 2894 5
450 2810 470 2872 2
500 2829 520 2876 e
552 2810 641 2876 codd.
673 2812 774 2894 potins
795 2811 926 2877 edicitur
947 2831 1021 2874 noo
1048 2807 1336 2893 comprehensi-

275 2915 371 2981 bilis
395 2935 498 2981 eruor
525 2933 618 3000 quum
645 2917 826 3001 incompr.
849 2925 893 2997 n.)
1186 3000 1191 3007 Ι

374 3021 423 3086 De
445 3040 470 3088 c.
494 3021 550 3097 12,
580 3022 600 3084 2
627 3021 690 3088 diri
716 3025 775 3088 vol.
804 3023 819 3087 Ι
847 3043 878 3106 p.
900 3020 957 3102 33,
978 3020 1032 3086 ubi
1053 3021 1191 3104 potorum
1214 3018 1335 3094 oddone,

276 3127 413 3211 Lipsium
446 3129 632 3194 sententium
675 3129 799 3195 vidisse.
871 3128 932 3194 Sed
967 3129 988 3209 ξ
1020 3125 1040 3190 3
1072 3127 1180 3200 haereo,
1212 3127 1337 3190 rectene

276 3233 411 3300 dicotur:
442 3235 602 3317 uterque
629 3235 728 3301 licet
756 3252 828 3310 non
857 3236 982 3299 minus
1008 3233 1129 3298 ermis
1151 3230 1338 3314 velletor};

275 3357 349 3404 nem
380 3345 435 3404 out
465 3357 537 3404 non
569 3341 694 3405 minus
730 3338 769 3404 do
805 3357 866 3406 uno
904 3355 976 3424 rege
1013 3339 1177 3404 dicendum
1218 3336 1338 3403 videtur

275 3445 371 3511 luisse
398 3447 505 3530 (quem
545 3447 708 3531 pannus)
730 3448 784 3511 out
809 3464 912 3529 reque
944 3444 983 3509 do
1005 3447 1145 3528 unoque.
1197 3443 1338 3508 Fortasse

276 3550 393 3617 Senecu
444 3553 582 3636 scripsit:
633 3554 791 3635 uterque
845 3551 943 3617 licet
995 3551 1169 3614 dominos
1220 3547 1337 3613 ermis

275 3657 458 3724 velletor.

376 3759 1339 3847 lbd.13,l:gloriosusqnenrilos(publicesenimse-

276 3869 440 3935 curitati
468 3888 507 3934 se
540 3869 628 3934 dore
657 3885 807 3952 operum
840 3869 957 3949 videt)
989 3886 1135 3936 omnem
1164 3867 1339 3932 lotorem

276 3974 405 4040 libens
426 3975 590 4057 potitor.
627 3971 1341 4058 Neoperseoptirnedomilitosecnritutisou·
1428 4007 1430 4012 ·

279 4082 365 4147 stode
377 4081 488 4146 dicitur
502 4081 720 4164 etaerupem,
732 4082 764 4145 et
781 4081 841 4146 olio
855 4080 970 4148 ducunt
987 4079 1115 4164 vestigio
1131 4077 1241 4160 optimi
1258 4076 1341 4142 codi-
