2938 4630
594 295 739 364 Vergilius.
1113 294 1153 356 41

233 491 361 565 crimen,
383 493 486 566 Amor,
511 493 647 558 vestrum
669 491 834 575 formaque
854 493 975 576 insigne
996 495 1149 576 patemae3

233 615 366 679 namque
387 599 490 664 ierunt
513 598 600 664 luctu
622 597 756 681 Cycnum
777 597 980 664 Phaethontis
1002 601 1106 674 amati,

233 703 379 784 populeas
404 703 489 768 inter
507 704 630 768 hondos
652 703 852 786 umbramque
874 721 1010 768 soromm

233 807 307 872 dnm
330 807 413 874 canit
433 812 467 874 et
487 813 631 874 maestnrn
653 827 742 874 musa
765 809 882 876 solatur
904 828 1050 882 amorem,

232 917 405 980 canentem
418 916 505 980 molli
526 917 632 998 pluma
652 915 774 980 duxisse
797 917 963 992 senectam,

231 1020 422 1101 linquentem
443 1021 542 1086 terras
567 1022 599 1085 et
619 1020 721 1086 sidera
741 1037 817 1086 voce
839 1023 1029 1102 sequentem.

230 1125 336 1190 Unum
356 1136 448 1208 poeta
458 1126 611 1208 promittit
625 1145 659 1190 se
671 1129 980 1191 commemoraturum
992 1127 1113 1204 ducem,
1141 1129 1196 1194 seul

129 1230 233 1296 subito
257 1231 337 1296 daos*
354 1231 459 1296 obiicit
477 1249 573 1313 prava
593 1251 718 1313 prorsas
735 1231 881 1296 orationis
902 1232 1014 1307 lorma3
1037 1250 1092 1298 nec
1114 1235 1196 1298 enim

127 1335 208 1400 illis:
238 1336 390 1420 Nco'epo
412 1345 438 1398 ro
459 1387 467 1402 .
491 1385 499 1400 .
523 1385 530 1400 .
554 1337 725 1398 transierim
747 1339 849 1418 potest
870 1335 915 1400 sic
937 1336 1063 1401 alterius
1086 1357 1195 1404 nomen

131 1441 303 1522 copulative
336 1443 476 1524 adiungi:
505 1452 537 1504 'et
560 1490 566 1503 .
591 1489 598 1504 .
622 1493 627 1506 .
656 1440 779 1526 Cupauo
800 1460 854 1523 pro
877 1459 921 1514 eo,
944 1443 1023 1523 quod
1046 1447 1105 1508 est:
1140 1465 1194 1506 nec

132 1551 208 1621 (cut)
224 1556 258 1621 rc,
275 1550 388 1630 pelicis
411 1547 549 1612 comicie
562 1547 594 1610 C.
625 1547 742 1614 Deinde
753 1549 792 1612 ab
803 1549 864 1621 illo,
887 1565 977 1630 quem
1000 1565 1071 1612 curn
1093 1551 1197 1630 splen·

135 1649 205 1714 dida
236 1655 360 1720 merus
391 1653 615 1738 significatione
647 1651 820 1736 (durfort.
844 1653 886 1733 b.)
919 1653 1048 1728 induxit,
1083 1656 1196 1720 transit

131 1755 171 1820 acl
206 1758 343 1836 alterins,
382 1779 472 1843 quem
495 1759 600 1841 paucis
632 1759 814 1824 comitatum
846 1760 924 1825 dixit
951 1759 1045 1842 (quod
1080 1761 1124 1826 sic
1162 1759 1195 1824 in

128 1863 225 1928 altaro
260 1866 396 1948 positum
429 1883 489 1948 quo
522 1863 692 1948 pertineat,
725 1864 944 1946 perobscumm
981 1868 1049 1942 est),
1083 1865 1194 1948 capitis

126 1968 285 2052 galemue
314 1967 443 2054 insigne,
480 1971 572 2052 idque
605 1967 685 2034 unde
717 1969 895 2048 siccariis
928 1973 1114 2053 appositione
1139 1971 1195 2036 ad·

126 2071 241 2139 innotis
264 2076 454 2158 significatur
474 2095 504 2140 v.
530 2075 600 2152 188,
622 2093 775 2158 causaque
789 2075 967 2156 explicatur.
1000 2073 1108 2160 Itaque
1129 2077 1194 2142 haec

128 2179 233 2244 omnia
255 2182 425 2248 certissime
456 2180 497 2246 ad
518 2181 714 2263 Cupauonem
737 2183 885 2261 spectant,
920 2180 958 2245 de
980 2181 1091 2266 Cinyro
1117 2183 1194 2258 (sire

131 2303 187 2365 qno
212 2286 273 2352 alio
297 2291 344 2354 est
365 2287 500 2362 nomine)
525 2287 628 2354 alium
644 2285 803 2352 silentium
815 2288 873 2352 est.
917 2287 999 2353 Nam
1022 2287 1101 2370 quod
1122 2287 1196 2352 olim

127 2390 201 2468 iere,
241 2392 438 2476 interpuncta
459 2393 594 2458 oratione
620 2392 690 2474 post
704 2392 821 2474 pinno,
858 2393 996 2474 proxima
1017 2392 1061 2456 sio
1083 2393 1200 2458 scribe-

127 2496 220 2562 bant:
262 2501 375 2562 ccr'mcn
397 2521 485 2561 amor
504 2509 645 2574 vacum,
681 2515 775 2580 eoque
796 2497 975 2579 pronomine
997 2496 1144 2579 Cinyram
1165 2499 1197 2562 et

130 2601 326 2684 Cupauonem
368 2605 537 2689 significari
579 2603 729 2684 putabant
765 2605 798 2667 et
836 2603 937 2666 nescio
974 2601 1054 2684 qnod
1090 2621 1196 2668 eorum

132 2709 242 2774 amoris
280 2709 398 2776 crimen
430 2708 641 2792 anquirebant,
675 2709 808 2774 excussis
848 2709 972 2790 propter
1006 2706 1109 2790 Cinyri
1140 2725 1197 2771 no·

131 2813 221 2880 minis
243 2834 316 2880 cnm
327 2813 440 2900 Cinyra
460 2813 696 2880 similitudinem
708 2813 883 2878 Graecarum
905 2811 1073 2876 fabularum
1095 2831 1198 2878 remo·

129 2917 259 2986 tissimis
291 2923 420 3008 angoris,
457 2939 556 3003 neque
593 2919 755 3002 quicquam
796 2918 1002 3000 reppererunt,
1031 2918 1063 2982 et
1095 2919 1195 2982 totum

130 3027 326 3105 apertissime
370 3026 521 3092 refellitur
556 3025 701 3090 orationis
733 3025 833 3088 forma
875 3029 954 3106 (quae
996 3027 1069 3088 sunt
1111 3025 1194 3088 enirn

126 3129 173 3193 hae
210 3147 316 3213 nuga:
350 3131 463 3194 cumen
495 3139 625 3194 vostrum
653 3134 718 3208 (est)
749 3149 837 3192 amor
858 3139 885 3190 ct
910 3129 1026 3213 sorana
1054 3113 1193 3214 poteram

126 3233 270 3317 iurique?
299 3238 443 3302 utrumne
478 3236 598 3318 insigne
620 3253 706 3300 amor
734 3254 774 3299 an
804 3236 919 3300 crimen
939 3236 1036 3318 furtu)
1070 3237 1101 3300 et
1123 3253 1194 3300 sen-

127 3340 298 3406 tentiarum
321 3341 481 3425 perspicuo
503 3341 623 3417 ordine,
656 3341 709 3422 qui
731 3341 876 3416 declarat,
901 3361 937 3406 er
959 3341 1071 3424 Cycni,
1095 3341 1197 3425 Cupa-

126 3446 216 3510 uonis
237 3448 344 3528 petris,
371 3447 598 3513 Phaethontem
629 3447 778 3512 amissum
799 3445 934 3528 lugentis
955 3447 1125 3512 mutatione
1146 3467 1197 3513 re-

125 3551 191 3633 peti
224 3570 351 3616 causam
379 3553 542 3634 pinnarum
576 3552 762 3617 olorinorum
786 3551 818 3616 in
839 3549 913 3628 filio,
944 3554 979 3616 ut
1002 3553 1079 3616 nihil
1100 3553 1195 3618 relin-

125 3658 248 3738 quatur,
284 3657 366 3739 qnod
400 3657 439 3722 ad
472 3657 568 3722 olium
597 3675 733 3722 amorem
767 3657 820 3722 aut
851 3656 892 3721 ad
926 3655 1073 3741 Cinyrum
1105 3659 1194 3724 illum

125 3759 339 3828 transferatur.
393 3759 505 3845 Itaque
537 3763 619 3828 recte
655 3765 686 3826 et
718 3780 810 3840 rere,
846 3765 881 3827 nt
910 3765 1017 3826 contra
1039 3763 1099 3828 diei
1121 3782 1192 3827 cum

125 3865 230 3948 aliqua
251 3866 353 3949 specie
376 3869 518 3951 nequeat,
547 3867 743 3951 Sprengeliue
772 3869 929 3932 Amorem
944 3867 1037 3932 deum
1059 3868 1195 3950 compel-

126 3970 185 4035 lari
199 3970 363 4049 intellexit,
386 3973 473 4057 eique
491 3977 522 4038 ct
543 3972 636 4039 matri
657 3971 778 4037 crimini
799 3974 832 4036 et
848 3971 969 4038 inuidiae
990 3974 1061 4038 illas
1082 3973 1190 4056 pinnas

125 4095 194 4142 csse
216 4077 287 4152 dici,
320 4097 356 4144 er
376 4079 510 4144 infausto
542 4097 646 4144 amore
678 4080 777 4144 natas.
837 4078 991 4143 Tenemus
1013 4078 1111 4162 igitur
1131 4077 1194 4143 Cu-
