<?xml version="1.0" encoding="UTF-8"?>
<!DOCTYPE html PUBLIC "-//W3C//DTD XHTML 1.0 Transitional//EN"
    "http://www.w3.org/TR/xhtml1/DTD/xhtml1-transitional.dtd">
<html xmlns="http://www.w3.org/1999/xhtml" xml:lang="en" lang="en">
 <head>
  <title>
</title>
<meta http-equiv="Content-Type" content="text/html;charset=utf-8" />
  <meta name='ocr-system' content='tesseract 3.04.00' />
  <meta name='ocr-capabilities' content='ocr_page ocr_carea ocr_par ocr_line ocrx_word'/>
</head>
<body>
  <div class='ocr_page' id='page_1' title='image "./adversariacriti03madvgoog/adversariacriti03madvgoog_0120.png"; bbox 0 0 2918 4636; ppageno 0'>
   <div class='ocr_carea' id='block_1_1' title="bbox 592 285 1138 387">
    <p class='ocr_par' dir='ltr' id='par_1_1' title="bbox 592 285 1138 387">
     <span class='ocr_line' id='line_1_1' title="bbox 592 285 1138 387; baseline 0.002 -13"><span class='ocrx_word' id='word_1_1' title='bbox 592 319 711 374; x_wconf 63' lang='lat' dir='ltr'>Ovidius</span> <span class='ocrx_word' id='word_1_2' title='bbox 1060 285 1063 291; x_wconf 25' lang='grc' dir='ltr'>Ι</span> <span class='ocrx_word' id='word_1_3' title='bbox 1080 327 1138 387; x_wconf 74' lang='lat'>107</span> 
     </span>
    </p>
   </div>
   <div class='ocr_carea' id='block_1_2' title="bbox 108 514 1185 4188">
    <p class='ocr_par' dir='ltr' id='par_1_2' title="bbox 114 514 1181 1124">
     <span class='ocr_line' id='line_1_2' title="bbox 114 514 1180 600; baseline 0.005 -22"><span class='ocrx_word' id='word_1_4' title='bbox 114 514 337 578; x_wconf 85' lang='lat' dir='ltr'>sententiarum</span> <span class='ocrx_word' id='word_1_5' title='bbox 368 514 560 596; x_wconf 76' lang='lat' dir='ltr'>separatione</span> <span class='ocrx_word' id='word_1_6' title='bbox 590 516 630 582; x_wconf 89' lang='lat' dir='ltr'>ed</span> <span class='ocrx_word' id='word_1_7' title='bbox 658 515 708 578; x_wconf 72' lang='lat' dir='ltr'>ece</span> <span class='ocrx_word' id='word_1_8' title='bbox 733 537 766 600; x_wconf 84' lang='lat' dir='ltr'>p.</span> <span class='ocrx_word' id='word_1_9' title='bbox 798 537 886 578; x_wconf 72' lang='lat' dir='ltr'>aanor</span> <span class='ocrx_word' id='word_1_10' title='bbox 913 515 1180 584; x_wconf 86' lang='lat' dir='ltr'>accommodatum</span> 
     </span>
     <span class='ocr_line' id='line_1_3' title="bbox 117 618 932 688; baseline -0.016 -4"><span class='ocrx_word' id='word_1_11' title='bbox 117 623 163 684; x_wconf 85' lang='lat' dir='ltr'>est</span> <span class='ocrx_word' id='word_1_12' title='bbox 188 618 281 682; x_wconf 76' lang='lat' dir='ltr'>lodie.</span> <span class='ocrx_word' id='word_1_13' title='bbox 929 681 932 688; x_wconf 17' lang='grc' dir='ltr'><strong><em>Δ</em></strong></span> 
     </span>
     <span class='ocr_line' id='line_1_4' title="bbox 165 723 1179 810; baseline 0.004 -22"><span class='ocrx_word' id='word_1_14' title='bbox 165 743 169 750; x_wconf 93' lang='grc'><strong><em>·</em></strong></span> <span class='ocrx_word' id='word_1_15' title='bbox 215 725 267 799; x_wconf 89' lang='lat' dir='ltr'>IV,</span> <span class='ocrx_word' id='word_1_16' title='bbox 292 723 352 786; x_wconf 80' lang='lat'>236</span> <span class='ocrx_word' id='word_1_17' title='bbox 375 723 424 796; x_wconf 87' lang='lat' dir='ltr'>(de</span> <span class='ocrx_word' id='word_1_18' title='bbox 447 725 515 791; x_wconf 87' lang='lat' dir='ltr'>Atti</span> <span class='ocrx_word' id='word_1_19' title='bbox 537 724 656 790; x_wconf 81' lang='lat' dir='ltr'>ducente</span> <span class='ocrx_word' id='word_1_20' title='bbox 678 727 710 790; x_wconf 94' lang='lat' dir='ltr'>et</span> <span class='ocrx_word' id='word_1_21' title='bbox 731 726 826 791; x_wconf 85' lang='lat' dir='ltr'>furias</span> <span class='ocrx_word' id='word_1_22' title='bbox 848 744 882 791; x_wconf 87' lang='lat' dir='ltr'>ee</span> <span class='ocrx_word' id='word_1_23' title='bbox 906 726 1008 794; x_wconf 83' lang='lat' dir='ltr'>videre</span> <span class='ocrx_word' id='word_1_24' title='bbox 1028 727 1179 810; x_wconf 85' lang='lat' dir='ltr'>putenti):</span> 
     </span>
     <span class='ocr_line' id='line_1_5' title="bbox 236 829 1181 911; baseline 0.002 -17"><span class='ocrx_word' id='word_1_25' title='bbox 236 830 277 896; x_wconf 79' lang='lat' dir='ltr'>nr</span> <span class='ocrx_word' id='word_1_26' title='bbox 299 832 389 898; x_wconf 90' lang='lat' dir='ltr'>modo</span> <span class='ocrx_word' id='word_1_27' title='bbox 413 829 522 905; x_wconf 81' lang='lat' dir='ltr'><strong>„Tolle</strong></span> <span class='ocrx_word' id='word_1_28' title='bbox 536 831 649 911; x_wconf 61' lang='lat' dir='ltr'>facem,</span> <span class='ocrx_word' id='word_1_29' title='bbox 674 831 863 907; x_wconf 84' lang='lat' dir='ltr'>„Remove“,</span> <span class='ocrx_word' id='word_1_30' title='bbox 884 831 981 908; x_wconf 89' lang='lat' dir='ltr'>modo,</span> <span class='ocrx_word' id='word_1_31' title='bbox 1006 833 1181 911; x_wconf 76' lang='lat' dir='ltr'>„verbera“‚</span> 
     </span>
     <span class='ocr_line' id='line_1_6' title="bbox 183 937 1140 1020; baseline 0.006 -20"><span class='ocrx_word' id='word_1_32' title='bbox 183 1013 185 1020; x_wconf 29' lang='grc' dir='ltr'>Ι</span> <span class='ocrx_word' id='word_1_33' title='bbox 916 937 1046 1014; x_wconf 86' lang='lat' dir='ltr'>clemat;</span> <span class='ocrx_word' id='word_1_34' title='bbox 1137 1001 1140 1006; x_wconf 89' lang='lat'>.</span> 
     </span>
     <span class='ocr_line' id='line_1_7' title="bbox 279 1040 897 1124; baseline 0.002 -19"><span class='ocrx_word' id='word_1_35' title='bbox 279 1059 359 1124; x_wconf 82' lang='lat' dir='ltr'>saepe</span> <span class='ocrx_word' id='word_1_36' title='bbox 381 1040 561 1106; x_wconf 76' lang='lat' dir='ltr'>Palestinae</span> <span class='ocrx_word' id='word_1_37' title='bbox 583 1042 664 1108; x_wconf 85' lang='lat' dir='ltr'>iuret</span> <span class='ocrx_word' id='word_1_38' title='bbox 685 1043 792 1108; x_wconf 77' lang='lat' dir='ltr'>adesse</span> <span class='ocrx_word' id='word_1_39' title='bbox 814 1043 897 1109; x_wconf 86' lang='lat' dir='ltr'>dces.</span> 
     </span>
    </p>

    <p class='ocr_par' dir='ltr' id='par_1_3' title="bbox 112 1145 1180 1859">
     <span class='ocr_line' id='line_1_8' title="bbox 214 1145 1180 1232; baseline 0.006 -24"><span class='ocrx_word' id='word_1_40' title='bbox 214 1145 391 1208; x_wconf 69' lang='lat' dir='ltr'>Palestinae</span> <span class='ocrx_word' id='word_1_41' title='bbox 413 1145 476 1212; x_wconf 81' lang='lat' dir='ltr'>deae</span> <span class='ocrx_word' id='word_1_42' title='bbox 498 1165 565 1228; x_wconf 86' lang='lat' dir='ltr'>quae</span> <span class='ocrx_word' id='word_1_43' title='bbox 587 1148 650 1212; x_wconf 79' lang='lat' dir='ltr'>sint</span> <span class='ocrx_word' id='word_1_44' title='bbox 676 1149 708 1212; x_wconf 89' lang='lat' dir='ltr'>et</span> <span class='ocrx_word' id='word_1_45' title='bbox 736 1149 809 1232; x_wconf 84' lang='lat' dir='ltr'>quid</span> <span class='ocrx_word' id='word_1_46' title='bbox 837 1149 876 1214; x_wconf 87' lang='lat' dir='ltr'>ad</span> <span class='ocrx_word' id='word_1_47' title='bbox 897 1149 977 1213; x_wconf 85' lang='lat' dir='ltr'>hanc</span> <span class='ocrx_word' id='word_1_48' title='bbox 997 1167 1063 1214; x_wconf 88' lang='lat' dir='ltr'>rem</span> <span class='ocrx_word' id='word_1_49' title='bbox 1085 1149 1180 1232; x_wconf 87' lang='lat' dir='ltr'>perti-</span> 
     </span>
     <span class='ocr_line' id='line_1_9' title="bbox 112 1251 1179 1338; baseline 0.002 -22"><span class='ocrx_word' id='word_1_50' title='bbox 112 1255 219 1327; x_wconf 87' lang='lat' dir='ltr'>neant,</span> <span class='ocrx_word' id='word_1_51' title='bbox 240 1270 348 1318; x_wconf 82' lang='lat' dir='ltr'>ornnes</span> <span class='ocrx_word' id='word_1_52' title='bbox 369 1251 526 1336; x_wconf 84' lang='lat' dir='ltr'>ignorent;</span> <span class='ocrx_word' id='word_1_53' title='bbox 550 1271 622 1318; x_wconf 88' lang='lat' dir='ltr'>nam</span> <span class='ocrx_word' id='word_1_54' title='bbox 640 1254 720 1338; x_wconf 89' lang='lat' dir='ltr'>qnod</span> <span class='ocrx_word' id='word_1_55' title='bbox 734 1255 895 1327; x_wconf 85' lang='lat' dir='ltr'>Palaesten,</span> <span class='ocrx_word' id='word_1_56' title='bbox 919 1253 1004 1336; x_wconf 80' lang='lat' dir='ltr'>Epiri</span> <span class='ocrx_word' id='word_1_57' title='bbox 1024 1254 1179 1335; x_wconf 83' lang='lat' dir='ltr'>oppidum,</span> 
     </span>
     <span class='ocr_line' id='line_1_10' title="bbox 113 1358 1180 1444; baseline 0.004 -22"><span class='ocrx_word' id='word_1_58' title='bbox 113 1358 237 1423; x_wconf 83' lang='lat' dir='ltr'>Marsus</span> <span class='ocrx_word' id='word_1_59' title='bbox 270 1360 505 1436; x_wconf 82' lang='lat' dir='ltr'>commemorat,</span> <span class='ocrx_word' id='word_1_60' title='bbox 537 1358 616 1424; x_wconf 91' lang='lat' dir='ltr'>nihil</span> <span class='ocrx_word' id='word_1_61' title='bbox 649 1361 809 1444; x_wconf 86' lang='lat' dir='ltr'>quiequam</span> <span class='ocrx_word' id='word_1_62' title='bbox 845 1359 880 1426; x_wconf 88' lang='lat' dir='ltr'>de</span> <span class='ocrx_word' id='word_1_63' title='bbox 913 1358 1000 1426; x_wconf 80' lang='lat' dir='ltr'>furiis</span> <span class='ocrx_word' id='word_1_64' title='bbox 1022 1360 1064 1424; x_wconf 90' lang='lat' dir='ltr'>ibi</span> <span class='ocrx_word' id='word_1_65' title='bbox 1086 1359 1180 1426; x_wconf 84' lang='lat' dir='ltr'>cultie</span> 
     </span>
     <span class='ocr_line' id='line_1_11' title="bbox 115 1462 1179 1550; baseline 0.005 -23"><span class='ocrx_word' id='word_1_66' title='bbox 115 1462 279 1528; x_wconf 84' lang='lat' dir='ltr'>inaudivit.</span> <span class='ocrx_word' id='word_1_67' title='bbox 323 1463 410 1528; x_wconf 90' lang='lat' dir='ltr'>Nihil</span> <span class='ocrx_word' id='word_1_68' title='bbox 432 1463 500 1530; x_wconf 90' lang='lat' dir='ltr'>dico</span> <span class='ocrx_word' id='word_1_69' title='bbox 523 1465 561 1530; x_wconf 90' lang='lat' dir='ltr'>de</span> <span class='ocrx_word' id='word_1_70' title='bbox 583 1466 660 1532; x_wconf 90' lang='lat' dir='ltr'>miro</span> <span class='ocrx_word' id='word_1_71' title='bbox 683 1464 825 1542; x_wconf 82' lang='lat' dir='ltr'>Merkclii</span> <span class='ocrx_word' id='word_1_72' title='bbox 852 1467 1041 1540; x_wconf 84' lang='lat' dir='ltr'>commento,</span> <span class='ocrx_word' id='word_1_73' title='bbox 1064 1465 1116 1550; x_wconf 86' lang='lat' dir='ltr'>qui</span> <span class='ocrx_word' id='word_1_74' title='bbox 1143 1485 1179 1532; x_wconf 85' lang='lat' dir='ltr'>er</span> 
     </span>
     <span class='ocr_line' id='line_1_12' title="bbox 112 1567 1178 1654; baseline 0.002 -20"><span class='ocrx_word' id='word_1_75' title='bbox 112 1569 227 1636; x_wconf 88' lang='lat' dir='ltr'>Melete</span> <span class='ocrx_word' id='word_1_76' title='bbox 239 1569 333 1634; x_wconf 80' lang='lat' dir='ltr'>fluvio</span> <span class='ocrx_word' id='word_1_77' title='bbox 347 1567 593 1636; x_wconf 73' lang='lat' dir='ltr'>Medocinaodeee</span> <span class='ocrx_word' id='word_1_78' title='bbox 606 1572 793 1654; x_wconf 78' lang='lat' dir='ltr'>nescioquas</span> <span class='ocrx_word' id='word_1_79' title='bbox 806 1570 1178 1638; x_wconf 83' lang='lat' dir='ltr'>autcuiuemodicffinxit.</span> 
     </span>
     <span class='ocr_line' id='line_1_13' title="bbox 113 1673 1180 1762; baseline 0 -22"><span class='ocrx_word' id='word_1_80' title='bbox 113 1673 241 1742; x_wconf 76' lang='lat' dir='ltr'>Scilicet</span> <span class='ocrx_word' id='word_1_81' title='bbox 274 1673 354 1740; x_wconf 89' lang='lat' dir='ltr'>ludit</span> <span class='ocrx_word' id='word_1_82' title='bbox 387 1693 442 1742; x_wconf 83' lang='lat' dir='ltr'>nos</span> <span class='ocrx_word' id='word_1_83' title='bbox 472 1677 572 1742; x_wconf 83' lang='lat' dir='ltr'>inanis</span> <span class='ocrx_word' id='word_1_84' title='bbox 603 1677 737 1742; x_wconf 90' lang='lat' dir='ltr'>nominis</span> <span class='ocrx_word' id='word_1_85' title='bbox 759 1677 871 1762; x_wconf 86' lang='lat' dir='ltr'>proprii</span> <span class='ocrx_word' id='word_1_86' title='bbox 889 1678 1016 1762; x_wconf 76' lang='lat' dir='ltr'>species,</span> <span class='ocrx_word' id='word_1_87' title='bbox 1041 1675 1180 1742; x_wconf 80' lang='lat' dir='ltr'>condetis</span> 
     </span>
     <span class='ocr_line' id='line_1_14' title="bbox 112 1780 813 1859; baseline 0 -13"><span class='ocrx_word' id='word_1_88' title='bbox 112 1782 230 1848; x_wconf 85' lang='lat' dir='ltr'>duebus</span> <span class='ocrx_word' id='word_1_89' title='bbox 254 1780 377 1848; x_wconf 81' lang='lat' dir='ltr'>uocibus</span> <span class='ocrx_word' id='word_1_90' title='bbox 401 1783 478 1859; x_wconf 87' lang='lat' dir='ltr'>orta,</span> <span class='ocrx_word' id='word_1_91' title='bbox 501 1802 571 1848; x_wconf 91' lang='lat' dir='ltr'>cum</span> <span class='ocrx_word' id='word_1_92' title='bbox 593 1782 666 1847; x_wconf 91' lang='lat' dir='ltr'>clim</span> <span class='ocrx_word' id='word_1_93' title='bbox 688 1783 813 1848; x_wconf 79' lang='lat' dir='ltr'>fuisset:</span> 
     </span>
    </p>

    <p class='ocr_par' dir='ltr' id='par_1_4' title="bbox 316 1885 980 1971">
     <span class='ocr_line' id='line_1_15' title="bbox 316 1885 980 1971; baseline 0.003 -20"><span class='ocrx_word' id='word_1_94' title='bbox 316 1905 397 1969; x_wconf 83' lang='lat' dir='ltr'>saepe</span> <span class='ocrx_word' id='word_1_95' title='bbox 412 1885 524 1971; x_wconf 80' lang='lat' dir='ltr'>patum</span> <span class='ocrx_word' id='word_1_96' title='bbox 547 1888 642 1950; x_wconf 71' lang='lat' dir='ltr'>triam</span> <span class='ocrx_word' id='word_1_97' title='bbox 665 1887 746 1954; x_wconf 87' lang='lat' dir='ltr'>iuret</span> <span class='ocrx_word' id='word_1_98' title='bbox 769 1888 877 1956; x_wconf 78' lang='lat' dir='ltr'>edesse</span> <span class='ocrx_word' id='word_1_99' title='bbox 899 1889 980 1954; x_wconf 83' lang='lat' dir='ltr'>dees.</span> 
     </span>
    </p>

    <p class='ocr_par' dir='ltr' id='par_1_5' title="bbox 110 1991 1181 2395">
     <span class='ocr_line' id='line_1_16' title="bbox 213 1991 1181 2060; baseline 0.001 -3"><span class='ocrx_word' id='word_1_100' title='bbox 213 1992 298 2057; x_wconf 85' lang='lat' dir='ltr'>Attis</span> <span class='ocrx_word' id='word_1_101' title='bbox 319 1992 412 2057; x_wconf 92' lang='lat' dir='ltr'>modo</span> <span class='ocrx_word' id='word_1_102' title='bbox 435 1991 554 2058; x_wconf 82' lang='lat' dir='ltr'>fecibus</span> <span class='ocrx_word' id='word_1_103' title='bbox 583 1996 704 2058; x_wconf 82' lang='lat' dir='ltr'>tanturn</span> <span class='ocrx_word' id='word_1_104' title='bbox 733 1996 764 2059; x_wconf 91' lang='lat' dir='ltr'>et</span> <span class='ocrx_word' id='word_1_105' title='bbox 791 1994 966 2060; x_wconf 86' lang='lat' dir='ltr'>verberibus</span> <span class='ocrx_word' id='word_1_106' title='bbox 1002 2013 1035 2059; x_wconf 86' lang='lat' dir='ltr'>se</span> <span class='ocrx_word' id='word_1_107' title='bbox 1065 1994 1181 2060; x_wconf 81' lang='lat' dir='ltr'>incessi</span> 
     </span>
     <span class='ocr_line' id='line_1_17' title="bbox 111 2098 1179 2183; baseline 0 -19"><span class='ocrx_word' id='word_1_108' title='bbox 111 2099 289 2172; x_wconf 89' lang='lat' dir='ltr'>clamabat,</span> <span class='ocrx_word' id='word_1_109' title='bbox 311 2117 369 2163; x_wconf 93' lang='lat' dir='ltr'>non</span> <span class='ocrx_word' id='word_1_110' title='bbox 392 2098 522 2175; x_wconf 82' lang='lat' dir='ltr'>eddone,</span> <span class='ocrx_word' id='word_1_111' title='bbox 552 2099 717 2182; x_wconf 80' lang='lat' dir='ltr'>equuus,</span> <span class='ocrx_word' id='word_1_112' title='bbox 743 2099 833 2166; x_wconf 87' lang='lat' dir='ltr'>modo</span> <span class='ocrx_word' id='word_1_113' title='bbox 861 2100 963 2183; x_wconf 84' lang='lat' dir='ltr'>palem</span> <span class='ocrx_word' id='word_1_114' title='bbox 986 2099 1083 2164; x_wconf 85' lang='lat' dir='ltr'>trinas</span> <span class='ocrx_word' id='word_1_115' title='bbox 1106 2099 1179 2166; x_wconf 86' lang='lat' dir='ltr'>dees</span> 
     </span>
     <span class='ocr_line' id='line_1_18' title="bbox 111 2203 1180 2289; baseline 0 -18"><span class='ocrx_word' id='word_1_116' title='bbox 111 2205 170 2271; x_wconf 88' lang='lat' dir='ltr'>eibi</span> <span class='ocrx_word' id='word_1_117' title='bbox 192 2206 317 2270; x_wconf 90' lang='lat' dir='ltr'>instare.</span> <span class='ocrx_word' id='word_1_118' title='bbox 357 2203 471 2269; x_wconf 81' lang='lat' dir='ltr'>Debuit</span> <span class='ocrx_word' id='word_1_119' title='bbox 495 2204 545 2271; x_wconf 88' lang='lat' dir='ltr'>hic</span> <span class='ocrx_word' id='word_1_120' title='bbox 567 2204 972 2289; x_wconf 81' lang='lat' dir='ltr'>locusponivol.Ip.152;</span> <span class='ocrx_word' id='word_1_121' title='bbox 996 2205 1051 2272; x_wconf 82' lang='lat' dir='ltr'>red</span> <span class='ocrx_word' id='word_1_122' title='bbox 1072 2206 1180 2288; x_wconf 84' lang='lat' dir='ltr'>postea</span> 
     </span>
     <span class='ocr_line' id='line_1_19' title="bbox 110 2309 705 2395; baseline -0.002 -20"><span class='ocrx_word' id='word_1_123' title='bbox 110 2309 175 2376; x_wconf 85' lang='lat' dir='ltr'>haec</span> <span class='ocrx_word' id='word_1_124' title='bbox 193 2309 369 2378; x_wconf 82' lang='lat' dir='ltr'>emendatio</span> <span class='ocrx_word' id='word_1_125' title='bbox 393 2329 411 2375; x_wconf 90' lang='lat' dir='ltr'>e</span> <span class='ocrx_word' id='word_1_126' title='bbox 432 2329 483 2376; x_wconf 91' lang='lat' dir='ltr'>me</span> <span class='ocrx_word' id='word_1_127' title='bbox 506 2312 627 2395; x_wconf 87' lang='lat' dir='ltr'>reperte</span> <span class='ocrx_word' id='word_1_128' title='bbox 648 2314 705 2378; x_wconf 81' lang='lat' dir='ltr'>eet.</span> 
     </span>
    </p>

    <p class='ocr_par' dir='ltr' id='par_1_6' title="bbox 212 2413 352 2494">
     <span class='ocr_line' id='line_1_20' title="bbox 212 2413 352 2494; baseline 0 -14"><span class='ocrx_word' id='word_1_129' title='bbox 212 2413 250 2494; x_wconf 81' lang='lat' dir='ltr'>V,</span> <span class='ocrx_word' id='word_1_130' title='bbox 274 2415 352 2480; x_wconf 81' lang='lat'>230:</span> 
     </span>
    </p>

    <p class='ocr_par' dir='ltr' id='par_1_7' title="bbox 109 2518 1175 2815">
     <span class='ocr_line' id='line_1_21' title="bbox 246 2518 1047 2606; baseline 0.006 -22"><span class='ocrx_word' id='word_1_131' title='bbox 246 2518 463 2604; x_wconf 70' lang='lat' dir='ltr'>Iuppiter&#39;hoc</span> <span class='ocrx_word' id='word_1_132' title='bbox 485 2524 521 2588; x_wconf 92' lang='lat' dir='ltr'>ut</span> <span class='ocrx_word' id='word_1_133' title='bbox 541 2522 643 2588; x_wconf 82' lang='lat' dir='ltr'>adhuc</span> <span class='ocrx_word' id='word_1_134' title='bbox 665 2523 793 2598; x_wconf 78' lang='lat' dir='ltr'>nesciet,</span> <span class='ocrx_word' id='word_1_135' title='bbox 817 2533 912 2604; x_wconf 79' lang='lat' dir='ltr'>usquo</span> <span class='ocrx_word' id='word_1_136' title='bbox 934 2541 1047 2606; x_wconf 81' lang='lat' dir='ltr'>precor.</span> 
     </span>
     <span class='ocr_line' id='line_1_22' title="bbox 110 2625 1175 2713; baseline 0.001 -22"><span class='ocrx_word' id='word_1_137' title='bbox 110 2625 224 2691; x_wconf 78' lang='lat' dir='ltr'>Adhuc</span> <span class='ocrx_word' id='word_1_138' title='bbox 263 2628 378 2692; x_wconf 86' lang='lat' dir='ltr'>nescire</span> <span class='ocrx_word' id='word_1_139' title='bbox 412 2647 472 2694; x_wconf 90' lang='lat' dir='ltr'>non</span> <span class='ocrx_word' id='word_1_140' title='bbox 510 2632 558 2694; x_wconf 86' lang='lat' dir='ltr'>cst</span> <span class='ocrx_word' id='word_1_141' title='bbox 592 2649 678 2713; x_wconf 88' lang='lat' dir='ltr'>porro</span> <span class='ocrx_word' id='word_1_142' title='bbox 710 2631 742 2694; x_wconf 89' lang='lat' dir='ltr'>et</span> <span class='ocrx_word' id='word_1_143' title='bbox 775 2627 903 2708; x_wconf 85' lang='lat' dir='ltr'>posthac</span> <span class='ocrx_word' id='word_1_144' title='bbox 925 2629 1020 2694; x_wconf 85' lang='lat' dir='ltr'>etiam</span> <span class='ocrx_word' id='word_1_145' title='bbox 1047 2629 1175 2694; x_wconf 84' lang='lat' dir='ltr'>nescire.</span> 
     </span>
     <span class='ocr_line' id='line_1_23' title="bbox 109 2732 1043 2815; baseline 0 -19"><span class='ocrx_word' id='word_1_146' title='bbox 109 2732 242 2797; x_wconf 81' lang='lat' dir='ltr'>Rectam</span> <span class='ocrx_word' id='word_1_147' title='bbox 266 2734 453 2800; x_wconf 88' lang='lat' dir='ltr'>sententiam</span> <span class='ocrx_word' id='word_1_148' title='bbox 474 2735 567 2800; x_wconf 83' lang='lat' dir='ltr'>verba</span> <span class='ocrx_word' id='word_1_149' title='bbox 589 2734 634 2799; x_wconf 88' lang='lat' dir='ltr'>sic</span> <span class='ocrx_word' id='word_1_150' title='bbox 656 2733 852 2815; x_wconf 86' lang='lat' dir='ltr'>interpuncta</span> <span class='ocrx_word' id='word_1_151' title='bbox 873 2733 1043 2798; x_wconf 87' lang='lat' dir='ltr'>habebunt:</span> 
     </span>
    </p>

    <p class='ocr_par' dir='ltr' id='par_1_8' title="bbox 245 2837 1067 2924">
     <span class='ocr_line' id='line_1_24' title="bbox 245 2837 1067 2924; baseline -0.002 -22"><span class='ocrx_word' id='word_1_152' title='bbox 245 2837 383 2920; x_wconf 89' lang='lat' dir='ltr'>Iuppiter</span> <span class='ocrx_word' id='word_1_153' title='bbox 404 2839 471 2918; x_wconf 89' lang='lat' dir='ltr'>hcc,</span> <span class='ocrx_word' id='word_1_154' title='bbox 495 2844 529 2906; x_wconf 90' lang='lat' dir='ltr'>ut</span> <span class='ocrx_word' id='word_1_155' title='bbox 552 2839 661 2914; x_wconf 85' lang='lat' dir='ltr'>adhuc,</span> <span class='ocrx_word' id='word_1_156' title='bbox 685 2839 803 2906; x_wconf 83' lang='lat' dir='ltr'>nesciet</span> <span class='ocrx_word' id='word_1_157' title='bbox 824 2857 928 2924; x_wconf 85' lang='lat' dir='ltr'>neque,</span> <span class='ocrx_word' id='word_1_158' title='bbox 951 2857 1067 2920; x_wconf 90' lang='lat' dir='ltr'>precor.</span> 
     </span>
    </p>

    <p class='ocr_par' dir='ltr' id='par_1_9' title="bbox 211 2942 365 3022">
     <span class='ocr_line' id='line_1_25' title="bbox 211 2942 365 3022; baseline 0.006 -14"><span class='ocrx_word' id='word_1_159' title='bbox 211 2943 267 3022; x_wconf 74' lang='lat' dir='ltr'>VI,</span> <span class='ocrx_word' id='word_1_160' title='bbox 290 2942 365 3009; x_wconf 79' lang='lat'>317:</span> 
     </span>
    </p>

    <p class='ocr_par' dir='ltr' id='par_1_10' title="bbox 108 3049 1181 3434">
     <span class='ocr_line' id='line_1_26' title="bbox 246 3049 1094 3134; baseline -0.002 -20"><span class='ocrx_word' id='word_1_161' title='bbox 246 3049 320 3116; x_wconf 88' lang='lat' dir='ltr'>Inde</span> <span class='ocrx_word' id='word_1_162' title='bbox 341 3050 442 3115; x_wconf 83' lang='lat' dir='ltr'>focum</span> <span class='ocrx_word' id='word_1_163' title='bbox 464 3052 567 3118; x_wconf 85' lang='lat' dir='ltr'>servet</span> <span class='ocrx_word' id='word_1_164' title='bbox 588 3051 687 3132; x_wconf 86' lang='lat' dir='ltr'>pistor</span> <span class='ocrx_word' id='word_1_165' title='bbox 706 3050 926 3134; x_wconf 80' lang='lat' dir='ltr'>dominamque</span> <span class='ocrx_word' id='word_1_166' title='bbox 949 3049 1094 3116; x_wconf 81' lang='lat' dir='ltr'>focorum.</span> 
     </span>
     <span class='ocr_line' id='line_1_27' title="bbox 110 3154 1180 3239; baseline 0.002 -19"><span class='ocrx_word' id='word_1_167' title='bbox 110 3154 179 3220; x_wconf 89' lang='lat' dir='ltr'>Non</span> <span class='ocrx_word' id='word_1_168' title='bbox 204 3155 307 3239; x_wconf 88' lang='lat' dir='ltr'>agitur</span> <span class='ocrx_word' id='word_1_169' title='bbox 329 3155 366 3220; x_wconf 90' lang='lat' dir='ltr'>de</span> <span class='ocrx_word' id='word_1_170' title='bbox 387 3155 452 3222; x_wconf 86' lang='lat' dir='ltr'>foco</span> <span class='ocrx_word' id='word_1_171' title='bbox 475 3157 509 3222; x_wconf 85' lang='lat' dir='ltr'>et</span> <span class='ocrx_word' id='word_1_172' title='bbox 529 3157 626 3222; x_wconf 83' lang='lat' dir='ltr'>Vesta</span> <span class='ocrx_word' id='word_1_173' title='bbox 647 3155 813 3232; x_wconf 77' lang='lat' dir='ltr'>servande,</span> <span class='ocrx_word' id='word_1_174' title='bbox 835 3157 894 3222; x_wconf 89' lang='lat' dir='ltr'>hoc</span> <span class='ocrx_word' id='word_1_175' title='bbox 918 3157 974 3230; x_wconf 75' lang='lat' dir='ltr'>est</span> <span class='ocrx_word' id='word_1_176' title='bbox 997 3155 1043 3222; x_wconf 88' lang='lat' dir='ltr'>de</span> <span class='ocrx_word' id='word_1_177' title='bbox 1056 3156 1180 3222; x_wconf 79' lang='lat' dir='ltr'>assidua</span> 
     </span>
     <span class='ocr_line' id='line_1_28' title="bbox 108 3261 1181 3346; baseline 0.002 -20"><span class='ocrx_word' id='word_1_178' title='bbox 108 3261 148 3327; x_wconf 88' lang='lat' dir='ltr'>ad</span> <span class='ocrx_word' id='word_1_179' title='bbox 170 3261 274 3326; x_wconf 89' lang='lat' dir='ltr'>focum</span> <span class='ocrx_word' id='word_1_180' title='bbox 296 3263 549 3340; x_wconf 81' lang='lat' dir='ltr'>commoratione,</span> <span class='ocrx_word' id='word_1_181' title='bbox 579 3261 633 3328; x_wconf 85' lang='lat' dir='ltr'>aed</span> <span class='ocrx_word' id='word_1_182' title='bbox 665 3261 703 3326; x_wconf 89' lang='lat' dir='ltr'>de</span> <span class='ocrx_word' id='word_1_183' title='bbox 732 3263 845 3328; x_wconf 90' lang='lat' dir='ltr'>honore</span> <span class='ocrx_word' id='word_1_184' title='bbox 874 3264 906 3328; x_wconf 91' lang='lat' dir='ltr'>et</span> <span class='ocrx_word' id='word_1_185' title='bbox 932 3262 1026 3328; x_wconf 89' lang='lat' dir='ltr'>cultu.</span> <span class='ocrx_word' id='word_1_186' title='bbox 1070 3262 1181 3346; x_wconf 87' lang='lat' dir='ltr'>Itaque</span> 
     </span>
     <span class='ocr_line' id='line_1_29' title="bbox 110 3367 335 3434; baseline -0.009 -2"><span class='ocrx_word' id='word_1_187' title='bbox 110 3367 206 3434; x_wconf 85' lang='lat' dir='ltr'>scribi</span> <span class='ocrx_word' id='word_1_188' title='bbox 229 3367 335 3432; x_wconf 91' lang='lat' dir='ltr'>debet:</span> 
     </span>
    </p>

    <p class='ocr_par' dir='ltr' id='par_1_11' title="bbox 194 3471 1077 3556">
     <span class='ocr_line' id='line_1_30' title="bbox 194 3471 1077 3556; baseline 0.002 -18"><span class='ocrx_word' id='word_1_189' title='bbox 194 3472 271 3538; x_wconf 84' lang='lat' dir='ltr'>Inde</span> <span class='ocrx_word' id='word_1_190' title='bbox 292 3473 394 3542; x_wconf 86' lang='lat' dir='ltr'>focum</span> <span class='ocrx_word' id='word_1_191' title='bbox 418 3475 553 3540; x_wconf 75' lang='lat' dir='ltr'>obuncat</span> <span class='ocrx_word' id='word_1_192' title='bbox 573 3475 671 3556; x_wconf 88' lang='lat' dir='ltr'>pistor</span> <span class='ocrx_word' id='word_1_193' title='bbox 694 3473 908 3556; x_wconf 87' lang='lat' dir='ltr'>dominamque</span> <span class='ocrx_word' id='word_1_194' title='bbox 931 3471 1077 3540; x_wconf 86' lang='lat' dir='ltr'>focorum.</span> 
     </span>
    </p>

    <p class='ocr_par' dir='ltr' id='par_1_12' title="bbox 109 3577 1185 4084">
     <span class='ocr_line' id='line_1_31' title="bbox 211 3577 1185 3659; baseline 0.006 -18"><span class='ocrx_word' id='word_1_195' title='bbox 211 3577 308 3642; x_wconf 90' lang='lat' dir='ltr'>Panlo</span> <span class='ocrx_word' id='word_1_196' title='bbox 331 3580 425 3648; x_wconf 86' lang='lat' dir='ltr'>etiam</span> <span class='ocrx_word' id='word_1_197' title='bbox 448 3581 536 3657; x_wconf 90' lang='lat' dir='ltr'>ante,</span> <span class='ocrx_word' id='word_1_198' title='bbox 558 3600 587 3646; x_wconf 86' lang='lat' dir='ltr'>v.</span> <span class='ocrx_word' id='word_1_199' title='bbox 610 3579 672 3642; x_wconf 85' lang='lat'>313</span> <span class='ocrx_word' id='word_1_200' title='bbox 695 3578 790 3659; x_wconf 78' lang='lat'>(307),</span> <span class='ocrx_word' id='word_1_201' title='bbox 814 3595 937 3653; x_wconf 81' lang='lat' dir='ltr'>vereor,</span> <span class='ocrx_word' id='word_1_202' title='bbox 967 3597 1005 3644; x_wconf 88' lang='lat' dir='ltr'>ne</span> <span class='ocrx_word' id='word_1_203' title='bbox 1029 3580 1185 3648; x_wconf 88' lang='lat' dir='ltr'>mendum·</span> 
     </span>
     <span class='ocr_line' id='line_1_32' title="bbox 109 3683 1177 3768; baseline 0.002 -20"><span class='ocrx_word' id='word_1_204' title='bbox 109 3684 158 3750; x_wconf 86' lang='lat' dir='ltr'>sit.</span> <span class='ocrx_word' id='word_1_205' title='bbox 201 3683 311 3766; x_wconf 85' lang='lat' dir='ltr'>Neque</span> <span class='ocrx_word' id='word_1_206' title='bbox 332 3685 415 3752; x_wconf 91' lang='lat' dir='ltr'>enim</span> <span class='ocrx_word' id='word_1_207' title='bbox 437 3685 564 3752; x_wconf 87' lang='lat' dir='ltr'>adrem</span> <span class='ocrx_word' id='word_1_208' title='bbox 587 3685 738 3768; x_wconf 86' lang='lat' dir='ltr'>pertinere</span> <span class='ocrx_word' id='word_1_209' title='bbox 760 3684 891 3758; x_wconf 81' lang='lat' dir='ltr'>videtur,</span> <span class='ocrx_word' id='word_1_210' title='bbox 913 3684 987 3749; x_wconf 89' lang='lat' dir='ltr'>olim</span> <span class='ocrx_word' id='word_1_211' title='bbox 1007 3685 1073 3752; x_wconf 82' lang='lat' dir='ltr'>sole</span> <span class='ocrx_word' id='word_1_212' title='bbox 1093 3685 1177 3750; x_wconf 85' lang='lat' dir='ltr'>ferra</span> 
     </span>
     <span class='ocr_line' id='line_1_33' title="bbox 109 3788 1185 3875; baseline 0.003 -22"><span class='ocrx_word' id='word_1_213' title='bbox 109 3788 207 3854; x_wconf 81' lang='lat' dir='ltr'>furnis</span> <span class='ocrx_word' id='word_1_214' title='bbox 229 3788 338 3854; x_wconf 90' lang='lat' dir='ltr'>torreri</span> <span class='ocrx_word' id='word_1_215' title='bbox 360 3790 452 3855; x_wconf 86' lang='lat' dir='ltr'>solite</span> <span class='ocrx_word' id='word_1_216' title='bbox 484 3795 594 3875; x_wconf 85' lang='lat' dir='ltr'>(neque</span> <span class='ocrx_word' id='word_1_217' title='bbox 623 3791 706 3856; x_wconf 89' lang='lat' dir='ltr'>alind</span> <span class='ocrx_word' id='word_1_218' title='bbox 741 3791 840 3856; x_wconf 90' lang='lat' dir='ltr'>ullum</span> <span class='ocrx_word' id='word_1_219' title='bbox 875 3789 1022 3855; x_wconf 84' lang='lat' dir='ltr'>frumenti</span> <span class='ocrx_word' id='word_1_220' title='bbox 1057 3795 1185 3874; x_wconf 45' lang='lat' dir='ltr'>genus)p</span> 
     </span>
     <span class='ocr_line' id='line_1_34' title="bbox 110 3894 1178 3977; baseline 0 -19"><span class='ocrx_word' id='word_1_221' title='bbox 110 3894 169 3959; x_wconf 81' lang='lat' dir='ltr'>ned·</span> <span class='ocrx_word' id='word_1_222' title='bbox 195 3895 279 3960; x_wconf 87' lang='lat' dir='ltr'>ferre</span> <span class='ocrx_word' id='word_1_223' title='bbox 312 3894 411 3960; x_wconf 86' lang='lat' dir='ltr'>solide</span> <span class='ocrx_word' id='word_1_224' title='bbox 442 3915 497 3961; x_wconf 86' lang='lat' dir='ltr'>nec</span> <span class='ocrx_word' id='word_1_225' title='bbox 527 3896 670 3962; x_wconf 89' lang='lat' dir='ltr'>molendo</span> <span class='ocrx_word' id='word_1_226' title='bbox 700 3895 899 3963; x_wconf 77' lang='lat' dir='ltr'>comminuta</span> <span class='ocrx_word' id='word_1_227' title='bbox 943 3896 1051 3977; x_wconf 78' lang='lat' dir='ltr'>Itaque</span> <span class='ocrx_word' id='word_1_228' title='bbox 1073 3894 1178 3976; x_wconf 89' lang='lat' dir='ltr'>opinor</span> 
     </span>
     <span class='ocr_line' id='line_1_35' title="bbox 110 3999 397 4084; baseline 0 -21"><span class='ocrx_word' id='word_1_229' title='bbox 110 3999 259 4084; x_wconf 86' lang='lat' dir='ltr'>scriptum</span> <span class='ocrx_word' id='word_1_230' title='bbox 278 4000 397 4066; x_wconf 71' lang='lat' dir='ltr'>muse:</span> 
     </span>
    </p>

    <p class='ocr_par' dir='ltr' id='par_1_13' title="bbox 217 4103 1099 4188">
     <span class='ocr_line' id='line_1_36' title="bbox 217 4103 1099 4188; baseline 0 -22"><span class='ocrx_word' id='word_1_231' title='bbox 217 4105 292 4170; x_wconf 78' lang='lat' dir='ltr'>Tora</span> <span class='ocrx_word' id='word_1_232' title='bbox 314 4103 460 4184; x_wconf 71' lang='lat' dir='ltr'>(soleae)</span> <span class='ocrx_word' id='word_1_233' title='bbox 483 4106 567 4188; x_wconf 87' lang='lat' dir='ltr'>prius</span> <span class='ocrx_word' id='word_1_234' title='bbox 589 4105 685 4172; x_wconf 85' lang='lat' dir='ltr'>furnis</span> <span class='ocrx_word' id='word_1_235' title='bbox 709 4107 867 4172; x_wconf 91' lang='lat' dir='ltr'>torrebant</span> <span class='ocrx_word' id='word_1_236' title='bbox 887 4105 969 4170; x_wconf 84' lang='lat' dir='ltr'>farre</span> <span class='ocrx_word' id='word_1_237' title='bbox 991 4105 1099 4170; x_wconf 90' lang='lat' dir='ltr'>coloni.</span> 
     </span>
    </p>
   </div>
   <div class='ocr_carea' id='block_1_3' title="bbox 0 0 1464 4636">
    <p class='ocr_par' dir='ltr' id='par_1_14' title="bbox 0 0 1464 4636">
     <span class='ocr_line' id='line_1_37' title="bbox 0 0 1464 4636; baseline 0 0"><span class='ocrx_word' id='word_1_238' title='bbox 0 0 1464 4636; x_wconf 95' lang='lat' dir='ltr'> </span> 
     </span>
    </p>
   </div>
  </div>
 </body>
</html>
