3000 4638
465 278 497 333 Ιι.
518 279 619 337 senec·
636 281 669 337 de
687 283 745 339 vim
762 285 849 342 beata
1088 293 1151 358 369

128 475 270 542 Valerius
303 477 426 560 quidem
453 478 607 545 Maximus
633 481 727 546 etiam
759 473 881 565 passiue
913 487 1191 574 degeneratum

127 584 284 664 patrem
312 583 397 658 dixit,
420 601 438 648 a
459 601 518 667 quc
540 583 623 651 filius
646 585 872 672 degenerasset.

226 689 293 754 Ibd.
320 689 369 767 14,
391 690 535 771 queniam
557 691 680 757 initium
703 694 812 776 capitis
834 713 926 781 supra
947 719 977 782 p.
1000 699 1063 766 340
1084 722 1189 770 emen-

126 793 206 866 davi,
228 797 349 862 restant
369 796 386 880 ξ
410 795 429 858 2
451 797 530 862 haec:
573 797 624 863 Ut
644 797 747 866 feres
770 817 852 866 cum
874 803 1012 872 labere
1033 807 1189 891 pericu·

124 901 239 985 loque
263 921 450 968 venamur
478 949 543 980 ...‚
575 901 632 967 ita
652 899 846 972 habentes
868 927 1024 996 magnas
1046 915 1189 1000 volup·

123 1010 229 1074 tetes
261 1009 299 1073 in
332 1027 508 1094 magnum
531 1007 673 1073 malum
701 1027 862 1076 evasere
899 1017 1104 1102 captaeque
1126 1039 1188 1087 ce-

123 1131 233 1197 pere,
263 1113 296 1178 in
328 1114 436 1198 quibus
461 1131 531 1178 cum
553 1116 715 1197 appareret
737 1133 799 1192 ecs,
831 1123 882 1202 qui
911 1120 1061 1188 haberent
1082 1126 1187 1210 velup-

122 1225 215 1297 tates,
237 1240 298 1287 nun
322 1219 450 1286 euadere
471 1219 503 1284 in
526 1219 653 1298 melum,
685 1239 743 1286 nec
773 1242 862 1305 posse
886 1227 1011 1293 omuino
1031 1227 1187 1296 diversum

123 1346 192 1393 esse
221 1326 383 1392 verbcmm
407 1343 566 1392 euasere
598 1328 631 1390 et
662 1345 801 1410 cepere
832 1331 1016 1412 subiectum,
1043 1335 1098 1401 elii
1124 1336 1186 1401 alia

120 1436 291 1513 tentarunt,
313 1431 487 1508 Bentleius¹
521 1429 607 1496 cuius
635 1433 840 1498 coniecturam
868 1435 1022 1520 Hauptius
1047 1439 1076 1513 (Ι
1098 1461 1126 1522 p.
1150 1441 1182 1522 3)

120 1537 250 1622 protulit
283 1539 315 1604 et
351 1537 503 1622 probavit,
545 1535 639 1603 scribi
678 1537 792 1604 voluit:
828 1541 993 1609 habenti
1027 1565 1182 1632 magnas

120 1643 212 1710 volu
219 1645 347 1728 phetes
371 1647 439 1719 cet,
470 1662 578 1727 parum
600 1642 744 1720 feliciter;
765 1663 838 1710 nam
861 1647 905 1712 sic
927 1665 1044 1732 quoque
1065 1651 1183 1718 incom-

119 1751 209 1816 mode
231 1751 422 1834 voluptatum
444 1767 564 1824 nomen,
595 1769 662 1833 quae
684 1770 752 1816 cum
774 1752 850 1818 feris
874 1747 1099 1838 comparantur,
1120 1759 1182 1842 pri·

118 1876 205 1922 mum
236 1874 291 1940 prc
324 1855 441 1921 obiecto
473 1856 607 1938 pesitum
640 1855 831 1940 deprimitur,
868 1857 977 1924 deinde
1008 1861 1041 1926 in
1072 1862 1181 1928 eadem

118 1964 272 2030 sententia
314 1962 446 2029 subiecti
487 1962 551 2026 loce
585 1964 716 2046 emergit
756 1963 965 2044 (scribendum
1001 1968 1081 2033 erat:
1125 1970 1180 2036 ita

117 2089 263 2155 megnae
284 2068 527 2150 voluptates
549 2067 741 2144 habenti);
770 2072 854 2145 tum,
887 2071 923 2136 ut
943 2074 1091 2155 praecedit
1112 2075 1179 2142 dc-

117 2177 256 2254 mincs,
292 2174 488 2241 scribendum
522 2176 588 2238 erat
619 2174 861 2241 habentibus
894 2177 943 2242 vel
968 2175 1068 2259 potius
1101 2179 1179 2243 iru-

119 2281 283 2349 entibus.
328 2281 389 2347 Sed
410 2279 566 2346 salvares
589 2279 638 2344 esi
664 2279 937 2366 scribendumque:
962 2283 1020 2348 ite
1040 2282 1180 2347 habeut

117 2409 153 2452 ce
184 2409 334 2472 mapaoe
364 2385 612 2470 voluptates:
644 2385 682 2449 in
711 2404 887 2470 magnum
920 2391 1064 2456 malum
1086 2411 1179 2458 eva-

116 2513 198 2560 sere
221 2496 423 2578 captaeque
456 2510 605 2576 cepere.
658 2491 734 2557 Cum
758 2511 794 2558 ex
826 2491 979 2561 habent
1001 2499 1178 2565 setectum

115 2602 196 2666 esset
217 2601 426 2680 habentes,
449 2602 587 2665 secutum
612 2600 660 2664 est
681 2617 848 2682 magnas.
985 2611 988 2617 '

214 2707 280 2773 lbd.
305 2707 353 2782 15,
383 2707 418 2770 6:
462 2705 547 2785 Ques
578 2707 705 2770 eutem
739 2703 933 2771 dementia
962 2709 1021 2772 est
1050 2707 1175 2791 potins

112 2811 216 2880 trahi
239 2831 346 2896 quam
370 2811 502 2895 sequi?
526 2813 602 2877 tam
634 2811 879 2877 mehercules
907 2831 1016 2895 quam
1038 2814 1176 2879 stulti-

112 2920 167 2984 tia
189 2921 227 2984 et
247 2920 429 3004 ignorata
461 2916 704 2983 condicionis
732 2917 791 2981 est
815 2937 889 2983 suae
918 2919 1047 2985 dolore
1074 2921 1175 3004 qnod

112 3028 173 3090 est
194 3025 342 3109 aliquid
375 3025 441 3089 aut
473 3021 617 3088 incidit
649 3021 784 3087 durius
815 3041 918 3108 aeqne
946 3024 1080 3090 mirari
1109 3029 1174 3093 aut

110 3130 266 3216 indigne
287 3132 389 3196 ferre
410 3149 469 3208 ea,
502 3148 579 3214 quae
608 3131 684 3194 tam
712 3127 826 3194 benis
854 3129 1040 3198 accidunt
1063 3151 1173 3216 quam

109 3237 238 3316 malis,
261 3239 408 3304 mcrbcs
431 3236 533 3316 dico,
554 3235 700 3315 funera,
726 3234 784 3300 cet.
816 3233 966 3314 Sichffl,
989 3237 1042 3301 alii
1063 3238 1174 3305 leviter

109 3343 329 3425 deflectentes).
372 3341 495 3410 Pridem
526 3339 671 3408 restituta
704 3341 777 3405 sunt
808 3339 1004 3425 ignoratio
1039 3345 1071 3407 et
1104 3344 1173 3410 dc·

108 3449 198 3515 lere.
241 3447 303 3514 Sed
333 3450 393 3514 est
421 3451 490 3514 aut
515 3446 656 3512 incidit
688 3447 842 3512 centraria
871 3446 943 3530 poni
971 3447 1055 3512 nullu
1082 3451 1172 3531 pacto

107 3555 236 3636 pessunt
263 3562 347 3634 (nem
374 3555 455 3638 qued
482 3553 600 3631 incidit,
637 3556 710 3631 est);
744 3553 848 3635 itaque
881 3551 1027 3618 editiones
1057 3551 1173 3636 aliquot

105 3659 169 3726 iam
188 3661 450 3726 anteFickertum
471 3659 615 3726 licenter:
638 3659 737 3744 qnod
757 3656 911 3743 aliquid
932 3658 1005 3724 tibi
1026 3658 1172 3723 incidit

105 3764 249 3842 durinc,
273 3768 351 3850 qucd
366 3767 397 3830 in
409 3785 469 3832 unc
484 3764 587 3832 codice
599 3765 784 3850 interpolate
800 3782 867 3830 esse
879 3763 998 3829 dicitur.
1029 3765 1171 3830 Scriben-

105 3871 179 3936 dum
203 3872 251 3938 est
270 3873 374 3938 littera
395 3873 568 3958 geminata:
605 3871 706 3955 quod
736 3873 820 3936 dest
842 3871 982 3950 (deest)
1005 3869 1168 3956 aliquid;

102 3997 177 4043 nam
205 3980 237 4042 et
265 3977 416 4044 desiderio
450 3997 571 4056 eorum,
607 3997 674 4061 quae
707 3997 767 4043 non
792 3977 958 4053 habemus,
991 3976 1072 4042 etsi
1096 3977 1172 4062 quid.

151 4105 263 4142 nnuman
275 4109 354 4146 rems.
366 4109 416 4144 cun.
439 4107 461 4142 u.
934 4113 967 4156 24
