2978 4644
544 265 680 324 thronis
697 266 847 322 Orationes.
1129 268 1188 332 221

267 465 335 533 lou.
356 464 415 530 68:
445 465 498 540 si,
529 463 661 541 armis,
694 461 938 530 dissensione
971 464 1164 534 hominnm
1185 469 1231 534 ad

166 572 306 638 oedem
332 571 518 637 instituta
548 587 715 652 novoque
749 567 947 636 dominatu
976 571 1127 654 pulsum
1149 591 1232 640 osse

166 677 277 744 dixit
320 677 429 761 Neque
459 674 656 766 dissensio
670 673 731 740 diei
751 677 855 757 potest
888 675 1169 761 instituissemus
1196 698 1233 744 aa

167 784 264 850 armis
284 783 411 867 admugi
431 785 463 847 et
484 781 658 865 superponi.
700 781 788 846 uuit:
824 782 1081 865 descriptione
1111 784 1232 850 homi·

166 907 256 954 num
277 889 323 954 ad
344 888 482 954 easdem
502 887 698 952 instituta
757 885 818 952 Otr.
843 887 918 952 129:
941 905 1133 954 serrorum
1155 907 1233 955 om-

167 995 271 1063 nium
301 994 458 1060 vicatim
491 992 764 1060 celebrabatur
793 995 877 1060 tota
900 995 990 1060 urbo
1012 995 1232 1079 desoriptio.

166 1101 253 1168 subi
287 1100 505 1168 oentnriaro
538 1098 623 1168 elisit.
677 1099 736 1178 (De
771 1101 793 1180 g
824 1100 862 1160 71
897 1099 960 1164 dixi
987 1100 1048 1166 vot
1075 1102 1091 1166 1
1122 1121 1152 1184 p.
1180 1101 1231 1167 51.

168 1207 285 1274 thiam
306 1205 397 1272 modo
419 1204 662 1272 Mommsenium
681 1205 796 1272 alieubi
820 1205 923 1270 loounr
954 1205 1134 1272 emendasse
1153 1206 1233 1271 Hal·

167 1311 250 1378 nius
271 1312 349 1378 mihi
368 1311 510 1384 indicat.)

265 1443 412 1516 ibuit:
446 1451 579 1526 semol,
612 1467 691 1514 oum
713 1450 751 1514 io
772 1451 861 1526 feei,
894 1449 1140 1534 quodomnes
1160 1450 1232 1514 im-

168 1555 419 1632 mortalitati,
452 1555 486 1621 si
509 1555 600 1622 fieri
630 1557 774 1638 potest,
795 1554 1065 1636 mandandum,
1086 1555 1127 1621 tn
1142 1574 1233 1640 sup·-

165 1661 284 1746 plioio
316 1659 548 1746 puniendum
580 1661 740 1744 putasti.
796 1661 847 1728 Sio
868 1661 960 1728 scribi
981 1663 1109 1744 oportet
1137 1659 1233 1728 eiecto

168 1771 322 1852 negent,
350 1767 429 1851 qood
455 1785 524 1832 oum
547 1767 709 1833 sententies
731 1765 860 1832 interita
881 1770 952 1851 post
984 1787 1111 1833 omnes
1145 1765 1234 1832 addi-

167 1871 214 1938 dit
245 1873 366 1956 aliquis,
399 1893 469 1939 oum
500 1892 561 1938 non
583 1873 850 1949 animadverteret
873 1873 912 1938 ad
945 1892 1072 1940 omnes
1103 1873 1232 1939 verbum

167 1997 203 2044 ex
223 1979 373 2062 putasti
396 1979 580 2046 sumendum
602 1996 681 2044 esse.
724 1977 875 2062 (Omnes
908 1999 980 2045 non
1012 1980 1155 2064 negent
1184 1977 1234 2043 in-

168 2085 240 2168 epto
261 2083 374 2150 dieitur
393 2103 447 2170 pro
469 2103 514 2165 oo,
538 2083 618 2169 qnod
640 2086 689 2150 ost
714 2102 841 2152 omnes
868 2085 1081 2161 affirmant,
1117 2083 1234 2150 indioa·

165 2191 231 2256 tiro
251 2189 368 2270 modo.)
514 2189 518 2198 '

268 2329 336 2396 Ibd.
360 2330 414 2396 78:
449 2332 591 2410 tamen,
624 2331 954 2416 quotienscunque
985 2331 1109 2398 vellet
1136 2329 1236 2414 quis,

162 2431 239 2522 'hoo
259 2437 297 2502 in
318 2454 455 2520 genere
477 2435 556 2503 solo
589 2456 667 2538 rem
700 2435 916 2501 iudicatam
948 2434 1093 2502 referre
1125 2455 1236 2522 posse

170 2544 382 2634 uoluerunt.
435 2541 505 2608 Non
526 2542 696 2634 signifieat,
730 2541 803 2626 quid
824 2541 955 2606 maiores
981 2541 1041 2626 ipsi
1061 2541 1161 2608 faeere
1183 2559 1235 2606 ou-

168 2649 294 2732 pierius,
325 2649 381 2715 sed
412 2649 486 2733 quid
517 2649 584 2716 fieri
617 2668 707 2734 posse
729 2647 882 2714 voluerint
908 2647 940 2711 et
961 2665 1083 2730 aequum
1105 2664 1234 2712 oensoo-

162 2739 242 2822 rint.
275 2746 486 2824 ¹Scribonium
507 2755 602 2840 igitur
622 2752 771 2838 referri
789 2773 912 2838 posse.
976 2753 1045 2840 [Sio
1068 2749 1233 2838 Faernus]

271 2895 339 2960 Ibd.
360 2894 418 2960 80:
448 2913 491 2960 oa
509 2895 594 2960 iura
614 2895 840 2972 sanxerunt,
869 2912 948 2977 quse
968 2911 1037 2960 neo
1057 2893 1115 2964 via
1135 2895 1236 2960 tono·-

65 3078 68 3082 ,
170 3017 299 3082 porum
335 3019 404 3066 neo
434 2999 609 3083 potentia
639 2999 939 3082 magistratuum
970 3017 1037 3066 neo
1064 3018 1124 3065 res
1155 3001 1235 3064 tum

170 3105 341 3172 iudicata
361 3125 428 3174 neo
450 3105 612 3188 denique
644 3104 817 3170 universi
837 3105 971 3187 populi
992 3104 1150 3172 Romani
1170 3122 1236 3186 po·

170 3211 295 3278 tostas
400 3210 639 3277 labefactare
671 3210 806 3291 possit
848 3209 899 3276 Sio
919 3210 1055 3287 oooiioos3
1090 3209 1236 3279 sunno

170 3317 249 3386 ouem
271 3319 358 3394 (aute
391 3315 573 3395 iudicata)
604 3315 760 3382 omittunt
804 3315 914 3398 Neque
940 3333 1002 3381 una
1032 3333 1082 3380 ros
1102 3314 1236 3383 iudicata

169 3417 203 3486 in
243 3421 303 3486 hao
343 3439 377 3485 re
420 3422 586 3505 quiequam
620 3421 723 3486 valere
764 3421 894 3504 poterat,
936 3437 1037 3504 affluo
1077 3421 1152 3504 ipsas
1185 3439 1236 3486 res

171 3525 313 3592 indioatae
355 3545 425 3592 enno
466 3527 504 3592 ri
544 3527 771 3608 temporum,
811 3525 988 3608 potentia
1030 3526 1237 3610 magistra·

171 3637 291 3710 tunm,
345 3631 477 3716 populi
533 3631 689 3698 Romani
737 3632 933 3714 potestate
980 3633 1066 3698 reete
1114 3649 1238 3714 oompo·

171 3737 296 3811 nautor,
338 3737 392 3802 ssd
428 3736 557 3820 aliquid,
599 3736 678 3818 qnod
721 3755 766 3802 eae
802 3736 946 3802 habeant
998 3735 1104 3802 Giooro
1141 3735 1237 3817 serip-

167 3845 271 3920 ,seruit
292 3861 360 3908 ueo
380 3863 509 3904 rerum
530 3841 788 3904 iudicatorum
810 3841 1023 3904 auotoritas
1046 3859 1113 3904 uec
1135 3839 1238 3906 deni·

172 3965 241 4028 que
262 3950 319 4014 ost
370 3947 503 4014 Librarii
528 3947 632 4014 oeulos
659 3950 739 4013 ata
758 3949 802 4028 (in
825 3947 1096 4025 iudicatarum)
1116 3946 1157 4012 ad
1178 3948 1237 4012 tas
