3018 4634
568 298 704 358 uenenis
720 300 796 358 Libr.
814 301 918 360 Philon.
1160 303 1221 370 243

200 500 291 566 eunte
329 498 443 568 codicis
472 497 505 564 H
531 499 709 566 correctore·
752 498 952 568 Smibendnm
985 504 1066 570 eret:
1097 504 1179 589 ipse
1213 507 1263 572 li·

200 623 292 688 quor
322 623 426 690 eques
448 603 625 671 deoleret
654 613 686 668 et
709 604 828 690 serio.
871 607 1015 675 (trucum
1036 604 1135 697 χύσιν
1157 611 1262 680 Cicero

198 710 317 788 reddit;
360 709 508 780 vocabulo
544 709 642 776 utitur
677 710 742 778 iem
778 712 848 780 lib.
883 714 908 793 Ι,
953 714 1005 782 39.
1058 717 1123 802 [Sic
1159 719 1263 786 Letle·

197 815 414 902 mendm.]¹)·

297 1006 424 1080 unone
440 1007 493 1083 lv,
515 1005 556 1072 64
577 1007 658 1092 qnod
680 1005 790 1082 editur,
812 1008 1073 1080 consentientibus
1091 1013 1260 1085 codicibus:

197 1112 334 1196 quibus
377 1113 502 1198 igitur
549 1111 766 1180 ustionibus
815 1111 1260 1201 instentiederuutur,

197 1218 340 1286 eisdem
383 1219 680 1287 contemnuntur
718 1220 938 1304 sequentis,
974 1223 1156 1291 mendosum
1193 1244 1261 1291 esse

198 1323 317 1392 certum
340 1326 398 1404 est,
432 1325 514 1410 qnod
535 1343 690 1410 nunonem
711 1327 916 1408 sequentis
937 1331 991 1394 eut
1012 1329 1133 1396 omnino
1154 1335 1209 1397 eut
1229 1332 1260 1395 in

197 1429 256 1496 bec
278 1430 468 1516 aegritudinis
490 1433 523 1498 et
543 1434 645 1499 metus
676 1432 869 1515 separatione
889 1451 945 1515 pro
966 1432 1076 1500 futuris
1097 1421 1259 1520 ponuntur,

196 1534 237 1601 ed
261 1555 328 1620 quee
349 1541 452 1606 metus
473 1538 621 1622 pertinet,
654 1538 689 1603 nt
711 1536 859 1622 spuendo
880 1538 919 1604 ed
939 1539 1088 1606 iustentie
1110 1541 1181 1616 (hoo
1202 1547 1260 1621 est,

196 1642 383 1724 presentie).
426 1643 602 1713 Ciceronem
624 1644 803 1727 scripsisset
836 1647 1134 1711 contemnuntur
1163 1648 1260 1710 ceni-

627 1759 637 1790 Ι

194 1889 394 1904 *mnan—.-

213 2065 236 2134 ¹)
263 2065 340 2136 ouon
369 2067 447 2124 doleo
473 2063 610 2138 interdum
639 2065 724 2120 etism
748 2081 764 2119 e
787 2062 967 2134 prudentibus
994 2063 1259 2122 bominibnsvtncite

159 2219 164 2226 ,
263 2161 405 2230 preteriri,
433 2175 546 2230 quorum
564 2159 637 2214 certe
661 2157 758 2214 urende
783 2160 811 2212 et
833 2157 973 2228 perspecte
991 2173 1007 2212 e
1028 2158 1211 2230 superioribus
1229 2163 1258 2214 et

265 2253 406 2310 emendate
427 2253 497 2318 sint,
526 2251 584 2306 eius
611 2249 650 2306 rei
680 2250 801 2306 notebile
828 2251 978 2320 exemplum
1006 2251 1035 2304 in
1062 2251 1144 2305 huius
1171 2253 1257 2323 operis

263 2345 332 2402 libro
350 2345 402 2412 ΙΙΙ,
421 2349 456 2402 23
480 2344 547 2400 mihi
574 2361 602 2400 se
628 2344 736 2400 obtulit
785 2343 856 2399 Nem
879 2342 950 2400 nihil
975 2341 1100 2400 Bniterus
1123 2361 1208 2415 neque
1228 2345 1256 2400 in

262 2439 363 2495 meiore
380 2439 499 2495 editione
517 2453 605 2508 neque
623 2437 652 2492 in
671 2453 709 2500 ee,
729 2451 809 2505 quem
827 2451 888 2490 cum
906 2435 1024 2506 Keyeero
1042 2437 1153 2503 curavit,
1173 2455 1256 2494 euno·

262 2534 333 2589 tevit
350 2531 386 2588 ed
403 2533 460 2588 hec
477 2529 569 2586 verbe:
594 2545 679 2599 sepe
698 2528 791 2584 dixti
809 2528 903 2583 nihil
920 2528 1003 2584 lieri
1022 2527 1102 2594 sine¹
1115 2527 1183 2585 deo.
1219 2531 1257 2585 llt

263 2627 355 2682 temen
373 2641 481 2696 prorsus
499 2624 595 2680 vitiose
613 2620 657 2678 dei
676 2639 772 2678 nomen
790 2621 835 2678 hic
851 2621 924 2692 poni,
942 2619 990 2674 ubi
1009 2621 1099 2675 omnis
1116 2621 1150 2676 nd
1162 2622 1256 2678 mundi

263 2719 400 2776 notionem
426 2719 537 2790 musque
563 2733 624 2772 cnm
651 2717 700 2792 eis,
729 2731 789 2788 que
816 2716 847 2772 in
873 2713 973 2774 mundo
998 2715 1097 2776 essent,
1121 2730 1256 2785 compere-

261 2812 363 2868 tionem
380 2811 542 2868 referrentur
559 2811 670 2882 ipseque
689 2809 843 2880 argumenti
861 2807 995 2864 conclusio
1019 2806 1148 2876 proximis
1166 2807 1255 2864 verbis

262 2907 472 2962 constitueretur
489 2905 518 2960 in
538 2905 643 2960 illiscx
661 2920 697 2958 eo
716 2903 957 2974 procreentur,
976 2899 1026 2956 hoc
1045 2903 1093 2966 est,
1113 2916 1128 2954 e
1146 2900 1254 2966 mundo,

262 2997 434 3054 Heindorfins
464 2997 635 3054 intellexeret
662 2999 690 3052 et
717 2993 914 3052 accommodate
941 2992 975 3050 ed
1001 2981 1037 3058 id,
1066 2993 1139 3063 quod
1156 2991 1193 3059 11,
1221 2996 1256 3052 88

261 3091 377 3161 legitur:
403 3106 440 3147 er
458 3107 521 3162 quo
540 3093 575 3147 et
593 3091 755 3148 oriuntur
773 3090 807 3144 et
824 3087 922 3144 finnt
938 3087 1064 3152 omnin,
1084 3087 1255 3142 scribendum

260 3183 438 3240 indicerent:
458 3185 530 3239 nisi
557 3199 593 3240 er
617 3201 668 3249 eo;
700 3181 842 3238 Schnetrio
859 3181 965 3252 placuit
988 3181 1062 3235 sine
1089 3197 1134 3236 eo.
1175 3179 1254 3245 Milri,

261 3293 322 3333 cnm
340 3293 402 3334 cese
419 3278 451 3332 in
469 3277 540 3332 huuc
567 3278 656 3334 locum
682 3275 847 3340 incidissem,
872 3274 968 3330 stetim
992 3273 1063 3329 idem
1086 3274 1116 3329 in
1136 3276 1254 3329 mentem

260 3372 344 3438 uenit,
363 3371 433 3441 qnod
452 3371 518 3430 olim
536 3370 609 3442 epnd
626 3367 813 3426 Heindorfinm
831 3367 960 3424 viderem.
996 3366 1097 3424 Gontre
1113 3367 1143 3422 in
1161 3367 1254 3424 eodem

261 3463 331 3520 libro
348 3469 364 3532 ξ
382 3467 418 3522 54
440 3480 511 3520 nunc
530 3463 588 3520 sine
605 3462 662 3518 ulls
684 3461 825 3536 verietetis
842 3461 978 3516 mentione
996 3459 1085 3516 editur
1103 3461 1254 3532 proxime

261 3557 471 3628 superiores,
490 3573 551 3613 cum
570 3560 632 3613 ente
650 3555 791 3610 Devisinm
810 3569 903 3610 omnes
919 3555 991 3608 recte
1009 3552 1158 3610 edidissent
1175 3571 1254 3626 pro·

260 3653 354 3725 rime
371 3649 581 3720 superiores.
619 3647 747 3704 Codicum
766 3646 875 3717 quidem
893 3646 1078 3702 testimonium
1096 3647 1253 3718 ambignum

260 3747 317 3811 est3
336 3743 441 3799 sedite
461 3743 649 3812 (proximus
676 3740 843 3810 superior)
862 3739 1016 3796 Ciceronem
1043 3740 1162 3796 locutum
1187 3757 1252 3804 esse,

260 3837 361 3907 reliqui
379 3837 526 3892 ostendunt
542 3835 603 3899 loci,
632 3836 661 3890 in
689 3833 788 3905 quibus
811 3833 889 3888 nulle
907 3833 1070 3903 relinquitur
1088 3833 1253 3904 ambiguitas
1292 3839 1293 3842 ’

259 3933 308 3985 sut
325 3929 469 3996 dubitatio,
488 3929 570 3985 huius
588 3927 676 4000 operis
694 3929 730 3994 ΙΙ,
749 3929 792 3991 53,
812 3925 886 3983 Oret.
907 3931 967 3993 216,
986 3927 1021 3982 ed
1039 3927 1115 3982 Fam.
1134 3925 1156 3988 1,
1175 3931 1200 3989 9,
1214 3927 1254 3982 ι20

260 4024 319 4088 tubi
336 4026 436 4079 temere
454 4009 566 4094 prorsus
581 4021 700 4078 Oobetus
717 4021 961 4092 superioribus
983 4021 1046 4076 tolli
1064 4020 1171 4087 uoluit),
1190 4020 1252 4074 lec.

260 4119 331 4174 Anu.
350 4119 372 4185 l,
392 4120 435 4174 77.
470 4117 561 4172 Nimis
583 4115 663 4171 lecile
682 4114 782 4170 Orellio
801 4114 920 4183 greviter
939 4113 1038 4169 crrenti
1053 4113 1185 4169 creditum
1204 4115 1252 4167 est.

999 4206 1048 4257 lo*
