2918 4636
610 223 733 284 oddus.
1100 231 1160 295 109

136 421 248 507 Neque
271 424 415 508 αι’ἰριιιὲιεε
435 425 527 516 datur
551 441 605 508 pro
633 424 765 486 caditur
777 426 904 492 Ovidius
926 428 1012 506 dixit,
1034 449 1132 515 nsque
1153 432 1203 506 (da

134 549 192 614 qno
227 546 333 596 omnes
366 533 479 610 tacent)
509 531 553 596 sio
584 550 729 594 oea—sea
754 530 787 596 in
808 534 984 602 nominibus
1009 535 1202 622 diiungondis

136 637 250 702 dicitur
271 641 334 714 (aaa
345 637 495 700 Adrastus
515 659 567 700 ocu
581 635 706 698 AEneao
726 635 782 701 laco
795 638 883 723 facit,
906 659 1020 723 proco,
1043 643 1122 725 quod
1137 645 1200 710 cat:

133 743 199 806 Act
220 743 262 807 A.
285 751 338 804 act
359 739 465 819 Alc).
511 741 751 811 Restituandum
774 744 947 828 tetigitur,
980 748 1060 830 quod
1080 749 1113 812 in
1135 767 1202 816 om-

132 851 223 916 nibus
257 849 369 932 praetar
392 865 487 912 unum
522 848 681 932 vulgarem
716 849 870 915 codicibus
894 853 962 932 sat,
996 853 1132 921 orations
1155 857 1200 922 sic

132 957 346 1040 interpuncta:

267 1060 445 1142 Sangaros
467 1059 604 1137 Adrasti,
627 1077 681 1125 sou
702 1059 792 1125 furtis
815 1063 906 1144 aptus
930 1063 1034 1129 Ulixes

332 1183 386 1229 scu
403 1163 475 1246 pins
499 1163 621 1241 AEnoas,
646 1165 793 1249 eripuisse
815 1165 928 1247 forant,

128 1274 164 1338 ut
185 1271 226 1338 ad
247 1283 391 1334 sca-*ceu
413 1270 556 1336 audiatur
577 1269 695 1353 crdpuit.

229 1379 297 1444 Ibd.
321 1377 397 1440 557:

265 1485 338 1567 lpsa
360 1482 483 1566 quidam
506 1481 617 1548 fecisse
643 1483 745 1566 nogat,
768 1483 821 1548 sod
844 1484 928 1549 fama
948 1485 1082 1568 raccpit;

306 1589 365 1654 hoc
389 1591 447 1666 ast,
470 1607 523 1653 cnr
541 1587 611 1652 odio
634 1589 675 1654 sit
696 1587 755 1654 tibi
777 1607 866 1656 serva
885 1609 1005 1657 manus.

127 1697 164 1763 In
185 1697 244 1762 hac
267 1695 418 1778 scriptura
438 1704 530 1778 nepot
551 1693 723 1759 necessario
745 1694 878 1760 refertur
899 1695 938 1760 ad
961 1714 1098 1779 sarvam,
1129 1717 1197 1782 qua

126 1793 312 1870 Athamanti
330 1799 486 1866 indicavit.
505 1801 592 1865 tosta
627 1800 745 1865 semina
778 1801 920 1886 agricolis
948 1803 1038 1877 dari,
1075 1823 1136 1870 non
1158 1805 1198 1871 ad

125 1909 192 1985 Ino,
216 1927 310 1992 quam
333 1909 425 1990 pocta
446 1905 547 1990 ipsam
569 1904 830 1988 alloquiturltibi
850 1911 882 1975 at
902 1929 929 1976 v.
953 1909 1015 1972 554
1038 1909 1101 1988 ccci.
1135 1911 1196 1976 Sad

125 2015 240 2082 ancilla
262 2014 339 2078 nihil
360 2013 509 2091 rogabat,
542 2013 597 2076 lno
619 2030 678 2076 non
700 2011 820 2095 poterat
842 2014 908 2093 hoc,
932 2015 1011 2098 quod
1034 2035 1124 2084 sorva
1145 2017 1195 2080 in-

126 2121 296 2197 dicaverat,
319 2119 356 2184 do
378 2139 411 2185 so
435 2117 517 2184 credi
538 2117 628 2183 vello.
679 2116 850 2201 Scripserat
872 2119 1014 2188 Ovidius:

261 2226 334 2310 Ipsa
358 2225 482 2309 quidem
503 2223 613 2289 fecisse
636 2243 740 2307 nepas,
766 2224 820 2289 sad
841 2227 924 2292 fama
946 2229 1080 2312 recepit3

308 2329 1005 2412 mmfflfflfflffiwwm.

571 2579 657 2664 cap.
685 2581 753 2648 111.
840 2619 844 2624 -

125 2753 216 2811 Poeta
247 2755 367 2826 Augusti
397 2757 477 2810 atate
508 2755 655 2812 interiores.
717 2754 826 2809 Sarnaca.
886 2753 1004 2810 Persius.
1058 2755 1194 2812 Lucanus.

176 2847 302 2904 Valerius
320 2849 440 2904 Flaccus.
494 2847 609 2903 Statius.
645 2847 751 2916 (Silina.
787 2845 933 2901 luvenalis.
970 2847 1125 2916 Martialis.)

225 2975 327 3040 Poetae
350 2975 461 3050 Latini,
485 2975 537 3059 qui
558 2977 627 3059 post
649 2976 825 3058 Augustam
847 2973 979 3050 namot,
1005 2993 1192 3060 quamquam

123 3081 247 3147 omnino
268 3100 329 3147 non
351 3101 425 3147 sana
447 3082 551 3146 nostra
573 3081 664 3146 astato
692 3081 722 3145 in
752 3080 920 3145 mullorum
946 3081 1088 3147 manibus
1110 3084 1193 3157 sunt,

123 3187 237 3254 vollem
258 3188 418 3253 tamenin
447 3187 485 3252 iis
519 3187 750 3270 expromondis,
783 3206 849 3270 qnae
877 3188 909 3251 in
942 3206 1061 3254 comm
1075 3207 1193 3272 quoquo

122 3293 246 3378 scriptis
269 3291 448 3370 amandavi,
487 3312 557 3359 cum
591 3313 628 3358 aa
654 3292 802 3377 philologi
824 3294 857 3357 ct
877 3295 1072 3377 grammatici
1093 3294 1218 3360 officio·

122 3401 317 3466 satisfaciens
338 3401 525 3476 tractarem,
560 3400 599 3466 ab
634 3399 744 3483 aliquo·
758 3397 869 3478 ordiri,
907 3399 959 3482 qui
994 3401 1085 3484 paulo
1122 3400 1191 3484 plus

120 3506 251 3574 haberet
273 3505 313 3570 ad
333 3507 453 3570 animos
484 3507 644 3571 hominnm
677 3505 951 3572 commendationis
974 3508 1005 3571 ot
1026 3505 1101 3590 ipsis
1123 3506 1191 3588 phi-

120 3613 230 3697 lologis
260 3611 350 3695 paulo
383 3611 514 3698 legando
543 3614 644 3678 notior
667 3613 764 3691 esset,
798 3633 891 3696 quam
912 3612 1039 3690 tumidas
1061 3612 1190 3696 argutiae

121 3717 250 3785 Seneca
272 3717 500 3802 tragoediarum.
547 3717 609 3784 Sed
631 3719 774 3802 quoniam
797 3718 970 3802 aequandus
1001 3718 1049 3784 ost
1069 3721 1190 3801 tompo-

119 3845 188 3890 rnm
211 3823 293 3899 ordo,
315 3825 450 3907 primum
472 3825 519 3888 hae
543 3825 602 3890 sibi
623 3827 724 3891 locum
746 3823 913 3899 vindicant,
937 3843 998 3905 eas,
1022 3843 1097 3908 quas
1118 3841 1189 3887 vara

121 3929 237 3997 Soncca
280 3929 426 4012 scripsit,
462 3930 698 4007 comitantibus,
726 3930 754 3996 si
783 3949 849 4014 qnae
889 3931 999 4014 praetor
1028 3928 1190 3994 Octaviam

120 4037 229 4101 alicnae
253 4035 377 4120 originis
414 4053 525 4120 gonaro
549 4036 665 4102 similes
693 4037 903 4116 adhaeserunt,
936 4033 1021 4100 volnt
1041 4031 1190 4098 Horculos
