2978 4644
314 273 373 337 178
670 271 732 327 ιιι.
742 269 806 326 vn.
832 268 900 340 cop.
909 273 934 326 1.

270 493 361 560 ques
395 473 524 556 partes
561 473 599 536 et
620 470 712 555 quot
733 468 855 536 modis
876 471 1056 551 oportent
1088 469 1244 538 similes
1266 469 1334 534 he·

270 579 374 658 bere,
406 578 453 640 ut
484 575 633 641 similia
664 575 863 642 dicontur.
907 573 1049 642 Cotinos:
1071 576 1256 661 oporteat
1281 573 1335 640 si·

270 685 385 751 miles
405 683 546 750 hebere
574 681 772 754 dicuntur,
805 679 971 748 editiones:
1007 683 1187 764 oporteat
1207 681 1251 744 ut
1279 679 1333 746 si·

270 790 385 857 miles
419 789 614 862 dieantur,
650 785 712 851 nisi
746 785 826 870 qnod
847 783 1031 852 Muellerus:
1069 788 1249 870 oportent
1281 785 1335 851 si·
1479 747 1480 800 ³

270 897 385 992 miles
406 895 561 970 hebere,
584 891 709 958 omissis
731 892 773 956 ut
796 891 828 956 et
848 891 1038 958 dicentur.

370 999 437 1065 lbd.
449 1019 480 1083 p.
495 997 570 1062 17οε
595 999 638 1063 nt
659 1015 741 1062 oum
764 995 899 1061 dieunt
919 996 1020 1076 (oodd
1043 995 1335 1080 dieuntnrppro·

269 1105 445 1191 portione
467 1103 614 1170 similia
631 1103 903 1169 essetmorem
913 1102 1059 1178 Amori,
1073 1102 1250 1169 Dolorem
1265 1103 1335 1168 Do·
1479 1115 1480 1122 ’

269 1210 365 1293 Euri,
397 1227 478 1275 oum
505 1208 561 1273 ite
586 1205 782 1273 dissimile
809 1225 896 1274 esse
918 1207 1078 1275 videant
1102 1209 1276 1275 Amorem
1298 1209 1336 1275 et
1479 1259 1480 1266 7

269 1315 464 1398 1)(ιΙοιειιιιἱ
479 1312 578 1398 qnod
596 1315 657 1380 est
674 1313 752 1380 elio
771 1332 880 1392 osso,
896 1313 1335 1381 itemDoloremDolori.
1479 1291 1480 1358 ἶ

270 1421 323 1488 Sio
345 1421 483 1498 oodioes3
507 1419 672 1486 editionesz
694 1419 853 1484 rideant
874 1419 1052 1486 Amorem
1068 1420 1213 1498 Dolori,
1234 1419 1336 1485 Musl-

271 1528 354 1594 lems
374 1524 537 1592 videant
560 1525 746 1590 'Amorem
770 1526 808 1590 et
829 1525 980 1592 Dolori.
998 1572 1005 1589 .
1023 1524 1137 1592 ‚item
1154 1525 1336 1592 Dolorem

270 1617 310 1700 ¹et
333 1633 492 1711 Dolori,
512 1630 546 1696 iu
568 1630 679 1715 quitus
700 1629 843 1698 omnibns
864 1631 951 1697 nullu
973 1632 1022 1698 est
1042 1632 1215 1710 sententin;
1238 1649 1336 1715 neque
1479 1683 1480 1710 1

272 1738 356 1805 enim
378 1738 525 1800 Amorem
547 1754 617 1801 oum
639 1734 757 1800 Dolori
776 1737 949 1820 oompnrari
969 1739 1084 1822 potest,
1105 1736 1161 1804 sed
1181 1739 1236 1802 ont
1253 1737 1335 1826 eins'·

272 1843 344 1910 dem
379 1842 518 1908 venabuli
545 1841 660 1908 diversi
691 1859 781 1908 ossus
813 1844 867 1908 sut
898 1842 1031 1910 alterum
1062 1841 1245 1910 voeubulum
1265 1855 1336 1908 num
1479 1923 1480 1934 χ

272 1949 398 2018 alterius
420 1947 529 2014 eedem
548 1953 634 2014 'oesn
689 1947 900 2031 Propertionis
922 1948 1091 2016 similitudo
1112 1949 1215 2032 posite
1235 1950 1284 2014 snt
1303 1948 1336 2013 in

271 2074 318 2130 eo,
341 2057 376 2121 nt
387 2055 546 2137 utriusque
568 2055 665 2138 pertis
681 2055 890 2120 membrorum
912 2055 1020 2120 eodem
1041 2055 1084 2120 sit
1106 2052 1335 2120 dissimilitudo.

271 2159 429 2228 Sententia
450 2160 545 2244 igitur
556 2159 732 2226 huiusmodi
746 2159 820 2226 fnit:
854 2179 936 2226 eum
957 2161 1044 2224 irem
1066 2160 1124 2241 (sio
1142 2160 1207 2226 iem
1220 2159 1336 2238 Vertr.)
1479 2167 1480 2178 ¹

224 2293 228 2300 ·
272 2265 778 2332 dissimile'e‘sseuidonnt
808 2267 995 2333 ‘Amorem'
1032 2265 1183 2345 Amori,
1226 2264 1337 2354 quod

272 2373 334 2438 est
354 2371 558 2450 elienses,
582 2371 675 2437 item
696 2371 880 2437 Dolorem
912 2371 1055 2439 Dolori.
1085 2371 1337 2450 ·(Prorimorum

271 2477 435 2542 verborum
471 2474 636 2542 mendum=
669 2476 736 2542 sed
772 2478 907 2544 dieunt
940 2476 1037 2563 quod
1065 2477 1111 2544 ob
1140 2477 1337 2544 sim-ilibus
1479 2517 1480 2524 ι

272 2584 330 2650 oet
353 2582 461 2648 tollere
482 2600 542 2647 uon
566 2587 717 2665 possum.)

369 2683 439 2754 Ion.
459 2707 490 2769 p.
515 2687 591 2752 176:
628 2687 760 2772 Igitur
791 2688 837 2755 ed
865 2688 1192 2756 demonstrandos
1214 2687 1337 2754 deeli-

271 2793 458 2861 nstiones
484 2792 615 2877 bio'eps
645 2811 718 2858 nus
743 2795 830 2860 hueo.
886 2794 967 2874 Quid
991 2794 1086 2861 verbu
1106 2795 1241 2878 biceps
1264 2811 1338 2859 une
1479 2815 1480 2822 ¹

274 2899 461 2984 significent,
482 2897 652 2965 Muellerus
675 2916 708 2964 se
730 2899 871 2984 ignorare
892 2900 1008 2966 fatetur
1034 2900 1198 2983 mendique
1230 2901 1338 2968 notum
1479 2953 1480 2968 ,

272 3005 422 3091 apposnit
475 3003 628 3070 Gomsotio
650 3023 710 3069 non
732 3005 824 3090 longe
845 3005 979 3087 petendu
1006 3007 1071 3072 ost·
1103 3007 1238 3090 ticeps
1272 3006 1338 3069 eia

271 3109 351 3176 hese
373 3115 477 3195 (qnam
499 3107 637 3175 Varro
627 3127 673 3174 1n
682 3109 827 3192 proximis
850 3112 1069 3195 superioribus
1090 3111 1251 3192 indioouit
1283 3112 1338 3178 ont
1479 3073 1480 3120 ἶ

272 3213 530 3282 amultitndine
546 3214 601 3278 sut
621 3213 661 3279 sb
684 3214 818 3282 ablativo
840 3215 1013 3303 singulari).
1066 3217 1183 3302 Bioepe
1203 3235 1258 3300 pro
1281 3216 1338 3281 du·-

273 3321 347 3406 pliei
371 3320 467 3387 etiem
488 3317 562 3384 alibi
583 3317 680 3384 Varro
702 3318 787 3387 dixit

373 3424 441 3491 Ibd.
465 3443 495 3508 p.
519 3424 579 3486 177
600 3425 740 3490 verte
716 3445 761 3492 sno
783 3426 999 3518 distinguendo
1020 3430 1107 3496 sunt·
1153 3441 1272 3513 neque
1294 3427 1338 3492 ab

273 3531 332 3598 his
371 3528 530 3598 venitus
569 3549 648 3614 quse
684 3531 890 3600 declinato
921 3537 1026 3616 sunt,
1061 3533 1338 3602 multitudinis

276 3635 779 3722 significant'qnidq‘uam.
838 3641 886 3718 (V.
923 3643 1015 3708 sont
1050 3625 1336 3721 multitudinis,
1415 3649 1418 3654 “
1479 3671 1480 3680 1

274 3742 512 3829 significent
532 3743 746 3828 quidquem
769 3746 836 3812 sine
857 3754 970 3826 sensu.)

375 3851 484 3917 Libros
516 3849 611 3916 etium
638 3849 679 3916 de
706 3869 744 3918 re
765 3851 899 3919 iustine*
919 3855 1055 3938 pereurri
1080 3854 1231 3921 sermonis
1259 3855 1339 3919 Ver·

275 3959 394 4025 ronieni
416 3956 746 4044 cognoscendorum,
776 3960 829 4042 qui
848 3958 902 4026 'ibi
915 3959 1039 4043 ¹plenior
1069 3962 1101 4025 et
1134 3960 1233 4044 megin
1266 3977 1340 4025 oon·

275 4065 361 4132 tinuo
381 4069 484 4132 tenore
507 4063 605 4130 fluens
626 4064 738 4130 melius
760 4066 952 4149 perspicitur.
979 4067 1164 4134 ''Sed-tum
1198 4065 1339 4130 celeriter
