2938 4630
285 279 328 344 60
647 279 707 337 Lib.
727 281 774 336 VI.
794 279 859 352 Gap.
871 282 910 338 11.
947 335 950 348 ,

391 477 436 544 nil
457 477 552 544 faciei
573 479 697 544 sceleris
719 478 771 562 pia
794 480 917 557 dextera
941 479 1078 554 (mirum

328 585 364 647 ub
384 602 483 665 neque
505 585 589 648 calce
610 586 700 666 lupus
730 603 914 667 quemquam
936 601 1033 665 neque
1053 583 1145 650 deuia
1164 593 1249 668 petor

328 795 382 860 sed
404 794 489 860 mala
509 795 599 860 tollet
623 816 714 862 anum
737 797 847 862 vitiato
868 795 960 861 mella
983 794 1092 860 cicuiu.

322 899 610 983 ,Comparationem
657 921 728 968 cum
768 903 882 968 ironica
924 900 1125 967 admiratione
1154 897 1310 964 inieriioib.

243 1004 333 1067 Potor
353 1007 586 1086 parscodicum
609 1009 711 1074 habai.

345 1109 409 1174 Sat.
447 1113 496 1191 ΙΙ,
538 1113 574 1188 3,
608 1114 677 1177 208.
733 1111 935 1177 Scribeudum
978 1112 1027 1176 est
1066 1109 1241 1176 rectissima
1279 1109 1312 1174 et

242 1215 400 1281 scatentia
421 1219 452 1282 ab
473 1219 626 1294 oratioue,
648 1237 711 1283 une
730 1217 836 1282 littera
856 1217 990 1298 vulgaoa
1013 1217 1173 1298 scriptura
1194 1213 1311 1291 addita,

243 1321 328 1405 quod
350 1311 445 1388 atiani
465 1324 497 1388 in
520 1324 624 1390 codice
647 1325 748 1406 aliquo
770 1323 806 1388 fio
836 1320 884 1406 [eb
904 1319 1018 1384 factum
1043 1320 1131 1386 video
1152 1321 1191 1384 ab
1213 1317 1311 1402 aliis]:

380 1429 432 1511 qui
455 1431 574 1511 species
596 1431 673 1496 olias
697 1429 774 1490 oeric
795 1425 981 1508 scelerisque
1002 1427 1138 1490 bumulbu

377 1535 546 1617 permixtas
569 1537 679 1618 capiet,
702 1536 876 1599 commotus
898 1532 1071 1609 habebitur,

246 1637 305 1702 bac
328 1642 385 1717 est,
398 1642 514 1723 species
537 1639 650 1706 av'eris
675 1640 822 1718 diversas,
844 1657 902 1704 usu
923 1637 1067 1702 adiocbivi
1088 1635 1168 1698 olicis
1188 1653 1312 1718 prorsus

243 1745 429 1822 Horatiana
451 1748 482 1811 iu
497 1746 651 1812 codicibus
673 1747 778 1810 littera
800 1744 933 1808 esemel
954 1744 1069 1824 scripta
1092 1742 1150 1819 esi,
1172 1759 1240 1823 quae
1262 1740 1311 1806 bis

246 1849 408 1914 scribenda
441 1853 521 1926 erat3
554 1851 632 1914 nihil
664 1851 812 1932 praeterea
842 1848 1046 1914 aestuandum.
1101 1847 1151 1925 (in
1174 1845 1313 1911 eiusdem

245 1953 347 2018 satirae
368 1973 396 2018 v.
413 1954 476 2016 300
489 1957 563 2038 pubo
585 1956 648 2020 iam
669 1955 778 2029 uisse,
802 1954 854 2036 qui
876 1956 958 2018 recbe
980 1953 1074 2019 verba
1096 1952 1312 2034 coniungeret:

249 2055 427 2142 Stoiceposi
449 2059 682 2122 damnum-sic
702 2061 816 2121 vendas
837 2059 941 2122 omnia
959 2057 1225 2142 pluria—quomo
1237 2055 1313 2118 sial—

244 2162 312 2224 a'co'o
345 2167 403 2231 oet.
461 2163 513 2228 Sic
545 2163 669 2230 demum
702 2165 734 2228 ia
766 2164 863 2230 Stoici
884 2163 1088 2246 appellatione
1121 2161 1236 2244 aliquid
1264 2165 1313 2229 esi

243 2265 373 2350 leporis3
406 2268 439 2333 in
474 2269 578 2335 addito
610 2273 683 2334 roto
717 2268 796 2334 nihil
826 2269 886 2332 loci
918 2269 1011 2334 habeb
1039 2277 1110 2352 post
1141 2267 1311 2345 umnam.)

244 2373 305 2450 (De
328 2374 369 2452 Π,
393 2375 422 2453 2,
446 2375 485 2436 29
508 2375 569 2441 vid.
593 2377 652 2441 vol.
674 2376 689 2438 Ι
710 2393 741 2456 p.
765 2373 825 2436 102
847 2381 890 2452 u.)

346 2478 728 2564 Qffibsswc

380 2586 414 2651 Si
443 2589 492 2654 oui
523 2590 673 2670 praeterea
698 2586 819 2652 validus
851 2586 932 2652 maie
953 2585 1036 2652 filius
1060 2585 1092 2650 iu
1114 2601 1147 2648 re

379 2695 528 2774 preclara
550 2695 689 2762 sublatus
713 2694 823 2772 aletur,
845 2711 887 2758 ne
906 2691 1106 2757 manifestum

378 2798 493 2866 coelibis
517 2802 700 2884 obsequium
722 2801 819 2864 nudat
841 2802 885 2874 ie,
907 2800 1018 2864 louiber
1040 2799 1071 2863 in
1094 2813 1182 2878 spem

380 2923 486 2986 arrepa
508 2906 673 2984 officiosus,
695 2908 731 2969 ui
751 2908 783 2970 ei
804 2906 939 2970 scribare
960 2904 1113 2970 secundus

379 3009 468 3075 heres
491 3011 531 3088 ei,
554 3011 581 3074 si
603 3012 671 3092 quis
693 3029 782 3075 casus
803 3028 932 3091 puerum
955 3008 1054 3091 egerib
1074 3006 1165 3080 Orco,

229 3199 237 3206 ι
379 3113 411 3177 iu
434 3133 564 3180 vacuum
587 3116 702 3182 venias.

346 3218 443 3284 Pravo
471 3222 620 3302 tanquam
651 3221 710 3284 duo
732 3220 854 3302 (ot—et)
881 3218 1128 3302 distinguuntur,
1161 3235 1228 3300 qua
1250 3233 1312 3280 uua

245 3339 290 3395 re,
312 3324 439 3388 secundi
461 3325 582 3390 heredis
607 3326 687 3404 loco,
712 3325 921 3402 continentum
944 3325 1154 3394 scribendum:

698 3434 734 3494 ut
758 3434 785 3493 ei
806 3431 939 3496 scribare
961 3431 1113 3497 secundus

445 3536 534 3601 heres
558 3539 598 3612 eb
620 3537 647 3601 si
670 3538 738 3620 quis
759 3539 817 3602 cei.

245 3640 308 3721 (De
331 3641 358 3704 ei
377 3641 585 3724 monosyllabo
608 3642 667 3707 vid.
690 3663 783 3726 supra
804 3644 844 3708 ad
865 3642 958 3728 Verg.
982 3644 1093 3728 Georg.
1116 3645 1158 3722 ΙΙ,
1181 3643 1284 3725 266.)ι

347 3746 413 3811 lbd.
437 3749 508 3828 (sai.
530 3749 572 3827 ΙΙ,
594 3749 626 3827 5)
649 3748 706 3814 89:

400 3872 460 3918 neu
483 3852 563 3918 desis
586 3873 684 3938 operae
705 3874 783 3920 neve
803 3854 1024 3920 immoderatus
1046 3853 1193 3920 abundes.

347 3957 505 4026 Admonet
540 3961 694 4046 Siesbyus,
742 3961 885 4044 quoniam
920 3961 1030 4043 agatur
1065 3959 1104 4024 de
1139 3977 1233 4042 opera
1268 3959 1314 4024 iia
