2956 4648
311 287 374 351 484
671 281 947 354 nemausam.

269 487 450 554 adverbium
477 482 632 565 separavit
656 483 696 546 ab
725 501 762 546 ea
789 481 954 558 sententia,
981 499 1042 564 qua
1075 481 1248 546 continetur
1268 501 1336 546 cer·

269 596 338 658 tum
360 591 531 656 Stoicorum
553 588 722 662 decretum,
757 591 789 652 ct
821 586 860 651 ad
895 605 963 650 earn
986 585 1132 662 adiunxit,
1168 606 1235 670 qnae
1263 607 1336 652 cou-

269 697 439 762 cessionem
462 695 609 761 continct.
654 695 702 773 (ln
724 681 974 774 extrema'epist
996 691 1014 774 ᾖ
1039 691 1077 753 13
1101 692 1235 758 Haasius
1258 693 1335 756 miro

272 821 371 868 errore
393 801 564 866 orationem
578 801 694 865 rectam
707 800 856 882 corrupit;
869 801 888 880 ξ
903 798 942 876 16
961 800 1043 864 recte
1066 815 1114 880 ep
1135 798 1334 874 emendavit.)

371 907 428 989 Ep.
453 906 502 980 68,
528 908 562 968 l:
594 906 673 970 Hoc
705 909 744 969 te
778 904 977 969 iacturum
1007 901 1230 968 Stoicorum
1259 904 1334 968 eti·

268 1011 366 1078 amsi
388 1029 461 1076 nou
483 1013 690 1094 praecepto,
723 1011 762 1074 at
783 1010 977 1091 exemplo,
999 1009 1094 1073 licet
1115 1009 1238 1082 scias;
1267 1007 1333 1074 sed

268 1136 311 1182 ex
331 1119 525 1200 praeopto
554 1133 698 1199 quoque
731 1115 857 1180 iacies
887 1116 944 1190 (sic
966 1117 1049 1180 recte
1070 1115 1242 1195 superiores
1265 1113 1332 1178 cdd.

267 1241 323 1305 pro
344 1223 494 1299 lacias),
527 1224 565 1286 et
592 1221 671 1286 tibi
698 1225 837 1286 etcum
864 1222 973 1286 uoles
995 1220 1239 1303 approbabis.
1283 1219 1332 1285 Sic

268 1328 388 1392 codices
420 1327 557 1410 plerique
579 1326 643 1402 (P);
676 1346 720 1408 p·‚
748 1329 788 1391 et
818 1327 892 1392 tibi
924 1343 991 1390 con
1024 1328 1063 1390 et
1097 1343 1178 1390 cum
1211 1326 1331 1404 voles,
1457 1419 1458 1424 γ

267 1432 512 1515 approbabis.
565 1431 714 1495 blondum
736 1431 933 1496 manifestum
955 1435 1019 1508 est;
1051 1431 1129 1496 nibil
1151 1431 1235 1496 enim
1257 1433 1330 1507 erut,

267 1539 347 1622 quod
379 1537 515 1604 Lucilius
547 1536 607 1602 sibi
628 1537 810 1618 approbaret
841 1538 883 1614 et,
918 1555 990 1600 cum
1010 1535 1116 1612 vellet,
1137 1538 1328 1622 approbaret

266 1642 375 1725 Itaque
410 1643 482 1708 inde
514 1662 533 1707 a
564 1642 685 1706 Murato
717 1643 865 1707 edebatur
886 1641 950 1706 fere
979 1642 1216 1725 approbabo,
1252 1643 1329 1726 quod

267 1747 400 1812 debebat
421 1747 534 1812 saltem
567 1766 635 1812 esse
666 1748 849 1830 probabo.
893 1731 941 1812 In*
956 1747 1069 1812 litteris
1092 1749 1124 1812 in
1153 1767 1173 1830 p
1203 1749 1330 1813 seruatis

267 1871 375 1918 verum
397 1852 491 1917 latet:
514 1855 552 1917 et
577 1861 612 1914 te
632 1851 790 1925 Zenoni,
823 1871 906 1917 cnm
927 1853 1051 1927 voles,
1084 1855 1329 1934 approbabis.
1460 1930 1461 1952 χ

266 1957 468 2034 (Addendum
490 1957 546 2021 hoc
568 1957 627 2022 vol.
650 1959 666 2020 Ι
687 1978 716 2040 p.
743 1958 828 2037 147.)

366 2063 423 2145 llp.
446 2062 497 2137 69,
520 2061 539 2122 5
563 2062 624 2144 (3):
671 2062 742 2126 Vix
775 2062 892 2128 citici·
914 2065 998 2128 toto
1030 2063 1160 2128 seculo
1187 2065 1329 2146 potest,

360 2166 513 2240 nedum,
557 2168 589 2231 si
624 2170 702 2232 tarn
738 2168 854 2233 breve
891 2171 1042 2250 tempus
1076 2167 1330 2234 intervallum

265 2271 499 2336 discidimus
522 2278 554 2354 (p
576 2272 626 2336 Ab
649 2272 909 2347 discedimus).
956 2272 1130 2356 Corrigunt,
1160 2276 1196 2338 ut
1217 2275 1331 2339 scribu-

264 2379 316 2440 tur
348 2377 555 2458 temporis,
591 2381 645 2443 aut
680 2381 836 2460 tempus
869 2377 939 2443 tolli
979 2379 1085 2443 volunt
1118 2381 1165 2458 (ut
1199 2381 1331 2445 Haasius

265 2481 348 2565 praef.
370 2502 399 2564 p.
422 2481 506 2558 VII).
552 2481 612 2548 Sed
635 2483 700 2547 vita
720 2483 918 2549 intervallum
938 2503 997 2549 uon
1019 2487 1076 2548 est.
1134 2484 1331 2566 Praeteritum

264 2586 350 2651 verbi
371 2589 495 2669 tempus
523 2606 652 2668 pravum
674 2592 731 2653 est.
776 2589 997 2654 scribendum:
1042 2590 1076 2653 si
1107 2592 1188 2654 tam
1215 2591 1330 2656 breno

263 2692 414 2773 tempus
451 2691 680 2755 intervallis
713 2694 892 2755 ccdimus
924 2693 969 2769 (et
999 2692 1045 2757 sic
1078 2693 1177 2759 multo
1209 2696 1330 2762 breuius

263 2797 419 2878 facimus).
475 2797 575 2861 Eris
599 2801 706 2863 natum
729 2799 805 2872 dis,
839 2801 906 2863 tum
928 2799 1183 2864 intervallum
1205 2801 1328 2866 iactum.

265 2901 459 2966 Sententiam
501 2920 606 2968 reram
642 2905 828 2986 sequebatur
863 2905 1050 2987 interpolata
1084 2905 1255 2972 editionum
1289 2908 1329 2972 ab

262 3005 392 3071 Erasmo
434 3007 474 3072 ad
519 3007 725 3090 Ruhlropfinm
779 3009 950 3091 scriptura:
1002 3028 1069 3093 per
1111 3011 1330 3077 intervalla

264 3111 546 3188 discindimus;
591 3113 703 3180 codicis
740 3114 869 3179 alicuius
900 3116 973 3180 Itali
1005 3119 1157 3182 corrector
1182 3119 1276 3184 etiam
1296 3121 1329 3182 in

263 3215 489 3281 intervallis
511 3197 669 3296 incide'rat,
692 3219 746 3284 scd
768 3219 1001 3286 discidimus
1023 3223 1131 3287 tenuit.

363 3320 421 3402 Ep.
450 3321 507 3399 70,
549 3324 661 3400 5(4):
705 3324 795 3389 Cum
833 3326 995 3408 primum
1022 3327 1085 3391 illi
1115 3329 1234 3411 coepit
1261 3347 1327 3393 su·

264 3427 397 3507 specta
439 3445 522 3492 esse
564 3429 735 3504 fortuna,
778 3431 992 3516 diligenter
1035 3433 1327 3516 circumspicit,

263 3531 443 3614 numquid
464 3531 527 3597 illo
550 3533 805 3600 desinendum
827 3536 889 3600 sit.
934 3537 1064 3603 Addunt
1086 3539 1162 3604 dic.
1218 3538 1325 3602 Potius
1396 3551 1400 3560 '

263 3635 476 3702 scribendum:
498 3640 682 3721 numquid
703 3639 810 3702 illico
832 3641 909 3707 des.
933 3663 958 3708 s.

357 3742 418 3822 Ep.
440 3742 489 3817 71,
522 3743 560 3806 8:
604 3743 704 3821 Quid
725 3749 840 3829 ergo?
882 3747 992 3812 Nihil
1012 3751 1185 3814 interest
1206 3750 1320 3814 inter

261 3848 474 3928 praeturam
496 3847 657 3913 Catonis
687 3851 726 3912 et
747 3852 965 3932 repulsam?
1007 3854 1118 3920 Nihil
1140 3856 1328 3927 interest

262 3951 390 4015 utrum
417 3955 495 4018 ...t
537 3953 616 4017 Hoc
648 3955 732 4018 eius
757 3956 914 4033 bonum,
951 3976 1022 4040 quo
1048 3959 1172 4025 victis
1194 3960 1327 4042 parti-

263 4053 333 4118 bus
365 4074 442 4119 non
474 4060 605 4138 potest
636 4059 755 4135 vinci,
793 4081 864 4143 par
896 4063 980 4126 erat
1011 4063 1079 4128 illi
1110 4067 1230 4145 bono,
1252 4083 1326 4149 quo
