3018 4634
326 272 388 336 254
688 269 954 341 murno-um.

383 470 450 536 Ibd.
489 471 546 535 ιιι
590 469 766 537 Tertium
798 471 875 536 iam
910 469 1015 536 huno
1047 468 1253 552 (Tasgetium)
1288 487 1357 534 an-

283 595 371 643 num
402 579 631 663 regnantem
662 575 840 642 inimieie
864 574 1003 642 multi·
1034 574 1166 658 polam
1193 591 1235 640 en
1255 572 1358 640 eiri-

284 686 369 750 tate
392 684 499 750 otiis
523 681 756 749 auotoribne
777 699 861 748 eum
888 680 1183 748 iuterfecerunt.
1228 679 1358 750 omnen

283 790 442 869 meliores,
472 787 643 873 exquibus
672 787 924 871 uetera-eompta
946 789 1035 854 nunt:
1066 785 1239 854 inimicia
1272 786 1355 852 iam

283 896 440 962 multia.
484 896 546 962 Sed
567 895 694 980 quinam
714 894 957 960 interimerunt?
1007 892 1090 960 Nam
1111 891 1248 975 proxime
1268 895 1355 971 ante,

283 1002 358 1086 qnid
380 1002 483 1070 Gaoar
504 1002 622 1080 meerit,
642 1003 794 1066 narratur.
842 1001 909 1066 Neo
931 998 1119 1066 Carnutibus
1138 998 1292 1077 univerae,
1324 1000 1353 1066 ei

284 1109 353 1192 qnia
376 1127 429 1176 eon
450 1108 586 1193 intelligi
608 1107 707 1192 putat,
729 1107 846 1172 eaedem
867 1105 962 1172 tribui
983 1105 1161 1181 ostendunt
1189 1124 1257 1189 qnae
1277 1106 1354 1174 aulo·

282 1215 430 1281 iioiuntnr
463 1215 521 1293 (ud
541 1215 677 1298 plnres
698 1212 933 1298 pertinebat
964 1215 997 1278 et
1027 1210 1156 1278 deinter
1193 1231 1352 1297 qnorum

281 1339 399 1404 opere
431 1325 518 1400 eet).
561 1321 659 1386 Prare
683 1319 812 1386 dieitur:
843 1319 1022 1386 inimicia
1057 1319 1193 1386 multia
1223 1320 1353 1402 palam

283 1429 325 1494 et
343 1428 394 1493 iia
416 1427 675 1504 auctoribus,
712 1429 747 1490 ut
774 1425 833 1491 sit:
870 1443 961 1500 „enm
982 1426 1073 1492 multi
1094 1424 1213 1492 inimici
1234 1426 1354 1502 oeno,

282 1534 323 1600 iia
345 1533 552 1601 auotoribw.
596 1532 804 1598 Vitioeieeime
824 1533 897 1614 port
918 1532 1018 1598 huno
1122 1533 1352 1616 regnantem

282 1641 438 1706 abundare
477 1657 560 1705 eum
595 1638 791 1723 pernpionnm
828 1639 885 1703 ont
933 1637 1010 1702 Hno
1052 1637 1147 1722 'gitur
1188 1655 1225 1702 ex
1267 1638 1352 1704 omni

281 1747 372 1829 pate
408 1746 520 1812 ritioea
553 1748 636 1820 nunt,
660 1743 909 1826 -maniientoque
951 1761 1058 1810 verum
1094 1745 1153 1822 eat,
1195 1743 1276 1828 qnod
1316 1743 1350 1810 in

282 1851 486 1919 deterioribus
523 1851 679 1918 oodioibns
710 1849 860 1932 seriptum
892 1847 1096 1916 Schneiderno
1124 1851 1157 1916 ot
1181 1849 1352 1938 trigonius

281 1959 381 2024 oeenti
405 1960 493 2024 snut:
513 1958 672 2034 inimici,
693 1955 830 2021 multia
851 1955 983 2036 pelam
1004 1974 1047 2023 οι
1070 1956 1233 2022 ciuitate
1254 1973 1350 2022 auo-

116 2089 142 2114 ·
266 2065 451 2143 toribnn,
485 2063 793 2139 iuterfecer-nut3
829 2059 869 2126 ad
904 2061 1042 2128 multia
1082 2061 1348 2130 antummodutum

278 2172 331 2238 oet
370 2169 557 2236 iuimioin.
610 2166 700 2249 Quod
746 2167 781 2233 in
826 2159 1008 2236 melioribus
1056 2171 1130 2252 pont
1175 2167 1351 2236 oiritute

280 2276 404 2341 additor
424 2278 461 2340 et
481 2275 545 2352 iia,
581 2273 642 2340 oiri
659 2291 761 2340 errore
782 2275 884 2340 ortum
914 2277 977 2354 eat,
1013 2293 1084 2342 oum
1115 2275 1235 2342 iaetnm
1264 2275 1352 2340 eaaet

279 2381 466 2458 iuimioie,
488 2381 614 2447 euboeae
638 2379 732 2464 [mihi
753 2381 790 2446 ιιι
809 2380 952 2465 Davieio]
982 2381 1106 2448 videtur
1138 2380 1261 2446 cordia.
1303 2378 1350 2444 Ut

280 2487 332 2554 hie
373 2489 475 2554 uerior
517 2487 567 2552 eat
610 2487 749 2552 oodionm
784 2486 920 2570 alioquin
964 2487 1150 2556 deteriorum
1184 2487 1347 2569 aninum,

279 2594 325 2660 itu
359 2594 442 2662 idom
477 2593 676 2660 indicandum
711 2594 760 2658 unt
788 2595 840 2677 (ut
876 2594 902 2671 I,
937 2593 979 2658 42
1011 2596 1044 2660 et
1072 2595 1114 2674 11,
1150 2592 1346 2666 uomitum,

280 2699 318 2767 de
339 2700 547 2785 quintrionis
568 2698 644 2779 dixi)
666 2699 704 2776 V,
727 2699 767 2762 37
790 2704 845 2777 (ex
865 2700 999 2782 proelio
1030 2699 1171 2784 elapsi,
1199 2699 1255 2766 nbi
1279 2717 1347 2767 me

279 2805 372 2872 liores
393 2806 526 2890 lapsi),
547 2806 603 2884 Vl,
627 2806 665 2868 ll
689 2804 840 2888 (idque;
862 2807 947 2872 moll.
970 2807 1121 2891 itaque,
1153 2805 1234 2890 qnod
1254 2806 1348 2888 plane

283 2912 419 2978 alionum
431 2913 504 2990 eat),
523 2911 596 2986 Vll,
618 2911 656 2974 ll
682 2911 969 2996 (eontingebat,
990 2913 1074 2978 moll
1097 2911 1347 2990 continebat),

281 3017 321 3080 12
352 3017 418 3096 (nbi
455 3017 624 3082 doteriores
648 3018 820 3083 eorrumnt
849 3035 941 3084 voees
974 3018 1006 3084 in
1035 3018 1223 3095 melioribus,
1257 3015 1347 3084 oonlo

280 3123 400 3190 librarii
419 3123 460 3190 ab
482 3122 665 3206 oppidum
700 3122 740 3188 ad
766 3122 1031 3192 Nouiodunum
1052 3126 1224 3204 ιιιοπιιιιιι,
1250 3122 1346 3188 omia·

279 3247 347 3296 aaa:
390 3228 628 3314 Biturigum,
659 3229 908 3312 poeitumin
944 3231 1019 3308 via,
1052 3229 1345 3304 Noviodunum),

281 3336 323 3399 14
354 3336 507 3414 (deleri,
539 3335 624 3402 moll.
657 3335 788 3421 diligi,
824 3337 883 3403 hoo
905 3339 938 3404 et
959 3337 1098 3420 euporius
1120 3353 1139 3402 a
1160 3331 1346 3417 Nipperdeio

278 3442 459 3526 receptum),
481 3439 521 3505 35
543 3440 593 3507 bie
614 3441 716 3522 (initio
738 3441 865 3525 oapitie:
900 3460 983 3508 oum
1004 3443 1168 3525 uterque
1188 3439 1345 3522 utrique

279 3550 389 3614 earet
410 3549 601 3615 exereitus
622 3548 660 3612 iu
683 3551 910 3631 conspeetu,-
942 3547 1106 3632 fereque
1213 3545 1345 3612 taetra

278 3656 486 3739 ponerent,
514 3703 522 3722 .
546 3703 553 3722 .
577 3703 585 3720 .
614 3654 702 3719 erat
721 3654 758 3718 in
781 3655 932 3740 magula
954 3649 1096 3722 Oaeeur'i
1118 3651 1344 3718 difficulta-

279 3760 388 3827 tibna
410 3779 486 3840 rea,
508 3760 568 3827 niei
590 3760 671 3846 qnod
693 3760 889 3827 exercitui
910 3761 1066 3842 eonbitur,
1088 3779 1162 3826 taen
1183 3757 1224 3824 ad
1245 3757 1345 3822 utri-

279 3885 354 3950 que
376 3868 616 3947 uoeommodoto,
638 3866 765 3933 deinde:
795 3884 876 3933 oum
898 3867 973 3934 iam
1079 3865 1344 3933 oonieoturem

280 3979 443 4058 caperet
463 3994 518 4058 pro
541 3978 717 4058 teperet,
748 3973 827 4058 quod
848 3974 968 4039 reolum
989 3975 1082 4054 eeeet,
1103 3973 1130 4038 oi
1152 3971 1345 4058 significare·

279 4081 330 4146 tur
364 4099 413 4146 res
441 4081 552 4164 saepius
578 4081 672 4159 fecta,
703 4080 816 4147 omisso
843 4079 941 4158 iuml,
979 4078 1020 4142 44
1056 4079 1220 4158 (dorsum
1258 4094 1344 4142 eoae
