2918 4652
1120 298 1178 364 681

231 524 269 577 sq.
307 506 394 562 Codex
419 505 514 560 Nauar.
542 503 605 558 libr.
632 502 664 557 da
720 502 868 569 Subocriptia
886 500 1031 568 (ariminia)
1052 501 1102 556 196
1121 501 1208 566 (360).

230 599 316 654 benai.
352 601 379 652 ’51
422 596 454 651 de
490 597 566 652 clam.
602 597 663 652 406.
720 592 855 648 35555155
873 591 991 648 1551555
1010 593 1039 648 15
1057 594 1149 649 aratio
1167 609 1222 648 aar·

230 692 412 759 Quaestionum
429 689 594 744 naturalium
621 704 663 744 55-
787 687 852 740 vata
869 687 928 742 579.
958 667 964 686 ’

229 784 383 846 31555432
408 782 582 853 epistolarum
599 784 661 838 406.
718 777 924 833 Substantivum
946 778 976 833 in
994 783 1062 834 5551.
1082 779 1222 836 relativam

228 878 356 948 Epistola
374 877 404 930 in
422 877 501 932 nebus
515 876 587 932 fiatis
604 891 662 930 var·
787 874 931 925 retractum
950 874 1023 930 1081

229 972 330 1034 santur,
343 985 397 1024 non
406 969 436 1022 in
444 985 566 1024 verarum
574 985 662 1024 nerum
702 949 850 1032 'Sufflraira
869 967 929 1022 595.

145 1119 147 1122 ,
227 1062 550 1134 5135155511051555461.
717 1056 796 1124 Super
813 1077 903 1110 cranam
920 1059 981 1114 444.

160 1155 267 1222 Sequana
285 1172 365 1225 prave
383 1171 431 1224 pro
441 1159 530 1224 fictura
548 1158 609 1212 243.
717 1151 827 1204 Sanina
847 1150 1018 1206 intransitive
1035 1152 1097 1208 445.

83 1263 86 1267 ’
158 1249 238 1302 Serva
258 1249 367 1303 nomina
384 1264 433 1319 pro
450 1250 573 1301 55516555
589 1247 661 1320 5553
717 1244 782 1298 5155
797 1248 843 1298 555·
860 1260 914 1299 555
932 1211 1123 1315 5551255511.
1141 1247 1177 1301 33
1193 1261 1220 1300 5.

226 1341 302 1396 Varr.
322 1344 382 1398 176.
717 1336 848 1410 85115555
865 1337 1103 1404 1551555555
1118 1343 1220 1407 555555)

158 1423 265 1489 355555
283 1450 336 1489 555
355 1451 402 1504 pro
421 1405 626 1492 5555555107.
714 1431 845 1524 1,-221.
877 1411 906 1470 ',

159 1528 266 1594 Samira,
285 1531 399 1580 inservire
427 1527 460 1582 55
477 1527 616 1582 voluntata
634 1529 662 1581 et

226 1621 322 1684 studio,
342 1636 397 1674 non
414 1619 447 1673 da
465 1635 515 1673 nau
533 1622 585 1676 210
599 1637 626 1675 5.

158 1715 257 1768 servior
275 1711 417 1767 barbarum
435 1711 499 1768 379
721 1712 810 1763 Taceri
827 1711 878 1765 345
892 1726 919 1766 n.

77 1844 83 1852 ·
158 1807 209 1860 Seu
224 1847 248 1860 ..
262 1826 303 1858 555
318 1825 398 1862 ..aaa
415 1805 446 1858 in
463 1802 564 1873 protasi
581 1799 662 1858 7550
721 1804 782 1854 Tum
799 1843 823 1857 ..
841 1821 912 1870 quam
933 1803 1023 1869 Ooeaar,
1042 1803 1070 1859 h.
1088 1819 1120 1869 9.,
1139 1821 1220 1875 quam

227 1897 323 1953 omisso
341 1900 401 1954 109.
785 1893 916 1949 Casuram
934 1892 1017 1962 55551,
1036 1899 1097 1954 353.

92 2007 99 2022 ·
158 1991 190 2044 Si
214 2006 231 2044 a
257 1990 352 2045 scribis
380 1990 572 2059 transpositum
600 1991 659 2047 473.
721 1990 848 2055 Tanquam
867 2004 914 2058 pro
933 1990 1001 2044 5551.
1021 1989 1129 2044 infinita
1146 1993 1206 2047 556.

226 2085 258 2137 Si
274 2083 420 2136 51105653
437 2085 498 2140 239.
720 2082 837 2133 Tantum:
856 2082 955 2134 altemm
965 2093 991 2149 1.,
1010 2087 1059 2136 tria
1077 2095 1146 2136 tanta
1157 2085 1218 2142 286.

156 2176 255 2242 Sidera,
274 2176 301 2232 h.
319 2193 351 2241 5.,
370 2175 427 2230 dies
446 2178 497 2232 145
514 2192 542 2232 n.
652 2226 663 2244 ,Ι
719 2176 826 2226 Taurum
844 2174 993 2240 5511155511)
1012 2178 1080 2234 635..
1289 2181 1292 2187 '

156 2269 256 2336 815555
274 2273 421 2330 reinvitare,
440 2285 521 2338 praua
532 2285 580 2338 pro
599 2270 659 2322 dare
719 2269 820 2336 Teyman
838 2270 873 2324 34
890 2284 917 2323 n.

224 2362 284 2414 265.
719 2362 872 2428 2755515515
890 2373 990 2428 5555515
1008 2363 1062 2417 275
1079 2378 1104 2416 5.
1139 2397 1141 2402 ,

157 2449 502 2518 515555551151515367.
523 2452 659 2503 8155115615
719 2453 866 2504 Tartenum
885 2452 926 2506 93.

225 2542 254 2596 15
271 2541 357 2602 ironia
374 2543 445 2612 apud
465 2542 555 2597 85555.
575 2545 635 2599 452.
719 2545 860 2596 Titiensium
878 2544 938 2598 654.

156 2636 294 2703 8155515555
312 2636 372 2692 206.
719 2637 862 2688 Tolerabilis
880 2637 931 2689 551.
950 2638 991 2692 15.

157 2728 317 2798 Singularis.
373 2726 415 2782 Aa
433 2743 493 2781 eum
513 2724 546 2781 55
564 2742 659 2796 gonaro
719 2729 782 2779 Tota
799 2727 882 2781 Italia
901 2726 977 2793 (abl.)
996 2731 1056 2786 209.

224 2820 370 2874 transitum
396 2837 412 2876 a
435 2821 503 2889 plur.
536 2819 569 2874 de
604 2820 658 2874 515-
715 2819 897 2890 Tranapositio
906 2837 1030 2876 veranum
1042 2822 1112 2891 apud
1125 2827 1218 2892 555155

62 2971 63 2974 Ἰ
225 2913 297 2983 gulia
315 2915 374 2969 362.
782 2912 854 2966 15515
872 2914 915 2977 34,
939 2914 1066 2979 71,116;
1094 2915 1216 2972 hemisti-

156 3006 262 3058 Sartitar
281 3005 339 3062 218.
392 3055 394 3059 .
783 3005 902 3060 chiorum
921 3007 980 3062 122.
1028 3005 1216 3078 1155555515

157 3098 187 3150 St
214 3101 283 3163 (551)
309 3089 422 3168 corruat.
444 3100 494 3154 169
523 3101 572 3164 (ai)
600 3099 679 3164 172,’
782 3113 852 3167 pror.
871 3101 937 3154 orat.
953 3099 1061 3166 55115115
1073 3103 1132 3167 299,
1151 3104 1216 3168 302;

225 3193 283 3255 180,
320 3192 381 3256 231,
416 3192 476 3256 316,
512 3192 572 3255 400,
607 3191 659 3247 595
783 3190 867 3245 maior
894 3191 966 3262 5555
996 3192 1122 3248 8555555
1154 3198 1215 3264 355,

226 3285 293 3349 (sit).
782 3283 853 3352 5555
872 3282 990 3338 Gallium
1010 3286 1069 3342 608.

156 3373 530 3450 8151551555115152,155.
717 3377 755 3428 Ta
774 3379 863 3442 (voa),
892 3388 914 3428 ta
931 3376 1054 3432 additum
1077 3377 1107 3431 15
1131 3377 1215 3432 ultano

156 3467 236 3520 Statio
255 3466 342 3522 restit.
360 3467 422 3522 322.
644 3501 647 3506 ·
781 3467 898 3522 membro
917 3469 940 3523 7.

156 3559 304 3614 Stoicorum
314 3557 449 3612 decretum
461 3557 493 3612 da
505 3558 563 3613 vita
577 3559 659 3628 longa
718 3560 772 3624 751,
792 3563 854 3612 tueri
870 3575 922 3614 non
941 3561 1046 3630 passiva
1059 3561 1131 3632 apud
1140 3561 1213 3618 Vara.

223 3652 253 3705 51
269 3650 344 3705 bravi
363 3653 423 3707 132.
644 3707 646 3712 ,
782 3654 841 3717 172,
861 3655 921 3709 180.

154 3741 275 3812 Stropha
295 3743 386 3812 155515
403 3744 472 3798 ficta
490 3743 520 3797 in
538 3745 658 3799 veterum

223 3834 354 3905 poematia
373 3839 431 3893 110.

155 3928 206 3980 Sub
225 3944 273 3997 pro
291 3932 323 3992 ia,
345 3931 485 3998 quatenus,
504 3915 547 3986 65.
718 3929 797 3982 Vacat
814 3932 872 3982 miti
880 3934 968 3997 facere
986 3915 1046 3986 371.

156 4020 277 4074 Sabiicere
295 4037 375 4090 prave
387 4038 434 4091 pro
445 4025 551 4090 aubiqara
570 4023 658 4079 62711.
718 4025 873 4087 1755555515
892 4042 992 4074 vacuum
1010 4025 1069 4080 578.
