2938 4630
646 265 910 338 mmmm

447 461 530 528 Diris
550 480 643 546 egem
664 483 737 542 uos;
759 465 827 530 diro
849 464 1013 532 detestatio

535 569 622 636 uuile
643 569 781 654 expietur
802 569 938 638 viotimo.

346 673 449 740 Mults
480 673 595 740 frustm
620 668 798 754 moliuntur,
829 677 943 759 partim
965 675 1114 742 violenter
1135 692 1173 738 eu
1193 674 1311 740 ettreo·

247 775 361 854 tontes,
375 777 406 840 in
418 778 528 860 quibus
539 780 624 846 nullu
639 783 688 846 est
700 783 833 865 suspioio
846 783 915 850 vitii
928 783 984 848 out
995 781 1173 854 difficulter,
1188 797 1310 844 omues·

249 899 308 963 que
328 881 360 947 in
383 901 419 948 eo
441 886 554 962 errent,
577 886 658 967 quod
672 889 767 954 vicem
779 887 946 951 temmmm
967 906 1023 970 pro
1043 885 1116 952 fotis
1131 885 1310 968 fortunaque

248 985 385 1053 humano
421 988 481 1054 diei
501 1009 593 1073 posse
613 993 741 1074 putsut3
773 1012 846 1061 uum
881 993 955 1056 oioio
985 1011 1095 1058 nomen
1116 990 1197 1074 opud
1217 991 1309 1054 bonos

249 1093 414 1174 scriptores
436 1096 475 1160 ed
497 1115 591 1162 unam
606 1097 860 1178 vicissitudinem,
880 1098 1152 1182 permutationem,
1176 1096 1209 1160 iu
1230 1095 1308 1160 elius

246 1197 292 1261 rei
319 1197 491 1268 hominisve
513 1201 627 1282 looum,
658 1207 694 1270 ut
713 1205 759 1269 its
785 1204 897 1278 dicem,
932 1205 1159 1271 euuoessiouem
1179 1199 1311 1284 pertinet

248 1304 297 1382 (ut
318 1321 388 1369 oum
411 1308 539 1374 alieuius
560 1309 659 1379 vieem
680 1310 832 1384 dolemus,
852 1309 1058 1392 indignemur,
1080 1309 1138 1373 hoo
1160 1310 1223 1372 est:
1257 1323 1310 1370 um

248 1405 348 1474 seinot
361 1429 478 1496 weges,
499 1433 539 1478 an
556 1415 655 1480 seiuer
665 1413 784 1497 Stulte).
793 1416 819 1494 ¹)
851 1415 1101 1496 Iutorpuuotione
1116 1413 1200 1478 loeus
1221 1411 1310 1476 ediu-

245 1513 365 1581 ruudue
385 1519 432 1582 est
449 1519 482 1584 et
500 1518 800 1586 detrehendulittoro
811 1519 1207 1603 erprouuiuterpuuotiouo
1222 1519 1309 1584 orte:

448 1625 577 1692 Veneno
597 1644 745 1710 maguum
766 1624 814 1690 fes
836 1625 982 1708 nefasque
1003 1643 1065 1692 uou
1086 1625 1191 1690 velent

447 1732 633 1798 eonvertere.
683 1730 833 1797 Humana
853 1731 942 1812 otoo„

446 1834 521 1900 diris
542 1853 633 1920 egem
655 1855 723 1912 ros;
745 1837 812 1902 dira
832 1834 998 1902 detootutio

447 1941 533 2006 uuile
555 1941 694 2026 expietur
714 1942 856 2016 viotimm

446 2045 530 2130 quin,
552 2048 605 2112 ubi
625 2047 725 2130 perire
746 2048 848 2113 iussus
868 2047 1071 2130 exspiravere,

448 2153 613 2216 uootumus
638 2171 794 2218 ooourrom
812 2153 909 2232 tutor,
930 2154 990 2218 oet

345 2257 428 2322 Puer
467 2258 602 2340 primum
641 2259 777 2346 homene
817 2259 883 2325 vioe
927 2255 1148 2330 (meusohliohe
1184 2257 1311 2340 Vergel-

246 2363 335 2446 tung)
377 2365 408 2427 et
437 2362 571 2440 ultione,
604 2363 695 2440 diris,
727 2383 794 2446 quae
824 2383 950 2446 gravem
971 2365 1036 2430 vim
1056 2364 1327 2445 habeamusque

247 2469 364 2550 expiari
393 2471 522 2552 possint,
555 2489 588 2534 se
619 2489 727 2554 meges
755 2471 897 2536 eotumm
919 2469 1011 2548 dioit;
1042 2469 1160 2543 deiude,
1183 2488 1253 2533 oum
1276 2487 1312 2532 er

247 2573 426 2640 homiuibus
460 2575 634 2650 excesserit,
670 2575 809 2642 menium
841 2578 908 2642 iure
942 2576 976 2642 ot
994 2574 1149 2656 potestate
1175 2593 1311 2638 usurum.

249 2678 299 2756 (V.
333 2679 372 2742 75
406 2681 537 2748 fortasse
572 2683 657 2748 recte
678 2683 742 2760 elii,
778 2682 844 2760 sed,
877 2699 953 2765 quos
977 2680 1017 2746 od
1043 2698 1172 2746 menum
1204 2680 1311 2756 habeo,

249 2804 344 2867 preve
366 2790 525 2864 enarrant,
549 2788 607 2854 etsi
630 2788 778 2856 facillime
799 2788 893 2854 verbe
912 2788 986 2852 suut
1007 2788 1040 2850 et
1060 2787 1166 2868 aperte
1187 2789 1311 2852 senten·

246 2889 308 2956 tio:
332 2891 421 2966 „Non
442 2893 566 2958 usitatis
587 2895 763 2976 potionibus
784 2892 824 2958 ed
844 2908 896 2960 me
917 2909 1055 2958 recurres
1077 2909 1135 2956 neo
1154 2899 1244 2958 meus
1258 2893 1313 2956 tue

247 2995 302 3079 [ed
337 2998 402 3082 me]
438 2999 551 3064 redibit
586 3001 693 3066 voeote
724 2999 837 3064 Marsis
870 2998 1013 3075 vooibus;
1051 2995 1151 3063 meins
1193 2996 1310 3079 aliquid

249 3101 361 3167 horum
381 3105 522 3187 utroque,
555 3107 588 3171 et
618 3105 742 3170 usitatis
773 3103 947 3186 potionibus
977 3103 1010 3167 et
1031 3101 1144 3168 Marsis
1174 3102 1311 3176 uocibus,

247 3209 409 3290 perebo.“)

347 3316 403 3399 Ep.
427 3315 456 3392 8,
480 3316 515 3379 8:
716 3335 861 3382 mommo
882 3318 997 3400 putres,

582 3421 693 3504 equine
713 3423 819 3508 quoles
840 3424 944 3490 ubere.

349 3527 386 3591 In
409 3527 512 3611 quales
533 3527 722 3595 soloecismus
750 3532 798 3594 est
826 3529 909 3594 nulio
929 3525 1120 3592 ettrootiouis
1141 3525 1175 3588 et
1196 3523 1310 3590 Graeoae

250 3633 431 3700 imitationis
453 3633 583 3702 artifieio
598 3635 792 3710 erousabiiis;
813 3653 882 3698 eom
903 3633 985 3698 euim
1008 3632 1234 3698 exeusationem
1256 3629 1309 3695 ad·

253 3739 352 3804 hiberi
363 3738 462 3821 video,
477 3742 561 3807 velut
571 3761 590 3807 e
600 3741 815 3806 Ruddimeuno
825 3740 867 3817 ΙΙ,
883 3737 942 3802 391
957 3737 1081 3816 Stullb.;
1094 3737 1313 3806 oblivisountur

280 3991 301 4060 ¹)
320 3991 363 4047 Ad
381 3991 450 4046 huno
466 3989 581 4045 formem
598 3991 669 4042 roote
687 3983 827 4040 Bentleiur
844 3983 921 4056 epod.
944 3987 986 4051 1⁷,
1004 3985 1039 4040 42
1056 3982 1195 4038 restituit:
1212 3983 1312 4034 Helm

318 4125 327 4140 .
344 4125 352 4141 .
374 4125 382 4141 .
401 4088 507 4152 offiroous
524 4087 607 4138 uicem,
647 4081 747 4147 Offirodo'
763 4082 814 4132 otoo
831 4081 934 4132 otiosius
951 4091 1030 4132 nemo
1047 4077 1177 4145 antiquus
1194 4073 1275 4129 dixit.
