2924 4660
601 305 754 360 Suetonius.
1106 299 1165 364 581

148 503 238 570 AG.
262 504 412 570 Cessare
437 505 493 590 [ia
515 503 855 566 administratione
888 503 1080 565 eaeroitae
1113 499 1211 566 Ger·

146 610 297 672 manici
317 609 353 671 ia
376 610 500 673 iocum
527 607 651 692 Greia]
677 610 749 674 lici
770 610 1031 675 substitutus.

246 716 350 782 Vitell.
395 718 450 782 14:
513 716 644 781 Nullis
691 719 821 780 tamen
864 715 1059 780 infensior
1102 713 1209 798 quam

146 822 378 887 vernaculis
411 826 450 887 et
471 822 785 898 mathematicis,
818 825 858 886 ut
887 821 1056 906 quisque
1077 822 1212 887 defer-

146 931 263 1004 retur,
296 928 514 994 inauditnm
545 928 674 1010 capite
706 929 898 1010 puniebat
930 929 987 992 cet.
1040 929 1082 992 nt
1103 946 1158 1011 per
1179 945 1212 992 se

144 1033 273 1098 ridicule
294 1053 494 1116 perverseque
516 1034 672 1098 vernaculi
693 1053 763 1097 cum
779 1033 1008 1098 mathematicis
1023 1035 1212 1118 coniungun-

146 1142 197 1203 tur
217 1142 365 1223 tanquam
399 1141 489 1204 certae
511 1139 587 1203 artis
609 1138 757 1212 homiues,
782 1141 822 1217 et,
857 1159 925 1223 qnae
947 1140 1151 1205 subiiciuntur
1173 1137 1211 1202 de

145 1245 245 1310 edicto
267 1245 404 1322 Vitellii,
436 1244 620 1321 ostendunt,
657 1245 695 1308 de
728 1263 788 1309 uuo
817 1247 974 1312 hominum
1007 1264 1120 1330 genere
1151 1246 1211 1328 agi.

145 1347 309 1416 Suetonius
339 1352 516 1434 scripserat:
549 1351 591 1415 de
623 1349 890 1434 qenelbliooia
923 1353 960 1416 et
991 1351 1212 1416 mathema·

144 1457 252 1522 ticis.
319 1459 367 1535 (ln
406 1478 431 1522 c.
468 1458 507 1519 15
540 1457 801 1540 quemadmodum
834 1458 997 1522 sententiae
1031 1456 1212 1521 dirimenda

144 1566 258 1641 essent,
281 1563 343 1628 dixi
374 1566 445 1628 ante
467 1563 581 1627 multos
603 1582 699 1628 annos
723 1582 824 1646 opusc.
848 1562 932 1627 acad.
957 1562 988 1626 ll
1009 1582 1039 1645 p.
1064 1561 1094 1628 8.
1137 1562 1212 1636 Per-

144 1667 271 1735 ridicule
306 1670 371 1734 haec
401 1669 639 1752 coniunguntur:
683 1667 774 1734 Cum
804 1670 843 1734 et
874 1668 1052 1752 proelium
1087 1670 1124 1732 et
1151 1667 1213 1732 in·

145 1777 318 1842 caudium
446 1774 697 1858 prospiceret
734 1805 803 1852 ...4
844 1792 914 1838 non
957 1774 1081 1840 multo
1125 1775 1213 1857 post

144 1881 341 1963 poenitens
364 1881 463 1946 facti
567 1879 716 1946 iuravit
739 1883 812 1962 cet.)

246 1987 361 2052 Domit.
385 1987 419 2053 3:
461 1985 610 2052 Deinde
638 2006 790 2052 uxorem
813 1985 1044 2059 Domitiam,
1076 2003 1121 2048 ex
1143 2002 1215 2066 qua

144 2091 374 2157 insecundo
406 2110 474 2156 suo
508 2093 721 2158 consulatu
752 2092 881 2157 filium
916 2091 1070 2155 tulerat
1110 2087 1215 2154 alte-

144 2217 265 2280 roque
298 2216 395 2264 anno
419 2198 622 2263 consulatu
645 2198 774 2262 filium
803 2198 862 2263 vit
893 2198 1115 2281 Augustam.
1163 2196 1214 2261 Sic

145 2303 369 2380 Memmianus3
404 2308 486 2369 recte
508 2304 637 2368 Rotbius
661 2304 948 2376 consalutauit,
982 2322 1054 2368 cum
1075 2304 1137 2367 iam
1161 2301 1215 2366 alii

145 2409 394 2473 consalutare
416 2410 542 2475 subesse
563 2409 789 2473 intellexissent
819 2408 886 2487 (eir.
910 2409 948 2472 de
970 2409 1081 2474 erroris
1102 2426 1214 2491 genere

147 2512 254 2578 Senes.
278 2513 316 2578 de
339 2514 392 2578 vit.
408 2515 487 2579 beat.
511 2515 562 2591 ab,
584 2514 634 2596 4);
657 2513 711 2578 sed
734 2513 827 2578 simul
849 2533 867 2578 a
886 2513 1007 2579 Graevio
1030 2513 1214 2578 sumendum

145 2622 211 2684 erat
226 2620 433 2702 alteroque
455 2639 552 2684 anno
576 2619 712 2697 liliam,
735 2621 771 2682 ut
791 2620 992 2684 scriberetur:
1017 2637 1058 2683 ex
1082 2638 1154 2702 qua
1175 2619 1213 2683 in

145 2724 314 2790 secundo
338 2745 408 2790 sno
437 2723 645 2790 consulatu
678 2724 804 2790 filium
831 2726 980 2790 tulerat
1005 2725 1213 2807 alteroque

143 2850 242 2896 anno
264 2829 407 2909 liliam
430 2832 702 2897 consalutauit
724 2833 954 2914 Angustam.

244 3040 291 3106 lie
315 3043 591 3122 grammaticis&
614 3046 657 3107 ut
679 3045 834 3108 constet
881 3042 973 3109 ..L
998 3039 1211 3122 Apuleium

144 3148 189 3212 ab
209 3147 266 3210 ef
258 3147 335 3212 icio
359 3148 522 3214 Calvino
546 3167 625 3231 equ.
641 3148 678 3212 R.
693 3091 903 3231 praedirite
932 3145 1213 3230 quadringenis

143 3255 288 3318 annuis
311 3255 525 3320 conductos
547 3255 691 3318 multos
715 3253 904 3319 edoceret.
948 3250 1072 3316 Nam
1062 3271 1100 3315 ιιι
1126 3269 1213 3332 pro-

143 3360 300 3424 vincias
323 3379 479 3443 quoque
501 3359 758 3443 grammatica
780 3362 1060 3441 penetraverat
1086 3361 1143 3422 cet.
1177 3357 1212 3420 ln

11 3469 12 3474 ’
143 3464 207 3528 illis
230 3463 450 3530 conductos
472 3466 616 3529 multos
639 3467 750 3546 praeter
773 3463 1005 3529 conductum
1026 3464 1106 3528 latet
1126 3463 1213 3527 urbis

143 3569 340 3652 provincialis
363 3588 494 3646 nomen,
530 3570 562 3633 in
586 3589 645 3652 qua
666 3572 701 3633 ut
723 3569 855 3644 doceret,
876 3571 1024 3654 Apuleius
1046 3568 1213 3633 conductus

146 3677 205 3740 est.
250 3673 381 3739 Videtur
402 3675 512 3740 fuisse:
536 3674 780 3763 conductum,
803 3685 841 3738 at
868 3675 1011 3738 Tolosa
1034 3674 1191 3742 doceret.

244 3779 311 3843 Ibd.
344 3779 400 3844 22:
438 3780 510 3844 Hic
541 3780 658 3857 idem,
695 3799 852 3847 eumer
886 3781 1068 3846 oratione
1099 3777 1213 3841 Tibe-

144 3888 246 3957 rium
280 3885 622 3969 reprehendisset,
664 3885 893 3952 affirmante
940 3885 1053 3950 Ateio
1096 3881 1212 3966 Capi-

12 4061 13 4066 ,
143 4001 250 4067 tone,
286 3994 325 4058 et
357 4011 442 4057 esse
476 3991 579 4057 illud
615 3991 797 4056 Latinum
831 3993 883 4064 et,
926 3992 957 4056 si
990 4009 1066 4054 non
1095 3992 1244 4067 esset‚·

141 4100 314 4175 futurum
348 4099 461 4163 certe
486 4099 561 4162 iam
583 4097 924 4172 inde‚·Mentitur,
962 4097 1110 4184 inquit,
1141 4094 1212 4162 Ca-
