2956 4648
263 283 326 344 476
614 286 676 340 ιιι.
694 285 772 340 vm.
785 287 851 354 esp.
867 285 917 340 ιι.

223 484 429 560 uehentum
454 483 730 558 estViniciom‚
753 489 789 550 ut
805 483 928 568 ¹species
950 481 1120 546 meumnvi
1142 501 1211 546 cum
1233 481 1291 545 inf.

224 591 317 652 esset
372 587 490 652 Deinde
524 590 616 670 paulo
636 595 715 671 post,
734 592 786 656 ubi
806 593 840 656 in
861 589 1016 656 codicibus
1036 591 1103 652 est:
1140 589 1207 670 qui
1227 568 1292 650 iili

224 694 377 776 singula
408 695 525 759 rerba
557 695 744 772 tollenti,
778 700 961 780 tunquam
1001 693 1182 767 dictaret,
1214 712 1291 756 uon

223 800 386 876 diceret,
429 800 499 863 ait:
555 799 623 864 Die
664 821 858 886 uunquam
893 801 1019 877 dicus,
1066 805 1140 881 puto
1177 798 1290 863 fuisse:

224 905 311 981 Dic,
354 927 444 966 uum
485 907 561 967 iam
603 907 722 973 dicas.
776 909 891 992 Fingit.
934 907 987 990 qui
1028 907 1213 988 interrogat,
1255 923 1291 968 eu

223 1011 358 1085 nescire,
400 1013 503 1076 utrum
537 1013 674 1076 Vinicius
715 1013 778 1076 iam
801 1013 885 1077 dicat
919 1031 958 1076 an
992 1013 1170 1076 etiamnunc
1203 1029 1288 1074 com·

226 1119 391 1180 mentetur.

324 1222 380 1303 Ep.
401 1221 454 1298 41,
476 1221 511 1286 3:
555 1224 595 1288 Si
615 1223 689 1288 tibi
710 1223 932 1290 occurrerit
952 1223 1119 1288 vetustis
1142 1222 1291 1286 arbori-

228 1327 300 1392 bus
405 1328 586 1411 frequens
608 1331 716 1396 locus
742 1377 807 1403 ...,
841 1329 913 1392 illa
935 1329 1159 1410 proceritas
1180 1327 1291 1392 silvae

321 1433 437 1521 fidem
468 1434 544 1498 tibi
574 1435 742 1499 numinis
776 1435 890 1509 iucit;
924 1437 964 1510 et
993 1433 1026 1496 si
1048 1434 1133 1515 quis
1154 1451 1290 1513 specus

300 1539 733 1621 montemsuspenderit
751 1540 995 1612 ...‚animum
1009 1537 1290 1620 tuumquadum

226 1643 436 1725 religionis
458 1645 683 1727 suspicione
705 1646 909 1727 percutiet.
952 1645 994 1708 Et
1013 1647 1136 1726 propter
1157 1661 1292 1706 occur-

226 1749 324 1812 rerit
360 1749 453 1830 (quod
484 1769 541 1830 pro
572 1751 754 1815 occurrit
789 1770 806 1814 e
839 1771 859 1833 p
890 1752 973 1815 reete
1006 1750 1122 1831 recepit
1157 1748 1291 1812 Hessius

227 1859 352 1936 propter
383 1854 648 1938 suspenderit)
682 1860 715 1921 et
735 1859 859 1938 propter
880 1857 1076 1938 percutiet
1097 1853 1292 1920 scribendum

228 1962 276 2024 est
309 1959 456 2041 faciet,
486 1959 570 2041 quod
607 1961 680 2025 iecit
717 1961 828 2026 codicis
866 1962 997 2026 recentis
1034 1961 1192 2033 librarius,
1235 1959 1292 2024 sed

228 2065 322 2130 umal
344 2065 512 2130 tollendum
535 2072 574 2130 et
596 2067 716 2151 (pecten
746 2068 869 2150 sique.
901 2067 1016 2130 Eadem
1040 2067 1129 2146 epist.
1157 2063 1180 2150 ξ
1200 2065 1220 2126 6
1241 2083 1293 2127 re·

227 2171 400 2254 ponendum
423 2175 485 2235 est:
521 2171 632 2234 Alter
666 2173 726 2236 leo
747 2174 882 2236 aurata
908 2171 999 2236 iuba
1021 2171 1196 2236 mittitur
1222 2215 1290 2242 ...‚

226 2276 323 2340 ulter
356 2277 546 2352 incultus,
593 2279 740 2361 integri
783 2277 966 2359 spiritus:
1014 2277 1076 2340 bic
1119 2275 1291 2342 scilicet

310 2385 516 2466 praefertur
537 2384 604 2448 illi
636 2383 820 2466 languido
842 2388 881 2448 et
902 2383 1117 2448 bracteatc.
1179 2381 1287 2444 tiditur

225 2489 274 2554 bis
301 2489 427 2554 aliter.
471 2489 643 2554 Diversitas
679 2489 801 2554 leonum
823 2493 958 2566 notetur,
981 2507 1041 2553 nou
1066 2487 1218 2552 mittendi.

325 2596 382 2678 Ep.
404 2595 463 2671 42,
494 2593 530 2658 4:
563 2595 772 2660 Multorum
812 2595 1022 2660 crudelitas
1056 2597 1096 2658 et
1127 2592 1291 2658 ambitio

226 2707 264 2766 et
291 2702 468 2770 luxuria.
502 2701 546 2764 ut
577 2701 688 2782 paria
718 2701 901 2782 pessimis
934 2700 1088 2775 audeat,
1121 2700 1290 2763 fortune

225 2808 356 2872 favore
387 2806 585 2871 deficitur.
630 2804 767 2870 iisdem
800 2806 901 2870 velle
936 2805 1123 2871 subaudis
1150 2822 1288 2887 cognu-

227 2932 325 2980 sces:
355 2913 402 2974 da
433 2929 562 2992 posse.
595 2913 781 2993 quantum
808 2912 955 2976 volout.
999 2911 1051 2978 Sic
1074 2909 1219 2994 quicquid
1241 2912 1290 2973 est

227 3019 363 3084 coffinum
408 3018 557 3082 bonorum
592 3020 624 3081 et
660 3017 876 3090 tolerabilium,
921 3016 1017 3082 etiam
1054 3017 1290 3084 deterrimorum

225 3123 372 3207 plerique.
414 3123 459 3188 Er
492 3140 553 3186 uuo
587 3125 619 3186 et
649 3123 745 3187 altero
776 3122 960 3205 interpolato
989 3124 1104 3188 editur:
1147 3121 1291 3188 Eodem

226 3228 327 3294 velle
349 3245 574 3312 cognosces:
594 3225 639 3292 da
662 3231 728 3292 cet..
756 3229 836 3312 quod
857 3227 989 3294 debebat
1009 3249 1096 3294 esse:
1115 3233 1143 3291 ιι·
1163 3227 1292 3290 debeb.

226 3333 431 3417 imperativus
453 3332 491 3397 de
517 3333 724 3416 experimento
753 3335 901 3416 capiendo
934 3337 965 3400 et
986 3335 1026 3400 de
1047 3332 1222 3400 condicione
1243 3331 1292 3395 rei

225 3440 356 3506 abemus
377 3438 598 3522 consequendae
620 3439 701 3522 apud
728 3439 879 3506 Senecam
899 3443 968 3516 aot,
1003 3443 1039 3506 ut
1059 3440 1140 3523 apud
1161 3441 1292 3514 ceteros,

224 3547 418 3628 praeponitur,
452 3546 588 3612 subiecto
623 3544 726 3610 futuro
747 3544 787 3608 de
811 3548 923 3610 eventu
952 3545 1025 3621 (daz
1059 3561 1290 3627 cognoscem

227 3651 286 3727 du,
309 3653 347 3716 et
368 3659 601 3735 cognosces),
624 3650 849 3716 uutsnbiicitur
868 3652 961 3716 'verbo
990 3651 1050 3715 ris
1071 3649 1293 3731 interrogative

226 3758 325 3839 posito
348 3757 442 3836 (visi
462 3758 546 3835 fao),
568 3760 603 3820 ut
623 3775 670 3838 ep.
694 3756 744 3830 70,
767 3757 821 3818 17:
867 3755 917 3818 Vc
938 3756 1081 3818 ademeris
1102 3754 1159 3817 boe
1180 3775 1292 3837 empus

227 3861 302 3926 tiber
322 3866 403 3927 esec?
452 3861 612 3946 Tanquam
633 3861 822 3944 migraturus
842 3859 962 3934 batim
995 3861 1033 3924 de
1055 3860 1137 3925 brev.
1159 3859 1215 3924 vit.
1240 3859 1292 3934 ll,

228 3969 261 4033 l:
313 3966 364 4030 Vb
395 3968 482 4046 scire,
515 3989 609 4052 qnam
629 3988 690 4029 non
712 3967 766 4030 diu
787 3966 911 4031 cicant?
941 3967 1018 4042 vide,
1052 3987 1144 4050 quone
1168 3965 1293 4048 erepebat

226 4073 281 4135 din
301 4074 406 4136 maere.
452 4073 623 4149 (inondum
645 4091 699 4155 pro
719 4071 901 4156 imperativo
926 4073 988 4138 alia
1008 4074 1106 4138 torma
1129 4070 1293 4136 sententie
