<?xml version="1.0" encoding="UTF-8"?>
<!DOCTYPE html PUBLIC "-//W3C//DTD XHTML 1.0 Transitional//EN"
    "http://www.w3.org/TR/xhtml1/DTD/xhtml1-transitional.dtd">
<html xmlns="http://www.w3.org/1999/xhtml" xml:lang="en" lang="en">
 <head>
  <title>
</title>
<meta http-equiv="Content-Type" content="text/html;charset=utf-8" />
  <meta name='ocr-system' content='tesseract 3.04.00' />
  <meta name='ocr-capabilities' content='ocr_page ocr_carea ocr_par ocr_line ocrx_word'/>
</head>
<body>
  <div class='ocr_page' id='page_1' title='image "./adversariacriti03madvgoog/adversariacriti03madvgoog_0448.png"; bbox 0 0 2970 4648; ppageno 0'>
   <div class='ocr_carea' id='block_1_1' title="bbox 470 272 1155 344">
    <p class='ocr_par' dir='ltr' id='par_1_1' title="bbox 470 272 1155 344">
     <span class='ocr_line' id='line_1_1' title="bbox 470 272 1155 344; baseline 0.019 -18"><span class='ocrx_word' id='word_1_1' title='bbox 470 272 501 328; x_wconf 83' lang='lat' dir='ltr'><strong>L.</strong></span> <span class='ocrx_word' id='word_1_2' title='bbox 522 272 622 344; x_wconf 54' lang='lat' dir='ltr'><strong>senece</strong></span> <span class='ocrx_word' id='word_1_3' title='bbox 639 275 746 343; x_wconf 78' lang='lat' dir='ltr'><strong>questi.</strong></span> <span class='ocrx_word' id='word_1_4' title='bbox 765 276 855 330; x_wconf 75' lang='lat' dir='ltr'><strong>naim.</strong></span> <span class='ocrx_word' id='word_1_5' title='bbox 1093 274 1155 339; x_wconf 82' lang='lat'><strong>435</strong></span> 
     </span>
    </p>
   </div>
   <div class='ocr_carea' id='block_1_2' title="bbox 29 467 1217 4034">
    <p class='ocr_par' dir='ltr' id='par_1_2' title="bbox 128 467 1205 1505">
     <span class='ocr_line' id='line_1_2' title="bbox 135 467 1198 560; baseline 0.014 -34"><span class='ocrx_word' id='word_1_6' title='bbox 135 521 137 526; x_wconf 89' lang='lat'><em>.</em></span> <span class='ocrx_word' id='word_1_7' title='bbox 231 469 299 534; x_wconf 83' lang='lat' dir='ltr'><strong>lbd.</strong></span> <span class='ocrx_word' id='word_1_8' title='bbox 333 467 381 543; x_wconf 89' lang='grc'><strong>13,</strong></span> <span class='ocrx_word' id='word_1_9' title='bbox 410 468 447 532; x_wconf 78' lang='lat'><strong>2:</strong></span> <span class='ocrx_word' id='word_1_10' title='bbox 489 469 814 537; x_wconf 81' lang='lat' dir='ltr'><strong>Debentautem</strong></span> <span class='ocrx_word' id='word_1_11' title='bbox 846 473 909 538; x_wconf 84' lang='lat' dir='ltr'><strong>hee</strong></span> <span class='ocrx_word' id='word_1_12' title='bbox 942 475 1085 548; x_wconf 86' lang='lat' dir='ltr'><strong>nubes,</strong></span> <span class='ocrx_word' id='word_1_13' title='bbox 1123 497 1198 560; x_wconf 87' lang='lat' dir='ltr'><strong>quae</strong></span> 
     </span>
     <span class='ocr_line' id='line_1_3' title="bbox 128 575 1198 662; baseline 0.003 -21"><span class='ocrx_word' id='word_1_14' title='bbox 128 577 200 642; x_wconf 89' lang='lat' dir='ltr'><strong>hcc</strong></span> <span class='ocrx_word' id='word_1_15' title='bbox 235 578 447 658; x_wconf 77' lang='lat' dir='ltr'><strong>prestant,</strong></span> <span class='ocrx_word' id='word_1_16' title='bbox 481 575 612 642; x_wconf 85' lang='lat' dir='ltr'><strong>densae</strong></span> <span class='ocrx_word' id='word_1_17' title='bbox 644 595 751 655; x_wconf 88' lang='lat' dir='ltr'><strong>esse,</strong></span> <span class='ocrx_word' id='word_1_18' title='bbox 791 578 921 654; x_wconf 87' lang='lat' dir='ltr'><strong>leves,</strong></span> <span class='ocrx_word' id='word_1_19' title='bbox 956 579 1198 662; x_wconf 73' lang='lat' dir='ltr'>splendidae,</span> 
     </span>
     <span class='ocr_line' id='line_1_4' title="bbox 128 681 1200 766; baseline 0.001 -19"><span class='ocrx_word' id='word_1_20' title='bbox 128 683 250 765; x_wconf 84' lang='lat' dir='ltr'><strong>plane</strong></span> <span class='ocrx_word' id='word_1_21' title='bbox 280 683 429 746; x_wconf 82' lang='lat' dir='ltr'><strong>neturae</strong></span> <span class='ocrx_word' id='word_1_22' title='bbox 459 681 571 748; x_wconf 85' lang='lat' dir='ltr'><strong>solis.</strong></span> <span class='ocrx_word' id='word_1_23' title='bbox 615 683 722 766; x_wconf 88' lang='lat' dir='ltr'><strong>Neque</strong></span> <span class='ocrx_word' id='word_1_24' title='bbox 759 683 867 748; x_wconf 82' lang='lat' dir='ltr'><strong>Latine</strong></span> <span class='ocrx_word' id='word_1_25' title='bbox 896 683 1009 748; x_wconf 89' lang='lat' dir='ltr'><strong>dicitur</strong></span> <span class='ocrx_word' id='word_1_26' title='bbox 1049 706 1109 748; x_wconf 74' lang='lat' dir='ltr'><strong>esec</strong></span> <span class='ocrx_word' id='word_1_27' title='bbox 1143 707 1200 748; x_wconf 84' lang='lat' dir='ltr'><strong>cc-</strong></span> 
     </span>
     <span class='ocr_line' id='line_1_5' title="bbox 129 785 1202 874; baseline 0.007 -26"><span class='ocrx_word' id='word_1_28' title='bbox 129 798 207 850; x_wconf 79' lang='lat' dir='ltr'><strong>rcrae</strong></span> <span class='ocrx_word' id='word_1_29' title='bbox 227 786 315 865; x_wconf 68' lang='lat' dir='ltr'><strong>colu,</strong></span> <span class='ocrx_word' id='word_1_30' title='bbox 347 785 383 850; x_wconf 86' lang='lat' dir='ltr'><strong>ut</strong></span> <span class='ocrx_word' id='word_1_31' title='bbox 414 787 470 864; x_wconf 86' lang='lat' dir='ltr'><strong>sit,</strong></span> <span class='ocrx_word' id='word_1_32' title='bbox 506 787 661 865; x_wconf 86' lang='lat' dir='ltr'><strong>ciusdem,</strong></span> <span class='ocrx_word' id='word_1_33' title='bbox 696 791 787 874; x_wconf 83' lang='lat' dir='ltr'><strong>utque</strong></span> <span class='ocrx_word' id='word_1_34' title='bbox 818 789 863 854; x_wconf 83' lang='lat' dir='ltr'><strong>ecl</strong></span> <span class='ocrx_word' id='word_1_35' title='bbox 896 789 951 861; x_wconf 82' lang='lat' dir='ltr'><strong>sit,</strong></span> <span class='ocrx_word' id='word_1_36' title='bbox 980 793 1097 855; x_wconf 81' lang='lat' dir='ltr'><strong>naturae</strong></span> <span class='ocrx_word' id='word_1_37' title='bbox 1128 791 1202 864; x_wconf 86' lang='lat' dir='ltr'><strong>(etsi</strong></span> 
     </span>
     <span class='ocr_line' id='line_1_6' title="bbox 132 893 1201 977; baseline 0.002 -19"><span class='ocrx_word' id='word_1_38' title='bbox 132 893 247 958; x_wconf 84' lang='lat' dir='ltr'><strong>dicitur</strong></span> <span class='ocrx_word' id='word_1_39' title='bbox 270 913 330 955; x_wconf 80' lang='lat' dir='ltr'><strong>cccc</strong></span> <span class='ocrx_word' id='word_1_40' title='bbox 342 893 452 977; x_wconf 69' lang='lat' dir='ltr'><strong>flycrc</strong></span> <span class='ocrx_word' id='word_1_41' title='bbox 473 893 578 972; x_wconf 72' lang='lat' dir='ltr'><strong>ccccc),</strong></span> <span class='ocrx_word' id='word_1_42' title='bbox 600 911 700 976; x_wconf 87' lang='lat' dir='ltr'><strong>neque</strong></span> <span class='ocrx_word' id='word_1_43' title='bbox 723 895 864 976; x_wconf 84' lang='lat' dir='ltr'><strong>cuiquam</strong></span> <span class='ocrx_word' id='word_1_44' title='bbox 886 895 918 958; x_wconf 89' lang='lat' dir='ltr'><strong>in</strong></span> <span class='ocrx_word' id='word_1_45' title='bbox 940 897 1075 962; x_wconf 80' lang='lat' dir='ltr'>mentem</span> <span class='ocrx_word' id='word_1_46' title='bbox 1098 897 1201 961; x_wconf 88' lang='lat' dir='ltr'><strong>venire</strong></span> 
     </span>
     <span class='ocr_line' id='line_1_7' title="bbox 129 999 1202 1083; baseline 0.003 -20"><span class='ocrx_word' id='word_1_47' title='bbox 129 999 252 1083; x_wconf 82' lang='lat' dir='ltr'><strong>poterat</strong></span> <span class='ocrx_word' id='word_1_48' title='bbox 279 999 409 1064; x_wconf 89' lang='lat' dir='ltr'><strong>nubibus</strong></span> <span class='ocrx_word' id='word_1_49' title='bbox 441 999 516 1064; x_wconf 87' lang='lat' dir='ltr'><strong>eolis</strong></span> <span class='ocrx_word' id='word_1_50' title='bbox 538 1001 679 1064; x_wconf 79' lang='lat' dir='ltr'><strong>naturam</strong></span> <span class='ocrx_word' id='word_1_51' title='bbox 702 999 847 1067; x_wconf 83' lang='lat' dir='ltr'><strong>tribuere.</strong></span> <span class='ocrx_word' id='word_1_52' title='bbox 905 1001 973 1066; x_wconf 86' lang='lat' dir='ltr'><strong>Une</strong></span> <span class='ocrx_word' id='word_1_53' title='bbox 998 1000 1103 1066; x_wconf 83' lang='lat' dir='ltr'><strong>littera</strong></span> <span class='ocrx_word' id='word_1_54' title='bbox 1132 1022 1202 1066; x_wconf 92' lang='lat' dir='ltr'><strong>mu-</strong></span> 
     </span>
     <span class='ocr_line' id='line_1_8' title="bbox 129 1105 1202 1189; baseline 0.001 -21"><span class='ocrx_word' id='word_1_55' title='bbox 129 1105 226 1169; x_wconf 81' lang='lat' dir='ltr'><strong>tende</strong></span> <span class='ocrx_word' id='word_1_56' title='bbox 269 1107 332 1170; x_wconf 88' lang='lat' dir='ltr'><strong>est:</strong></span> <span class='ocrx_word' id='word_1_57' title='bbox 376 1105 496 1186; x_wconf 83' lang='lat' dir='ltr'><strong>plane</strong></span> <span class='ocrx_word' id='word_1_58' title='bbox 539 1113 688 1167; x_wconf 75' lang='lat' dir='ltr'><strong>cature</strong></span> <span class='ocrx_word' id='word_1_59' title='bbox 730 1106 850 1179; x_wconf 85' lang='lat' dir='ltr'><strong>solis,</strong></span> <span class='ocrx_word' id='word_1_60' title='bbox 901 1105 1051 1189; x_wconf 85' lang='lat' dir='ltr'>quomodo</span> <span class='ocrx_word' id='word_1_61' title='bbox 1097 1116 1202 1169; x_wconf 73' lang='lat' dir='ltr'><strong>satura</strong></span> 
     </span>
     <span class='ocr_line' id='line_1_9' title="bbox 144 1209 1205 1294; baseline 0.001 -21"><span class='ocrx_word' id='word_1_62' title='bbox 144 1210 239 1274; x_wconf 81' lang='lat' dir='ltr'><strong>mulio</strong></span> <span class='ocrx_word' id='word_1_63' title='bbox 263 1209 415 1294; x_wconf 73' lang='lat' dir='ltr'><strong>conchylio</strong></span> <span class='ocrx_word' id='word_1_64' title='bbox 430 1231 575 1294; x_wconf 75' lang='lat' dir='ltr'><strong><em>purpura</em></strong></span> <span class='ocrx_word' id='word_1_65' title='bbox 597 1210 708 1275; x_wconf 83' lang='lat' dir='ltr'><strong>dicitur</strong></span> <span class='ocrx_word' id='word_1_66' title='bbox 726 1211 765 1274; x_wconf 78' lang='lat' dir='ltr'><strong>ad</strong></span> <span class='ocrx_word' id='word_1_67' title='bbox 787 1211 931 1276; x_wconf 81' lang='lat' dir='ltr'>Helviam</span> <span class='ocrx_word' id='word_1_68' title='bbox 963 1212 1019 1291; x_wconf 87' lang='lat' dir='ltr'><strong>ll,</strong></span> <span class='ocrx_word' id='word_1_69' title='bbox 1055 1211 1091 1290; x_wconf 79' lang='lat'><strong>2,</strong></span> <span class='ocrx_word' id='word_1_70' title='bbox 1122 1212 1205 1276; x_wconf 87' lang='lat' dir='ltr'><strong>color</strong></span> 
     </span>
     <span class='ocr_line' id='line_1_10' title="bbox 146 1315 1201 1398; baseline 0 -20"><span class='ocrx_word' id='word_1_71' title='bbox 146 1327 218 1378; x_wconf 81' lang='lat' dir='ltr'><strong>atur</strong></span> <span class='ocrx_word' id='word_1_72' title='bbox 262 1317 343 1398; x_wconf 84' lang='lat' dir='ltr'><strong>apud</strong></span> <span class='ocrx_word' id='word_1_73' title='bbox 386 1316 539 1394; x_wconf 87' lang='lat' dir='ltr'><strong>Plinium,</strong></span> <span class='ocrx_word' id='word_1_74' title='bbox 588 1315 791 1398; x_wconf 76' lang='lat' dir='ltr'><strong>similiterque</strong></span> <span class='ocrx_word' id='word_1_75' title='bbox 833 1317 969 1378; x_wconf 78' lang='lat' dir='ltr'><strong>saturari</strong></span> <span class='ocrx_word' id='word_1_76' title='bbox 1010 1319 1041 1381; x_wconf 78' lang='lat' dir='ltr'><strong>ei</strong></span> <span class='ocrx_word' id='word_1_77' title='bbox 1084 1317 1201 1379; x_wconf 77' lang='lat' dir='ltr'><strong>satiari.</strong></span> 
     </span>
     <span class='ocr_line' id='line_1_11' title="bbox 131 1419 1025 1505; baseline -0.004 -17"><span class='ocrx_word' id='word_1_78' title='bbox 131 1421 468 1505; x_wconf 81' lang='lat' dir='ltr'><strong>(Sennengcsaettigt.)</strong></span> <span class='ocrx_word' id='word_1_79' title='bbox 1023 1419 1025 1423; x_wconf 78' lang='grc'><strong>’</strong></span> 
     </span>
    </p>

    <p class='ocr_par' dir='ltr' id='par_1_3' title="bbox 128 1510 1205 2139">
     <span class='ocr_line' id='line_1_12' title="bbox 231 1510 1202 1608; baseline 0.001 -18"><span class='ocrx_word' id='word_1_80' title='bbox 231 1527 297 1592; x_wconf 83' lang='lat' dir='ltr'><strong>Ibd.</strong></span> <span class='ocrx_word' id='word_1_81' title='bbox 322 1527 371 1606; x_wconf 88' lang='grc'><strong>16,</strong></span> <span class='ocrx_word' id='word_1_82' title='bbox 393 1527 430 1589; x_wconf 91' lang='lat'><strong>3:</strong></span> <span class='ocrx_word' id='word_1_83' title='bbox 455 1528 494 1591; x_wconf 84' lang='lat' dir='ltr'><strong>ct</strong></span> <span class='ocrx_word' id='word_1_84' title='bbox 517 1545 599 1608; x_wconf 86' lang='lat' dir='ltr'><strong>quae</strong></span> <span class='ocrx_word' id='word_1_85' title='bbox 621 1529 782 1592; x_wconf 83' lang='lat' dir='ltr'><strong>secreta</strong></span> <span class='ocrx_word' id='word_1_86' title='bbox 810 1510 962 1608; x_wconf 77' lang='lat' dir='ltr'><strong>queque</strong></span> <span class='ocrx_word' id='word_1_87' title='bbox 985 1525 1202 1591; x_wconf 86' lang='lat' dir='ltr'><strong>conscien-</strong></span> 
     </span>
     <span class='ocr_line' id='line_1_13' title="bbox 128 1629 1205 1715; baseline -0.002 -16"><span class='ocrx_word' id='word_1_88' title='bbox 128 1635 226 1699; x_wconf 81' lang='lat' dir='ltr'><strong>tiam</strong></span> <span class='ocrx_word' id='word_1_89' title='bbox 249 1633 436 1715; x_wconf 89' lang='lat' dir='ltr'><strong>premunt</strong></span> <span class='ocrx_word' id='word_1_90' title='bbox 474 1629 513 1696; x_wconf 91' lang='lat' dir='ltr'><strong>et</strong></span> <span class='ocrx_word' id='word_1_91' title='bbox 544 1651 707 1715; x_wconf 74' lang='lat' dir='ltr'><strong>queque</strong></span> <span class='ocrx_word' id='word_1_92' title='bbox 747 1651 791 1696; x_wconf 88' lang='lat' dir='ltr'><strong>ac</strong></span> <span class='ocrx_word' id='word_1_93' title='bbox 824 1632 904 1696; x_wconf 90' lang='lat' dir='ltr'><strong>sibi</strong></span> <span class='ocrx_word' id='word_1_94' title='bbox 943 1634 1113 1715; x_wconf 86' lang='lat' dir='ltr'><strong>quisque</strong></span> <span class='ocrx_word' id='word_1_95' title='bbox 1143 1633 1205 1697; x_wconf 85' lang='lat' dir='ltr'><strong>fe-</strong></span> 
     </span>
     <span class='ocr_line' id='line_1_14' title="bbox 130 1737 1202 1821; baseline -0.007 -17"><span class='ocrx_word' id='word_1_96' title='bbox 130 1741 237 1804; x_wconf 83' lang='lat' dir='ltr'><strong>cisse</strong></span> <span class='ocrx_word' id='word_1_97' title='bbox 270 1739 476 1820; x_wconf 78' lang='lat' dir='ltr'><strong>senegai,</strong></span> <span class='ocrx_word' id='word_1_98' title='bbox 509 1785 517 1801; x_wconf 90' lang='lat'>.</span> <span class='ocrx_word' id='word_1_99' title='bbox 546 1737 650 1802; x_wconf 86' lang='lat' dir='ltr'><strong>..iu</strong></span> <span class='ocrx_word' id='word_1_100' title='bbox 684 1737 826 1802; x_wconf 86' lang='lat' dir='ltr'><strong>oculos</strong></span> <span class='ocrx_word' id='word_1_101' title='bbox 861 1755 953 1802; x_wconf 85' lang='lat' dir='ltr'><strong>suos</strong></span> <span class='ocrx_word' id='word_1_102' title='bbox 980 1738 1202 1821; x_wconf 85' lang='lat' dir='ltr'><strong>ingereret.</strong></span> 
     </span>
     <span class='ocr_line' id='line_1_15' title="bbox 129 1837 1203 1928; baseline 0 -19"><span class='ocrx_word' id='word_1_103' title='bbox 129 1845 181 1910; x_wconf 82' lang='lat' dir='ltr'><strong>Sic</strong></span> <span class='ocrx_word' id='word_1_104' title='bbox 217 1845 252 1908; x_wconf 78' lang='lat' dir='ltr'><strong>li.</strong></span> <span class='ocrx_word' id='word_1_105' title='bbox 302 1843 459 1909; x_wconf 65' lang='lat' dir='ltr'><strong>efficitur:</strong></span> <span class='ocrx_word' id='word_1_106' title='bbox 503 1845 543 1908; x_wconf 83' lang='lat' dir='ltr'><strong>et</strong></span> <span class='ocrx_word' id='word_1_107' title='bbox 579 1865 679 1927; x_wconf 70' lang='lat' dir='ltr'><strong>quur,</strong></span> <span class='ocrx_word' id='word_1_108' title='bbox 724 1843 791 1928; x_wconf 84' lang='lat' dir='ltr'><strong>qui</strong></span> <span class='ocrx_word' id='word_1_109' title='bbox 824 1837 942 1926; x_wconf 76' lang='lat' dir='ltr'><strong>facit</strong></span> <span class='ocrx_word' id='word_1_110' title='bbox 969 1844 1084 1923; x_wconf 79' lang='lat' dir='ltr'><strong>(EAG),</strong></span> <span class='ocrx_word' id='word_1_111' title='bbox 1121 1845 1203 1910; x_wconf 87' lang='lat' dir='ltr'><strong>sibi</strong></span> 
     </span>
     <span class='ocr_line' id='line_1_16' title="bbox 131 1949 1205 2034; baseline 0.001 -20"><span class='ocrx_word' id='word_1_112' title='bbox 131 1951 301 2034; x_wconf 88' lang='lat' dir='ltr'><strong>quisque</strong></span> <span class='ocrx_word' id='word_1_113' title='bbox 331 1949 480 2014; x_wconf 86' lang='lat' dir='ltr'><strong>fecisse</strong></span> <span class='ocrx_word' id='word_1_114' title='bbox 512 1967 553 2014; x_wconf 87' lang='lat' dir='ltr'><strong>ee</strong></span> <span class='ocrx_word' id='word_1_115' title='bbox 575 1950 713 2032; x_wconf 85' lang='lat' dir='ltr'><strong>negat,</strong></span> <span class='ocrx_word' id='word_1_116' title='bbox 837 1951 877 2014; x_wconf 91' lang='lat' dir='ltr'><strong>in</strong></span> <span class='ocrx_word' id='word_1_117' title='bbox 901 1969 928 2014; x_wconf 90' lang='lat'><strong>0.</strong></span> <span class='ocrx_word' id='word_1_118' title='bbox 951 1970 974 2014; x_wconf 88' lang='lat' dir='ltr'><strong>s.</strong></span> <span class='ocrx_word' id='word_1_119' title='bbox 997 1951 1205 2033; x_wconf 86' lang='lat' dir='ltr'><strong>ingereret</strong></span> 
     </span>
     <span class='ocr_line' id='line_1_17' title="bbox 133 2055 1204 2139; baseline 0 -19"><span class='ocrx_word' id='word_1_120' title='bbox 133 2059 211 2133; x_wconf 85' lang='lat' dir='ltr'><strong>(tam</strong></span> <span class='ocrx_word' id='word_1_121' title='bbox 248 2055 347 2132; x_wconf 80' lang='lat' dir='ltr'><strong>feda,</strong></span> <span class='ocrx_word' id='word_1_122' title='bbox 388 2058 441 2132; x_wconf 84' lang='lat' dir='ltr'><strong>ut,</strong></span> <span class='ocrx_word' id='word_1_123' title='bbox 486 2055 539 2137; x_wconf 90' lang='lat' dir='ltr'><strong>qui</strong></span> <span class='ocrx_word' id='word_1_124' title='bbox 576 2073 613 2119; x_wconf 84' lang='lat' dir='ltr'><strong>ea</strong></span> <span class='ocrx_word' id='word_1_125' title='bbox 661 2055 749 2130; x_wconf 84' lang='lat' dir='ltr'><strong>tacit,</strong></span> <span class='ocrx_word' id='word_1_126' title='bbox 787 2060 892 2120; x_wconf 81' lang='lat' dir='ltr'><strong>tamen</strong></span> <span class='ocrx_word' id='word_1_127' title='bbox 929 2055 990 2119; x_wconf 90' lang='lat' dir='ltr'><strong>sibi</strong></span> <span class='ocrx_word' id='word_1_128' title='bbox 1024 2059 1133 2139; x_wconf 83' lang='lat' dir='ltr'><strong>neget,</strong></span> <span class='ocrx_word' id='word_1_129' title='bbox 1171 2075 1204 2120; x_wconf 88' lang='lat' dir='ltr'><strong>se</strong></span> 
     </span>
    </p>

    <p class='ocr_par' dir='ltr' id='par_1_4' title="bbox 132 2163 269 2239">
     <span class='ocr_line' id='line_1_18' title="bbox 132 2163 269 2239; baseline 0 -13"><span class='ocrx_word' id='word_1_130' title='bbox 132 2163 269 2239; x_wconf 82' lang='lat' dir='ltr'><strong>fecisse).</strong></span> 
     </span>
    </p>

    <p class='ocr_par' dir='ltr' id='par_1_5' title="bbox 29 2263 1217 3824">
     <span class='ocr_line' id='line_1_19' title="bbox 29 2263 1204 2345; baseline 0.001 -15"><span class='ocrx_word' id='word_1_131' title='bbox 29 2265 31 2268; x_wconf 78' lang='grc'><strong>’</strong></span> <span class='ocrx_word' id='word_1_132' title='bbox 233 2267 301 2332; x_wconf 88' lang='lat' dir='ltr'><strong>Ibd.</strong></span> <span class='ocrx_word' id='word_1_133' title='bbox 326 2266 436 2343; x_wconf 79' lang='lat'>17‚2:</span> <span class='ocrx_word' id='word_1_134' title='bbox 482 2263 659 2330; x_wconf 84' lang='lat' dir='ltr'><strong>Inuulla</strong></span> <span class='ocrx_word' id='word_1_135' title='bbox 688 2266 825 2330; x_wconf 86' lang='lat' dir='ltr'><strong>reillu</strong></span> <span class='ocrx_word' id='word_1_136' title='bbox 848 2269 964 2343; x_wconf 78' lang='lat' dir='ltr'><strong>(rerum</strong></span> <span class='ocrx_word' id='word_1_137' title='bbox 988 2268 1204 2345; x_wconf 83' lang='lat' dir='ltr'><strong>natura)ne-</strong></span> 
     </span>
     <span class='ocr_line' id='line_1_20' title="bbox 133 2371 1208 2468; baseline -0.001 -32"><span class='ocrx_word' id='word_1_138' title='bbox 133 2374 283 2468; x_wconf 59' lang='lat' dir='ltr'><strong>getium</strong></span> <span class='ocrx_word' id='word_1_139' title='bbox 306 2371 471 2436; x_wconf 86' lang='lat' dir='ltr'><strong>luxuriae</strong></span> <span class='ocrx_word' id='word_1_140' title='bbox 506 2371 720 2436; x_wconf 87' lang='lat' dir='ltr'><strong>concessit.</strong></span> <span class='ocrx_word' id='word_1_141' title='bbox 777 2371 857 2448; x_wconf 80' lang='lat' dir='ltr'><strong>Quid</strong></span> <span class='ocrx_word' id='word_1_142' title='bbox 880 2372 922 2437; x_wconf 84' lang='lat' dir='ltr'><strong>sit</strong></span> <span class='ocrx_word' id='word_1_143' title='bbox 942 2371 1097 2455; x_wconf 69' lang='lat' dir='ltr'><strong>ceycticm</strong></span> <span class='ocrx_word' id='word_1_144' title='bbox 1119 2372 1208 2435; x_wconf 69' lang='lat' dir='ltr'><strong>iccir-</strong></span> 
     </span>
     <span class='ocr_line' id='line_1_21' title="bbox 133 2475 1207 2561; baseline 0.004 -21"><span class='ocrx_word' id='word_1_145' title='bbox 133 2480 190 2540; x_wconf 81' lang='lat' dir='ltr'><strong>ricc</strong></span> <span class='ocrx_word' id='word_1_146' title='bbox 220 2480 286 2550; x_wconf 78' lang='lat' dir='ltr'><strong>(aut</strong></span> <span class='ocrx_word' id='word_1_147' title='bbox 314 2475 437 2542; x_wconf 89' lang='lat' dir='ltr'><strong>cmninc</strong></span> <span class='ocrx_word' id='word_1_148' title='bbox 466 2477 573 2560; x_wconf 84' lang='lat' dir='ltr'><strong>alicui)</strong></span> <span class='ocrx_word' id='word_1_149' title='bbox 609 2475 777 2554; x_wconf 75' lang='lat' dir='ltr'><em>concedere,</em></span> <span class='ocrx_word' id='word_1_150' title='bbox 801 2495 927 2558; x_wconf 87' lang='lat' dir='ltr'><strong>prorsus</strong></span> <span class='ocrx_word' id='word_1_151' title='bbox 960 2495 1020 2542; x_wconf 88' lang='lat' dir='ltr'><strong>non</strong></span> <span class='ocrx_word' id='word_1_152' title='bbox 1053 2478 1207 2561; x_wconf 83' lang='lat' dir='ltr'><strong>intelligo;</strong></span> 
     </span>
     <span class='ocr_line' id='line_1_22' title="bbox 135 2581 1205 2668; baseline -0.005 -18"><span class='ocrx_word' id='word_1_153' title='bbox 135 2585 320 2668; x_wconf 73' lang='lat' dir='ltr'><strong>intelligam,</strong></span> <span class='ocrx_word' id='word_1_154' title='bbox 343 2583 369 2648; x_wconf 86' lang='lat' dir='ltr'><strong>si</strong></span> <span class='ocrx_word' id='word_1_155' title='bbox 391 2582 436 2647; x_wconf 87' lang='lat' dir='ltr'><strong>sic</strong></span> <span class='ocrx_word' id='word_1_156' title='bbox 458 2581 625 2648; x_wconf 75' lang='lat' dir='ltr'><strong>scribetur:</strong></span> <span class='ocrx_word' id='word_1_157' title='bbox 658 2583 863 2665; x_wconf 86' lang='lat' dir='ltr'><strong>negotium</strong></span> <span class='ocrx_word' id='word_1_158' title='bbox 886 2582 1055 2647; x_wconf 75' lang='lat' dir='ltr'><strong>luxuriae</strong></span> <span class='ocrx_word' id='word_1_159' title='bbox 1076 2585 1205 2665; x_wconf 63' lang='lat' dir='ltr'><strong>cessit,</strong></span> 
     </span>
     <span class='ocr_line' id='line_1_23' title="bbox 134 2689 1208 2770; baseline -0.001 -14"><span class='ocrx_word' id='word_1_160' title='bbox 134 2692 194 2756; x_wconf 89' lang='lat' dir='ltr'><strong>hoc</strong></span> <span class='ocrx_word' id='word_1_161' title='bbox 226 2689 290 2763; x_wconf 88' lang='lat' dir='ltr'><strong>est,</strong></span> <span class='ocrx_word' id='word_1_162' title='bbox 323 2689 388 2754; x_wconf 88' lang='lat' dir='ltr'><strong>eius</strong></span> <span class='ocrx_word' id='word_1_163' title='bbox 422 2707 515 2753; x_wconf 81' lang='lat' dir='ltr'><strong>cause</strong></span> <span class='ocrx_word' id='word_1_164' title='bbox 547 2690 579 2752; x_wconf 90' lang='lat' dir='ltr'><strong>et</strong></span> <span class='ocrx_word' id='word_1_165' title='bbox 609 2689 641 2753; x_wconf 90' lang='lat' dir='ltr'><strong>in</strong></span> <span class='ocrx_word' id='word_1_166' title='bbox 672 2689 737 2753; x_wconf 90' lang='lat' dir='ltr'><strong>eius</strong></span> <span class='ocrx_word' id='word_1_167' title='bbox 767 2707 857 2758; x_wconf 89' lang='lat' dir='ltr'><strong>usum</strong></span> <span class='ocrx_word' id='word_1_168' title='bbox 888 2689 1036 2770; x_wconf 80' lang='lat' dir='ltr'>tanquam</span> <span class='ocrx_word' id='word_1_169' title='bbox 1067 2689 1208 2755; x_wconf 83' lang='lat' dir='ltr'><strong>ministre</strong></span> 
     </span>
     <span class='ocr_line' id='line_1_24' title="bbox 134 2793 1207 2872; baseline -0.003 -12"><span class='ocrx_word' id='word_1_170' title='bbox 134 2795 296 2860; x_wconf 80' lang='lat' dir='ltr'><strong>laboravit.</strong></span> <span class='ocrx_word' id='word_1_171' title='bbox 340 2793 486 2857; x_wconf 85' lang='lat' dir='ltr'><strong>Primum¹</strong></span> <span class='ocrx_word' id='word_1_172' title='bbox 508 2795 649 2872; x_wconf 80' lang='lat' dir='ltr'><strong>cessit,</strong></span> <span class='ocrx_word' id='word_1_173' title='bbox 686 2797 754 2860; x_wconf 89' lang='lat' dir='ltr'><strong>tum</strong></span> <span class='ocrx_word' id='word_1_174' title='bbox 786 2793 990 2857; x_wconf 87' lang='lat' dir='ltr'><strong>concessit</strong></span> <span class='ocrx_word' id='word_1_175' title='bbox 1012 2793 1128 2858; x_wconf 85' lang='lat' dir='ltr'><strong>factum</strong></span> <span class='ocrx_word' id='word_1_176' title='bbox 1151 2799 1207 2861; x_wconf 86' lang='lat' dir='ltr'><strong>est.</strong></span> 
     </span>
     <span class='ocr_line' id='line_1_25' title="bbox 136 2885 1207 2982; baseline 0 -16"><span class='ocrx_word' id='word_1_177' title='bbox 136 2901 255 2966; x_wconf 82' lang='lat' dir='ltr'>Eodem</span> <span class='ocrx_word' id='word_1_178' title='bbox 285 2917 353 2980; x_wconf 84' lang='lat' dir='ltr'><strong>cap.</strong></span> <span class='ocrx_word' id='word_1_179' title='bbox 385 2899 402 2980; x_wconf 60' lang='grc' dir='ltr'>ᾗ</span> <span class='ocrx_word' id='word_1_180' title='bbox 432 2898 452 2960; x_wconf 89' lang='grc'>8</span> <span class='ocrx_word' id='word_1_181' title='bbox 478 2916 532 2982; x_wconf 88' lang='lat' dir='ltr'><strong>pro</strong></span> <span class='ocrx_word' id='word_1_182' title='bbox 562 2917 612 2975; x_wconf 87' lang='lat' dir='ltr'><strong>eo,</strong></span> <span class='ocrx_word' id='word_1_183' title='bbox 642 2885 721 2982; x_wconf 81' lang='lat' dir='ltr'><strong>qued</strong></span> <span class='ocrx_word' id='word_1_184' title='bbox 749 2898 781 2962; x_wconf 89' lang='lat' dir='ltr'><strong>in</strong></span> <span class='ocrx_word' id='word_1_185' title='bbox 811 2898 989 2963; x_wconf 88' lang='lat' dir='ltr'><strong>melioribus</strong></span> <span class='ocrx_word' id='word_1_186' title='bbox 1021 2899 1106 2962; x_wconf 88' lang='lat' dir='ltr'><strong>codd.</strong></span> <span class='ocrx_word' id='word_1_187' title='bbox 1144 2903 1207 2966; x_wconf 87' lang='lat' dir='ltr'><strong>est:</strong></span> 
     </span>
     <span class='ocr_line' id='line_1_26' title="bbox 137 3003 1217 3086; baseline 0.001 -14"><span class='ocrx_word' id='word_1_188' title='bbox 137 3025 230 3072; x_wconf 83' lang='lat' dir='ltr'><strong>curo</strong></span> <span class='ocrx_word' id='word_1_189' title='bbox 270 3005 440 3069; x_wconf 87' lang='lat' dir='ltr'><strong>inditum</strong></span> <span class='ocrx_word' id='word_1_190' title='bbox 474 3005 681 3086; x_wconf 87' lang='lat' dir='ltr'><strong>speculum</strong></span> <span class='ocrx_word' id='word_1_191' title='bbox 725 3003 919 3069; x_wconf 87' lang='lat' dir='ltr'><strong>scribendum</strong></span> <span class='ocrx_word' id='word_1_192' title='bbox 956 3003 1076 3086; x_wconf 79' lang='lat' dir='ltr'><strong>opinor:</strong></span> <span class='ocrx_word' id='word_1_193' title='bbox 1118 3005 1217 3073; x_wconf 78' lang='lat' dir='ltr'><strong>curc&#39;</strong></span> 
     </span>
     <span class='ocr_line' id='line_1_27' title="bbox 137 3109 1208 3177; baseline 0.003 -3"><span class='ocrx_word' id='word_1_194' title='bbox 137 3112 306 3174; x_wconf 76' lang='lat' dir='ltr'><strong>inlitum.</strong></span> <span class='ocrx_word' id='word_1_195' title='bbox 350 3109 430 3173; x_wconf 85' lang='lat' dir='ltr'><strong>Tum</strong></span> <span class='ocrx_word' id='word_1_196' title='bbox 453 3111 665 3176; x_wconf 88' lang='lat' dir='ltr'><strong>scribendum:</strong></span> <span class='ocrx_word' id='word_1_197' title='bbox 687 3130 760 3176; x_wconf 86' lang='lat' dir='ltr'><strong>non</strong></span> <span class='ocrx_word' id='word_1_198' title='bbox 783 3109 952 3171; x_wconf 75' lang='lat' dir='ltr'><strong>dedisset</strong></span> <span class='ocrx_word' id='word_1_199' title='bbox 972 3109 1062 3175; x_wconf 87' lang='lat' dir='ltr'><strong>illis</strong></span> <span class='ocrx_word' id='word_1_200' title='bbox 1087 3129 1208 3177; x_wconf 84' lang='lat' dir='ltr'><strong>senu-</strong></span> 
     </span>
     <span class='ocr_line' id='line_1_28' title="bbox 138 3215 1211 3298; baseline 0.003 -18"><span class='ocrx_word' id='word_1_201' title='bbox 138 3219 203 3281; x_wconf 86' lang='lat' dir='ltr'><strong>tus</strong></span> <span class='ocrx_word' id='word_1_202' title='bbox 237 3215 362 3280; x_wconf 87' lang='lat' dir='ltr'><strong>dotem</strong></span> <span class='ocrx_word' id='word_1_203' title='bbox 396 3233 449 3296; x_wconf 85' lang='lat' dir='ltr'><strong>pro</strong></span> <span class='ocrx_word' id='word_1_204' title='bbox 480 3215 665 3292; x_wconf 81' lang='lat' dir='ltr'><strong>fecisset,</strong></span> <span class='ocrx_word' id='word_1_205' title='bbox 709 3215 790 3298; x_wconf 83' lang='lat' dir='ltr'><strong>quod</strong></span> <span class='ocrx_word' id='word_1_206' title='bbox 822 3233 858 3279; x_wconf 82' lang='lat' dir='ltr'><strong>ex</strong></span> <span class='ocrx_word' id='word_1_207' title='bbox 891 3216 1078 3297; x_wconf 75' lang='lat' dir='ltr'><strong>precedenti</strong></span> <span class='ocrx_word' id='word_1_208' title='bbox 1108 3218 1211 3283; x_wconf 86' lang='lat' dir='ltr'><strong>fecit</strong></span> 
     </span>
     <span class='ocr_line' id='line_1_29' title="bbox 138 3319 1211 3405; baseline 0.001 -19"><span class='ocrx_word' id='word_1_209' title='bbox 138 3324 247 3386; x_wconf 84' lang='lat' dir='ltr'><strong>natum</strong></span> <span class='ocrx_word' id='word_1_210' title='bbox 271 3322 327 3384; x_wconf 87' lang='lat' dir='ltr'><strong>est.</strong></span> <span class='ocrx_word' id='word_1_211' title='bbox 370 3319 429 3396; x_wconf 87' lang='lat' dir='ltr'><strong>(Ne</strong></span> <span class='ocrx_word' id='word_1_212' title='bbox 461 3320 716 3385; x_wconf 83' lang='lat' dir='ltr'><strong>confecisset</strong></span> <span class='ocrx_word' id='word_1_213' title='bbox 747 3320 870 3403; x_wconf 89' lang='lat' dir='ltr'><strong>quidem</strong></span> <span class='ocrx_word' id='word_1_214' title='bbox 894 3321 1000 3400; x_wconf 87' lang='lat' dir='ltr'><strong>aptum</strong></span> <span class='ocrx_word' id='word_1_215' title='bbox 1022 3326 1118 3398; x_wconf 83' lang='lat' dir='ltr'><strong>esset,</strong></span> <span class='ocrx_word' id='word_1_216' title='bbox 1140 3324 1211 3405; x_wconf 84' lang='lat' dir='ltr'><strong>quia</strong></span> 
     </span>
     <span class='ocr_line' id='line_1_30' title="bbox 139 3425 1212 3511; baseline 0 -19"><span class='ocrx_word' id='word_1_217' title='bbox 139 3425 261 3492; x_wconf 79' lang='lat' dir='ltr'><strong>senatui</strong></span> <span class='ocrx_word' id='word_1_218' title='bbox 295 3425 349 3489; x_wconf 80' lang='lat' dir='ltr'><strong>dos</strong></span> <span class='ocrx_word' id='word_1_219' title='bbox 381 3444 440 3489; x_wconf 88' lang='lat' dir='ltr'><strong>non</strong></span> <span class='ocrx_word' id='word_1_220' title='bbox 472 3425 680 3508; x_wconf 76' lang='lat' dir='ltr'><strong>conquirenda</strong></span> <span class='ocrx_word' id='word_1_221' title='bbox 701 3426 733 3489; x_wconf 81' lang='lat' dir='ltr'><strong>et</strong></span> <span class='ocrx_word' id='word_1_222' title='bbox 762 3425 900 3507; x_wconf 79' lang='lat' dir='ltr'><strong>paranda</strong></span> <span class='ocrx_word' id='word_1_223' title='bbox 921 3426 1011 3500; x_wconf 86' lang='lat' dir='ltr'><strong>erat.)</strong></span> <span class='ocrx_word' id='word_1_224' title='bbox 1061 3426 1126 3511; x_wconf 85' lang='lat' dir='ltr'><strong>[Sic</strong></span> <span class='ocrx_word' id='word_1_225' title='bbox 1147 3429 1212 3491; x_wconf 82' lang='lat' dir='ltr'><strong>iam</strong></span> 
     </span>
     <span class='ocr_line' id='line_1_31' title="bbox 141 3529 1210 3613; baseline 0.002 -19"><span class='ocrx_word' id='word_1_226' title='bbox 141 3531 253 3613; x_wconf 82' lang='lat' dir='ltr'><strong>aliquis</strong></span> <span class='ocrx_word' id='word_1_227' title='bbox 287 3531 366 3612; x_wconf 83' lang='lat' dir='ltr'><strong>apud</strong></span> <span class='ocrx_word' id='word_1_228' title='bbox 391 3530 582 3610; x_wconf 76' lang='lat' dir='ltr'><strong>Gruterum]</strong></span> <span class='ocrx_word' id='word_1_229' title='bbox 637 3530 796 3595; x_wconf 85' lang='lat' dir='ltr'><strong>Postremo</strong></span> <span class='ocrx_word' id='word_1_230' title='bbox 829 3529 846 3612; x_wconf 67' lang='grc' dir='ltr'>ξ</span> <span class='ocrx_word' id='word_1_231' title='bbox 880 3529 916 3607; x_wconf 84' lang='lat'><strong>9,</strong></span> <span class='ocrx_word' id='word_1_232' title='bbox 951 3531 1003 3594; x_wconf 89' lang='lat' dir='ltr'><strong>ubi</strong></span> <span class='ocrx_word' id='word_1_233' title='bbox 1029 3531 1060 3594; x_wconf 90' lang='lat' dir='ltr'><strong>in</strong></span> <span class='ocrx_word' id='word_1_234' title='bbox 1090 3531 1115 3594; x_wconf 78' lang='lat' dir='ltr'><strong>F}</strong></span> <span class='ocrx_word' id='word_1_235' title='bbox 1146 3537 1210 3596; x_wconf 87' lang='lat' dir='ltr'><strong>est:</strong></span> 
     </span>
     <span class='ocr_line' id='line_1_32' title="bbox 139 3635 1212 3719; baseline -0.001 -17"><span class='ocrx_word' id='word_1_236' title='bbox 139 3637 320 3710; x_wconf 76' lang='lat' dir='ltr'><strong>iliados,</strong></span> <span class='ocrx_word' id='word_1_237' title='bbox 358 3653 471 3719; x_wconf 83' lang='lat' dir='ltr'><strong>quum</strong></span> <span class='ocrx_word' id='word_1_238' title='bbox 501 3635 615 3700; x_wconf 84' lang='lat' dir='ltr'><strong>dedit</strong></span> <span class='ocrx_word' id='word_1_239' title='bbox 651 3637 817 3700; x_wconf 84' lang='lat' dir='ltr'><strong>senatus</strong></span> <span class='ocrx_word' id='word_1_240' title='bbox 849 3653 919 3717; x_wconf 83' lang='lat' dir='ltr'><strong>pro</strong></span> <span class='ocrx_word' id='word_1_241' title='bbox 951 3645 1013 3699; x_wconf 76' lang='lat' dir='ltr'><strong>aio</strong></span> <span class='ocrx_word' id='word_1_242' title='bbox 1045 3655 1102 3713; x_wconf 84' lang='lat' dir='ltr'><strong>se,</strong></span> <span class='ocrx_word' id='word_1_243' title='bbox 1137 3638 1212 3702; x_wconf 87' lang='lat' dir='ltr'><strong>scri-</strong></span> 
     </span>
     <span class='ocr_line' id='line_1_33' title="bbox 140 3739 1145 3824; baseline -0.002 -16"><span class='ocrx_word' id='word_1_244' title='bbox 140 3743 277 3808; x_wconf 83' lang='lat' dir='ltr'><strong>bendum</strong></span> <span class='ocrx_word' id='word_1_245' title='bbox 311 3741 446 3806; x_wconf 83' lang='lat' dir='ltr'><strong>videtur:</strong></span> <span class='ocrx_word' id='word_1_246' title='bbox 481 3743 650 3806; x_wconf 79' lang='lat' dir='ltr'><strong>senatus</strong></span> <span class='ocrx_word' id='word_1_247' title='bbox 676 3761 765 3824; x_wconf 72' lang='lat' dir='ltr'><strong>pop.</strong></span> <span class='ocrx_word' id='word_1_248' title='bbox 795 3739 1145 3806; x_wconf 77' lang='lat' dir='ltr'><strong>Romaniuomirce.</strong></span> 
     </span>
    </p>

    <p class='ocr_par' dir='ltr' id='par_1_6' title="bbox 141 3843 1212 4034">
     <span class='ocr_line' id='line_1_34' title="bbox 243 3843 1211 3932; baseline 0 -22"><span class='ocrx_word' id='word_1_249' title='bbox 243 3846 311 3910; x_wconf 89' lang='lat' dir='ltr'><strong>Lib.</strong></span> <span class='ocrx_word' id='word_1_250' title='bbox 334 3849 375 3923; x_wconf 89' lang='lat' dir='ltr'><strong>II,</strong></span> <span class='ocrx_word' id='word_1_251' title='bbox 401 3848 428 3922; x_wconf 89' lang='lat' dir='ltr'><strong>l,</strong></span> <span class='ocrx_word' id='word_1_252' title='bbox 449 3847 487 3910; x_wconf 86' lang='lat'><strong>4:</strong></span> <span class='ocrx_word' id='word_1_253' title='bbox 522 3849 558 3910; x_wconf 90' lang='lat' dir='ltr'><strong>et</strong></span> <span class='ocrx_word' id='word_1_254' title='bbox 588 3848 726 3910; x_wconf 81' lang='lat' dir='ltr'><strong>cetera</strong></span> <span class='ocrx_word' id='word_1_255' title='bbox 753 3843 991 3932; x_wconf 85' lang='lat' dir='ltr'><strong>huiusmodi,</strong></span> <span class='ocrx_word' id='word_1_256' title='bbox 1025 3847 1211 3926; x_wconf 85' lang='lat' dir='ltr'><strong>quotiens</strong></span> 
     </span>
     <span class='ocr_line' id='line_1_35' title="bbox 141 3953 1212 4034; baseline 0.001 -18"><span class='ocrx_word' id='word_1_257' title='bbox 141 3955 183 4016; x_wconf 93' lang='lat' dir='ltr'><strong>in</strong></span> <span class='ocrx_word' id='word_1_258' title='bbox 220 3970 357 4016; x_wconf 83' lang='lat' dir='ltr'><strong>manus</strong></span> <span class='ocrx_word' id='word_1_259' title='bbox 399 3953 599 4029; x_wconf 82' lang='lat' dir='ltr'><strong>venerint,</strong></span> <span class='ocrx_word' id='word_1_260' title='bbox 648 3954 795 4015; x_wconf 81' lang='lat' dir='ltr'><strong>terrem</strong></span> <span class='ocrx_word' id='word_1_261' title='bbox 840 3953 1061 4032; x_wconf 88' lang='lat' dir='ltr'><strong>sequentur</strong></span> <span class='ocrx_word' id='word_1_262' title='bbox 1104 3957 1212 4034; x_wconf 80' lang='lat' dir='ltr'><strong>(prave</strong></span> 
     </span>
    </p>
   </div>
   <div class='ocr_carea' id='block_1_3' title="bbox 142 4055 1212 4212">
    <p class='ocr_par' dir='ltr' id='par_1_7' title="bbox 142 4055 1212 4212">
     <span class='ocr_line' id='line_1_36' title="bbox 142 4055 1212 4141; baseline -0.002 -18"><span class='ocrx_word' id='word_1_263' title='bbox 142 4059 278 4123; x_wconf 77' lang='lat' dir='ltr'><strong>Hessius</strong></span> <span class='ocrx_word' id='word_1_264' title='bbox 301 4077 337 4122; x_wconf 87' lang='lat' dir='ltr'><strong>ex</strong></span> <span class='ocrx_word' id='word_1_265' title='bbox 359 4058 384 4121; x_wconf 82' lang='lat' dir='ltr'>E</span> <span class='ocrx_word' id='word_1_266' title='bbox 409 4060 643 4141; x_wconf 86' lang='lat' dir='ltr'><strong>sequuntur)</strong></span> <span class='ocrx_word' id='word_1_267' title='bbox 666 4055 762 4120; x_wconf 86' lang='lat' dir='ltr'><strong>etin</strong></span> <span class='ocrx_word' id='word_1_268' title='bbox 784 4055 877 4119; x_wconf 86' lang='lat' dir='ltr'><strong>imis</strong></span> <span class='ocrx_word' id='word_1_269' title='bbox 900 4057 1212 4121; x_wconf 86' lang='lat' dir='ltr'><strong>collocabuntur.</strong></span> 
     </span>
     <span class='ocr_line' id='line_1_37' title="bbox 967 4161 1014 4212; baseline 0 0"><span class='ocrx_word' id='word_1_270' title='bbox 967 4161 1014 4212; x_wconf 75' lang='lat' dir='ltr'><strong>cs·</strong></span> 
     </span>
    </p>
   </div>
   <div class='ocr_carea' id='block_1_4' title="bbox 0 0 1514 4648">
    <p class='ocr_par' dir='ltr' id='par_1_8' title="bbox 0 0 1514 4648">
     <span class='ocr_line' id='line_1_38' title="bbox 0 0 1514 4648; baseline 0 0"><span class='ocrx_word' id='word_1_271' title='bbox 0 0 1514 4648; x_wconf 95' lang='lat' dir='ltr'><strong> </strong></span> 
     </span>
    </p>
   </div>
  </div>
 </body>
</html>
