2918 4652
308 257 369 322 618
655 259 715 314 Lib.
734 260 783 316 IX.
802 258 867 328 Gap.
886 259 923 313 ΙΙ.

265 460 361 524 bonas
383 461 414 524 et
436 477 522 524 voras
546 459 713 540 scripturas
735 456 878 524 babuisse
900 457 1007 522 inille
1030 459 1208 525 obscuratos
1231 463 1329 542 (pror-

265 584 317 630 sus
352 568 387 628 ut
408 565 439 629 in
465 564 595 630 Caesaris
617 562 691 628 belli
717 563 831 628 Gallici
853 562 1006 634 codicibus
1029 564 1176 650 accidisse
1198 566 1329 632 vidimus

265 689 357 753 supra
385 692 414 754 p.
440 671 527 748 254),
561 689 627 752 quae
660 669 820 751 scripturae
850 687 931 732 nunc
961 670 1092 734 maxime
1121 672 1152 735 in
1182 671 1329 736 codicell

263 777 446 857 (Drasdensi
469 777 498 860 I)
522 777 690 858 perlucent,
713 777 826 852 minus,
858 793 950 857 quam
973 779 1045 840 sunt
1067 777 1173 856 ceteri,
1206 779 1331 842 licenter

263 883 459 964 interpolato,
496 882 551 947 sed
582 884 686 946 tamen
713 881 866 946 interdum
890 882 983 946 etiam
1006 883 1037 946 iu
1055 883 1122 947 tota
1143 884 1261 948 familia
1282 903 1331 948 re-

265 991 360 1054 tentae
382 993 463 1064 sunt,
502 989 665 1054 utstatim
688 989 721 1073 Ι,
757 987 793 1066 3,
829 987 849 1048 3
883 987 1169 1072 (tractantique
1199 990 1329 1054 lanam

263 1095 407 1161 ferrum
444 1099 480 1160 et
513 1114 620 1160 arma
653 1094 841 1160 habentes
875 1113 1026 1176 parere.
1062 1114 1117 1176 pro
1150 1115 1209 1178 qno
1240 1097 1272 1160 in
1303 1099 1331 1160 A

264 1203 408 1268 scribitur
445 1202 605 1284 editurque
643 1219 661 1264 a
692 1200 810 1282 Ieepio:
854 1202 1152 1284 tractantesque
1186 1203 1331 1267 ferrum

263 1313 301 1374 et
334 1327 438 1373 arma
471 1307 657 1372 habentes
688 1325 837 1389 parere,
867 1306 994 1370 ridicule
1023 1309 1172 1388 separatis
1199 1307 1274 1372 ferri
1302 1309 1333 1373 et

262 1433 418 1479 armorum
442 1411 641 1494 nominibus).
700 1413 764 1476 Nec
799 1413 830 1476 in
855 1413 882 1474 A
904 1416 1016 1494 praeter
1038 1414 1189 1478 scribendi
1212 1433 1331 1480 errores

263 1539 319 1586 sua
355 1538 474 1603 quoque
510 1516 649 1600 quaedam
685 1517 880 1600 simplicioris
919 1519 1164 1600 interpolationis
1199 1521 1333 1602 vestigia

264 1629 392 1705 desunt,
430 1627 515 1691 velut
547 1625 738 1707 perspicuum
772 1625 803 1687 in
835 1624 898 1699 ΙΙΙ,
931 1626 964 1700 7,
999 1626 1054 1700 12,
1090 1627 1141 1690 ubi
1173 1629 1244 1709 post
1266 1645 1331 1692 roc·

262 1738 348 1797 tum:
397 1733 477 1797 Nec
522 1733 717 1794 cessatum
761 1730 976 1822 superadditur
1024 1733 1330 1810 necessitatum

262 1841 571 1922 interpretamentum
592 1837 890 1912 manifestissimum,
914 1855 983 1902 curn
1007 1839 1094 1902 initio
1117 1857 1209 1920 supra
1231 1839 1330 1922 scrip·

264 1950 330 2012 tum
354 1946 473 2020 fuisset,
509 1945 540 2008 in
573 1944 734 2008 verborum
758 1943 896 2008 ordinem
918 1947 1077 2028 receptum
1102 1943 1331 2028 obiicituriam

262 2051 339 2127 Li,
376 2050 593 2132 6(couscio
622 2049 661 2113 ed
693 2049 902 2133 participi).
959 2049 1021 2114 Sed
1054 2050 1087 2115 in
1119 2049 1230 2133 quibus
1253 2051 1331 2116 locis

261 2160 315 2222 aut
337 2157 477 2220 codicum
503 2156 668 2238 scripturas
700 2159 754 2220 eut
776 2155 966 2237 asperiorum
992 2155 1220 2221 emendationes
1242 2176 1331 2222 revo-

262 2263 375 2328 candas
408 2261 519 2339 iudico,
553 2281 679 2345 quorum
703 2279 888 2346 permagnus
910 2264 957 2326 est
978 2280 1137 2338 numerus,
1158 2263 1180 2326 ii
1203 2263 1254 2327 hic
1270 2284 1330 2330 uon

189 2366 196 2379 '
262 2370 335 2433 sunt
373 2368 592 2451 persequendi;
633 2387 710 2433 nova
750 2368 931 2443 coniectura,
948 2386 1037 2456 uqua,
1059 2369 1101 2444 ,si
1138 2369 1330 2451 superiorum
1402 2365 1430 2440 ',

260 2459 349 2539 bonis
371 2478 454 2539 recte
483 2475 598 2540 utaris.
639 2493 698 2538 non
720 2476 765 2538 ita
786 2473 921 2538 multum
942 2492 1017 2556 opus
1039 2475 1098 2554 est,
1120 2478 1236 2553 tamen,
1260 2496 1329 2540 cum
1429 2461 1430 2470 ἶ

262 2598 376 2662 paucos
399 2580 464 2644 dies
487 2580 648 2646 continuos
670 2580 789 2644 Iustino
811 2580 1029 2662 impenderem,
1062 2583 1142 2646 locos
1165 2601 1219 2664 pro
1241 2603 1330 2647 men·
1429 2651 1430 2664 χ

261 2705 334 2751 sura
353 2687 424 2751 libri
454 2704 515 2750 non
546 2686 635 2750 valde
661 2704 774 2767 paucos
802 2685 910 2770 attigi,
940 2685 980 2751 de
1015 2687 1125 2770 quibus
1153 2690 1188 2753 ut
1213 2688 1245 2751 in
1274 2689 1329 2753 tali

260 2793 409 2874 scriptore
431 2791 532 2856 dicam
556 2791 744 2856 brevissime.

362 2899 452 2963 Praei.
481 2900 512 2960 l:
543 2916 706 2980 prorsus
727 2916 803 2986 rem
838 2900 961 2982 magni
985 2901 1022 2963 ot
1043 2899 1162 2963 animi
1185 2901 1223 2963 et
1243 2918 1329 2964 cor·

260 3006 364 3087 poris
387 3004 612 3088 adgressus.
663 3003 813 3096 Vitiatum
833 3003 891 3069 hoc
922 3023 990 3070 esse
1012 3005 1183 3072 Gronovius
1204 3006 1328 3071 intelle-

261 3111 314 3177 xit.
351 3111 432 3175 Nam
456 3129 564 3194 neque,
587 3110 639 3192 qui
661 3109 796 3193 amplam
819 3111 980 3174 materiam
1004 3110 1164 3177 scribendo
1187 3113 1327 3194 suscipit

263 3217 368 3299 magni
402 3216 580 3298 corporis
612 3234 677 3280 rem
709 3216 835 3300 aggredi
868 3216 1069 3282 tolerabiliter
1089 3216 1200 3281 dicitur
1222 3218 1327 3303 (longe

262 3323 343 3388 eninr
381 3320 463 3386 aliud
487 3324 535 3386 est
557 3322 744 3404 excerpendo
778 3321 880 3386 minus
909 3341 1017 3404 corpur
1040 3325 1094 3388 ant
1114 3326 1327 3407 corpusculum

261 3429 394 3515 efficere,
426 3427 496 3491 libri
532 3426 686 3502 nimirum,
708 3427 789 3511 quod
803 3425 836 3513 ᾖ
857 3427 877 3489 4
900 3427 1036 3507 dicitur),
1058 3431 1089 3493 et
1109 3430 1209 3513 magis
1233 3430 1326 3508 etiam

263 3536 341 3600 mire
363 3536 395 3600 et
415 3532 543 3598 ridicule
564 3534 691 3616 magni
724 3535 764 3598 et
789 3534 904 3598 animi
928 3539 964 3601 et
986 3535 1175 3617 corporis,
1208 3536 1244 3599 ut
1261 3535 1327 3599 ani·

264 3661 332 3706 mus
355 3639 511 3724 scriptoris
533 3638 732 3722 intelligatur,
753 3641 890 3704 materiae
902 3659 1026 3723 corpus;
1050 3642 1223 3706 necessario
1246 3642 1325 3706 enim

261 3751 427 3831 utrumque
452 3745 489 3811 ad
512 3746 693 3827 scriptorem
716 3745 856 3823 refertur,
893 3747 945 3830 qui
968 3747 1000 3811 et
1020 3748 1156 3812 animum
1181 3765 1325 3831 magnum
1426 3745 1427 3767 ¹

211 3847 213 3852 ’
260 3855 293 3918 et
317 3873 425 3937 corpus
449 3853 560 3918 habere
583 3852 703 3917 debeat.
760 3851 959 3918 scribendum
983 3853 1092 3938 igitur:
1126 3855 1261 3937 magni
1291 3854 1325 3917 et
1425 3885 1426 3888 ¹

261 3961 381 4024 animi
412 3959 464 4044 (ad
487 3958 728 4042 suscipiendum)
761 3961 798 4023 et
830 3959 979 4022 roboria
1012 3960 1063 4035 (ad
1085 3960 1323 4043 perficiendum).

263 4063 433 4130 Gronovius
469 4066 597 4148 operis
629 4068 836 4148 proposuerat.
899 4065 960 4132 Sed
992 4066 1112 4134 animus
1144 4067 1321 4150 (scriptoris)
