2970 4648
606 297 638 354 1.
657 298 757 356 Seneca
774 297 806 354 de
824 299 888 354 otio.
1178 301 1239 366 395

316 497 362 566 lle
398 497 463 566 otio
497 497 635 583 (fragm)
667 494 684 560 1
718 497 800 576 (28),
835 498 868 562 1:
912 498 1015 564 '.lnnc
1050 501 1184 583 potest
1214 502 1282 567 ob-

216 605 363 682 tinere,
385 605 483 688 qnod
504 603 623 670 semel
644 602 808 687 placuit,
837 603 900 669 ubi
922 621 1031 670 nemo
1051 605 1281 685 intervenit,

217 711 283 794 qni
314 711 503 776 iudicium
628 708 875 792 detorqueat,
912 711 1002 775 tuno
1031 712 1162 794 potest
1196 713 1281 780 vita

218 816 359 900 aequali
396 818 435 883 et
465 833 537 882 nno
573 817 710 882 tenore
747 815 964 900 procedere.
1023 815 1113 884 Prius
1145 821 1281 902 potest
1326 864 1329 870 ·

215 920 354 988 subiecto
376 923 476 999 caret3
513 927 623 1005 (neque
646 921 728 986 enim
750 919 908 988 decretum
930 921 1066 990 obtinere
1086 923 1281 990 intransitive

218 1025 279 1092 dici
299 1027 423 1110 potest).
467 1027 564 1094 Scrib.
587 1027 765 1093 obtineri.

315 1131 382 1198 lbd.
405 1131 425 1196 3
446 1132 534 1218 (30),
564 1133 596 1196 11
634 1133 702 1200 sed
734 1133 824 1217 qnia
851 1149 910 1197 res
937 1132 1022 1215 ipsa
1048 1133 1196 1216 patitur
1223 1152 1279 1198 me

213 1235 271 1304 ire
302 1239 340 1303 in
378 1238 534 1305 illorum
571 1239 766 1318 (Stoicomm)
797 1238 1054 1315 sententiam
1098 1257 1206 1322 qnam
1243 1239 1279 1306 11

214 1343 298 1426 quis
331 1362 481 1428 semper
508 1343 621 1410 nnius
642 1347 832 1429 seqnitur,
864 1364 936 1410 non
969 1344 1115 1410 iniuria
1145 1345 1211 1424 sed
1239 1344 1278 1410 in

213 1448 417 1518 factionis.
439 1448 643 1518 sunnon
665 1453 768 1533 potest
793 1451 833 1517 ad
854 1451 1013 1517 illorum
1034 1450 1277 1516 sententiam

213 1553 321 1620 referri
357 1573 469 1639 quam
510 1559 543 1623 et
571 1557 677 1622 tamen
709 1556 850 1622 universe
882 1556 995 1640 accipi,
1028 1556 1064 1621 nt
1094 1556 1279 1641 adiungatur

214 1679 364 1746 semper
394 1663 514 1728 nnius.
563 1661 762 1729 Scribendnm
795 1664 858 1728 est:
891 1661 1135 1729 sententiam.
1180 1661 1278 1726 Nem

213 1766 246 1832 si
269 1767 352 1851 quis
375 1787 524 1852 semper
549 1769 663 1854 unius
690 1769 881 1852 sequitur,
913 1788 986 1836 non
1013 1769 1051 1834 in
1083 1769 1190 1836 curia
1221 1769 1278 1847 (sic

212 1873 335 1956 Lipsius
359 1875 482 1958 etpost
503 1893 572 1941 eum
595 1875 712 1954 ceteri),
745 1875 809 1941 sed
837 1876 1068 1943 infactione
1091 1883 1132 1938 11.
1175 1874 1273 1939 Panlo

212 1981 282 2063 post
304 1979 321 2064 ς
343 1979 374 2054 3,
400 1979 453 2046 ubi
475 1980 591 2062 editur:
628 1983 663 2047 si
694 2001 789 2066 resp.
811 1983 1035 2066 corruptior
1066 1981 1137 2052 est,
1167 1996 1277 2063 qnam

212 2085 258 2150 ut
276 2085 453 2152 adiuvari
474 2088 617 2171 possit,
640 2087 672 2153 si
693 2092 877 2173 occupatu
898 2087 1097 2160 1111111111,
1119 2086 1276 2151 si'vernm

214 2192 272 2266 est,
303 2192 340 2256 nt
369 2193 454 2275 puto,
491 2197 674 2277 occupata
705 2194 748 2274 (A
788 2197 820 2260 ct
855 2193 910 2261 alii
942 2193 1149 2269 osculata),
1182 2189 1275 2256 scribi

212 2293 319 2364 debet:
347 2297 501 2365 amalis
523 2299 561 2365 de
582 2299 758 2366 hominibus
781 2319 850 2366 1111
872 2299 1060 2375 tenentibus;
1083 2316 1156 2364 nam
1178 2313 1275 2378 neque

212 2405 389 2490 occupari
421 2404 532 2470 malis
565 2422 620 2489 pro
650 2423 700 2484 eo,
733 2405 814 2490 quod
835 2407 884 2472 cet
910 2405 1033 2483 obrui,
1067 2403 1189 2477 dicitnr,
1217 2418 1274 2466 nec

212 2511 329 2576 obrntae
361 2511 588 2578 calamitatibus
620 2511 695 2594 reip.
731 2511 885 2578 subreniri
912 2511 994 2576 Zeno
1027 2510 1160 2576 nolebat.
1213 2506 1276 2572 Sed

210 2617 334 2702 gravius
369 2617 516 2682 mendum
552 2617 723 2682 tollendum
759 2635 776 2680 1
809 2616 827 2699 ς
859 2616 897 2681 4:
946 2616 1083 2681 Potest
1115 2630 1203 2698 ergo
1236 2615 1275 2678 et

210 2721 291 2800 ille,
327 2722 387 2788 cni
419 2723 549 2790 omnia
587 2721 711 2789 adhuc
743 2724 782 2790 in
811 2721 964 2806 integro
997 2720 1105 2798 snut,
1141 2763 1207 2792 ...,
1235 2717 1273 2784 in

210 2829 294 2894 tuto
315 2829 533 2898 subsistere
555 2832 594 2896 et
613 2829 785 2913 protinus
808 2826 1073 2896 commendare
1094 2844 1137 2890 11
1158 2823 1272 2889 bonis

211 2935 362 3002 artibus
395 2937 432 3002 et
465 2936 502 3001 in
537 2935 623 3002 11111
656 2937 808 3002 beatum
845 2933 963 3000 otium
992 2931 1158 3016 exigere,
1191 2930 1274 2995 vir-

210 3041 335 3108 tutum
357 3041 500 3118 cultor,
523 3047 583 3110 cet.
626 3041 766 3109 Nimium
785 3043 817 3106 in
840 3040 937 3106 Stoici
957 3055 1086 3122 persona
1106 3036 1281 3108 boarum.

211 3163 281 3213 curu
303 3148 474 3230 pracsertim
502 3149 626 3216 tantum
655 3149 752 3215 otium
782 3146 893 3231 agendi
920 3145 1050 3211 facultas
1072 3142 1271 3227 significetur.

211 3251 338 3318 Codices
359 3251 433 3336 (1111
455 3255 493 3319 11
518 3255 555 3319 11
581 3255 692 3322 illum
724 3255 881 3320 beatum
902 3251 1032 3318 otium.
1075 3249 1207 3316 Subest:
1233 3246 1273 3312 et

209 3355 406 3420 illibatum
427 3360 545 3424 otium
568 3361 720 3445 erigere
742 3359 941 3441 (nnllaparte
962 3356 1034 3422 vitae
1054 3353 1184 3440 negotiis
1205 3352 1269 3420 111-

208 3468 326 3546 pensa).
372 3465 482 3540 (Aliud
503 3484 540 3530 ex
562 3465 668 3532 eadem
691 3465 881 3550 paragrapho
911 3461 1057 3528 mendum
1079 3456 1191 3524 sustuli
1212 3454 1271 3521 rol.

208 3569 225 3632 I
246 3588 276 3651 p.
300 3568 364 3648 68.)

309 3675 369 3746 (De
393 3696 420 3746 c.
443 3678 462 3740 5
484 3677 550 3756 (32)
573 3679 589 3740 1
614 3677 676 3742 diri
702 3677 763 3744 rol.
787 3677 802 3742 l
830 3698 859 3762 p.
883 3676 933 3740 68.
986 3673 1047 3741 Sed
1077 3671 1183 3738 eodem
1216 3685 1271 3734 ca-

207 3779 271 3862 pite
293 3783 315 3862 ξ
335 3781 364 3856 6,
387 3783 441 3850 ubi
462 3784 564 3850 editur
587 3784 645 3852 sic:
676 3784 802 3867 qualis
824 3773 1055 3848 sit'hebitns
1078 3773 1270 3846 exclusis,

206 3885 387 3952 informia
423 3890 459 3954 et
496 3892 651 3957 confusa
685 3890 765 3955 sint
795 3907 838 3954 11
874 3889 911 3953 11
944 3903 1090 3952 omnem
1121 3882 1268 3965 partem

207 3992 435 4058 tantundem
457 3995 535 4060 loci
556 3995 792 4073 obtinentia,
814 4013 858 4060 an
880 3994 917 4057 et
938 3991 1013 4056 illo
1034 3991 1070 4056 in
1093 3988 1267 4071 aliquem

207 4097 354 4162 cultum
384 4099 584 4184 descripta
610 4101 708 4177 sint,
737 4100 907 4166 tollendum
937 4097 1021 4181 prius
1043 4113 1104 4172 en,
1138 4094 1174 4157 nt
1202 4090 1269 4154 haec
