3000 4638
810 167 825 199 Α

582 283 702 342 Velleius
720 284 823 340 Pellem.
1126 285 1189 349 307

164 481 255 552 Vicit
277 486 330 548 ‚ot
367 486 557 568 expugnarit
599 483 720 561 odium,
745 497 748 502 ·
773 502 832 567 qno
878 481 982 548 Sosius
1027 487 1232 566 premebatur,

157 589 342 659 emanso.
356 591 381 668 ¹)
428 589 637 668 (Sententiam
659 591 807 674 attigerat
829 587 980 666 Clodius.)

208 740 211 749 -
267 694 315 760 Da
335 713 361 761 e.
385 694 437 771 88,
460 696 479 758 2
501 696 563 762 diri
582 697 641 761 vol.
664 697 678 760 l
700 716 729 778 p.
754 694 803 760 35.
825 694 942 760 Eodem
964 695 1064 776 capite
1086 696 1233 773 extremo,

158 799 315 881 moniam
340 800 373 864 in
394 801 496 866 codiee
517 803 665 884 scriptum
684 801 731 877 sic
752 803 818 866 eret
839 799 877 864 de
899 797 1044 866 Servilia:
1078 820 1234 882 praems-

167 907 296 972 turem
321 908 480 972 mertem
501 907 763 972 immortalem
779 904 945 970 nominis
968 904 1027 969 sui
1047 907 1234 986 pensavit

168 1011 406 1085 memoriam,
450 1014 535 1078 reete
572 1013 718 1078 Burerius
753 1011 906 1076 intellexit
937 1009 1132 1076 scribendum
1167 1030 1235 1076 esse

168 1109 408 1196 promarum
431 1120 555 1182 morte
587 1124 637 1195 (ex
665 1137 724 1201 quo
745 1120 853 1182 autom
885 1118 934 1181 ost
965 1117 1234 1198 praematuram

163 1223 308 1298 morte,
331 1220 440 1286 demde
464 1224 647 1302 mortem),
671 1223 752 1307 qnod
762 1223 855 1288 ceteri
866 1221 1077 1304 neglexerunt,
1095 1219 1234 1286 Kritaius

163 1343 276 1408 perum
298 1328 389 1392 acuto
408 1328 613 1410 reprehendit.
646 1330 672 1394 ll
694 1349 759 1412 cap.
785 1329 865 1402 115,
883 1327 915 1404 4,
932 1341 1021 1408 quem
1043 1326 1145 1391 locum
1167 1326 1234 1408 ipse

163 1427 255 1506 citat,
277 1431 353 1495 satis
375 1430 568 1520 intelligitur,
601 1435 754 1500 Velleium
770 1452 903 1518 pensare
926 1430 1065 1514 posuisse
1088 1451 1157 1496 eum
1180 1451 1234 1496 ac-

168 1533 452 1613 cusativo‘bonum,
474 1540 555 1623 quod
574 1541 642 1624 quis
665 1539 808 1623 consequi
829 1535 933 1612 vellet,
954 1536 1157 1619 significante,
1179 1537 1235 1604 ab·

165 1639 273 1712 latire
286 1640 526 1724 incommodum,
549 1645 628 1728 quod
649 1665 704 1730 pro
726 1645 824 1727 pretio
846 1645 937 1718 esset,
960 1642 1097 1708 notente.
1143 1641 1235 1706 Com-

169 1744 297 1809 modum
323 1768 455 1830 pensare
490 1772 559 1812 cem
593 1751 786 1818 incommodo
815 1749 955 1815 dixerunt
987 1745 1114 1813 Ovidius
1149 1751 1235 1824 (mot.

168 1845 256 1927 ΧΠΙ,
269 1850 345 1915 192:
369 1851 518 1919 leudem
540 1856 581 1920 ut
597 1875 677 1921 cum
700 1856 887 1940 sanguine
908 1853 1055 1938 penset)
1074 1851 1236 1916 etSeneca

163 1952 223 2034 (de
245 1954 299 2020 vit.
323 1956 403 2022 beet.
425 1959 454 2034 4,
477 1960 520 2040 4),
543 1961 649 2028 Cicero
671 1981 863 2048 compensare
884 1959 953 2036 (fin.
975 1957 1017 2032 II,
1039 1955 1090 2033 96,
1111 1955 1150 2032 V,
1173 1955 1236 2034 48)-

163 2057 256 2142 (Gap.
279 2059 330 2141 87,
353 2061 372 2124 3
394 2066 632 2147 professioni
654 2067 702 2146 ei,
726 2086 796 2150 qua
816 2063 962 2148 praecepit
985 2061 1134 2137 Clodius.)

240 2165 336 2246 ,lbd
369 2168 419 2247 89,
461 2169 497 2260 ὃς
541 2169 774 2240 Consulatus
810 2169 1080 2244 tantummodo
1119 2186 1236 2250 usque

168 2269 216 2334 ed
252 2267 516 2354 undecimum,
555 2297 663 2362 quem
699 2277 948 2342 continuaret
980 2274 1118 2350 Caeser,
1155 2293 1235 2338 cum

168 2386 269 2458 saepe
304 2378 489 2446 obnitens
526 2386 796 2468 repugnasset,
841 2379 1061 2465 impetrari
1096 2379 1233 2463 potuit.

170 2479 401 2564 ineptissimum
438 2505 551 2570 quem
585 2473 848 2563 continuerat,
884 2506 940 2552 nee
973 2486 1074 2551 minus
1112 2487 1238 2568 impo-

61 2596 64 2604 ’
171 2583 271 2651 treri
293 2589 431 2671 potnit
467 2591 570 2660 Editio
591 2596 691 2678 prime
711 2595 939 2677 impetrare.
976 2589 1088 2672 Agitur
1110 2589 1147 2654 de
1169 2589 1237 2654 an-

169 2708 241 2757 sare
262 2694 402 2778 Augusto
423 2703 529 2766 vetere
552 2701 696 2767 institute
716 2699 894 2777 revocante,
930 2698 962 2763 in
995 2713 1057 2760 nna
1077 2697 1182 2760 tamen
1204 2714 1238 2760 re

172 2913 371 2926 »Ἡ

204 3061 226 3130 ¹)
245 3063 373 3118 Eiusdem
392 3082 449 3134 cep.
470 3071 485 3132 ξ
504 3069 521 3122 2
540 3067 696 3122 incredibile
714 3069 764 3132 est,
783 3065 847 3120 ferri
865 3064 898 3119 eb
918 3061 1066 3118 editoribus
1086 3064 1153 3118 haec:
1183 3063 1238 3131 qui

245 3155 423 3226 deprecari
443 3158 577 3228 quidem
596 3177 655 3232 pro
675 3176 708 3214 se
727 3176 790 3213 non
809 3157 1044 3234 sustinerent,
1064 3155 1239 3209 vitiosissime

229 3249 334 3317 'posito
352 3249 497 3319 quidem,
526 3267 585 3306 cum
604 3251 658 3308 iem
677 3253 805 3306 Heinsius
824 3250 995 3320 perspexerit,
1028 3249 1090 3302 ente
1109 3248 1149 3302 de
1168 3248 1238 3300 enci-

247 3339 389 3406 diseene,
418 3343 478 3397 tum
497 3345 622 3399 additum
649 3362 716 3400 non
736 3344 804 3414 (qui
828 3360 869 3396 ne
897 3341 1078 3412 deprecari
1103 3339 1239 3409 quidem

246 3451 273 3503 p.
295 3451 317 3490 s.
335 3435 578 3504 sustinerent).
620 3438 682 3492 Non
706 3437 798 3506 paucis
816 3435 881 3489 locis
899 3435 927 3488 in
947 3432 1083 3486 codicibus
1101 3433 1140 3485 sic
1157 3433 1241 3486 muti·

247 3526 334 3582 latum
353 3530 467 3582 estne.
488 3569 494 3584 .
515 3571 521 3583 .
541 3531 642 3596 quidem,
670 3543 783 3598 quorum
810 3529 868 3598 ipso
892 3543 975 3582 nuum
994 3527 1024 3580 et
1040 3523 1153 3578 alterum
1173 3525 1241 3580 alibi

245 3619 338 3688 attigi.
385 3618 442 3677 Cir.
459 3637 482 3675 c.
500 3624 543 3683 68,
574 3624 597 3680 1.
633 3621 713 3692 Apud
731 3622 858 3676 &necem
877 3619 954 3688 epist
974 3620 1016 3676 94.
1035 3619 1069 3672 21
1088 3619 1161 3671 reete
1178 3616 1241 3672 ede·

247 3711 327 3766 betur
350 3711 413 3766 inde
437 3713 471 3766 ab
495 3714 618 3770 Eresmo:
646 3714 794 3770 sednon
824 3713 901 3767 ideo
930 3727 970 3766 ue
996 3708 1078 3763 eliis
1106 3709 1242 3777 quidem

247 3804 383 3860 adiecta
401 3806 596 3875 proficiunt
606 3807 665 3868 thoe
677 3809 734 3860 est:
745 3806 790 3860 sed
800 3805 863 3860 inde
876 3801 930 3857 non'
942 3802 1073 3872 sequitur,
1097 3803 1171 3854 utne
1181 3800 1242 3854 aliis

248 3897 356 3966 quidem
386 3897 549 3967 proficiant).
596 3897 737 3954 Fickertns
761 3895 895 3953 codicibus
914 3895 1061 3963 obsequens
1079 3909 1118 3946 ne
1136 3897 1163 3946 et
1180 3891 1243 3947 'sen-

245 3991 363 4046 tentiam
383 3991 507 4058 sustulit3
545 3991 661 4048 Hessius
687 4007 752 4046 non
780 3989 861 4044 'eliis
888 3987 1022 4056 quidem
1046 3986 1161 4054 scripsit,
1180 4002 1243 4040 eon·

249 4086 355 4154 tempta
372 4085 501 4139 orationis
520 4086 588 4154 lege.
625 4083 678 4140 Cir.
697 4081 732 4138 ed
751 4083 841 4136 Senec.
860 4082 955 4149 quest.
973 4082 1030 4133 net.
1051 4078 1112 4142 VII,
1131 4081 1174 4144 31,
1193 4081 1219 4133 2.

999 4171 1044 4222 20*
