2938 4630
318 291 357 356 m
678 294 938 364 mmmm

279 490 443 573 Hauptius,
455 487 554 566 valde,
566 489 871 574 quodpaceHauptii‚
879 492 937 556 1111
948 492 1072 575 egregii,
1085 492 1346 571 discriminem-

276 596 418 660 siderate.
442 595 522 659 Nam
545 595 680 680 primum
702 615 824 663 omnem
838 596 987 679 Scipionis
1000 598 1259 681 significationem
1279 603 1341 668 tol·

273 703 351 780 lunt,
374 720 504 784 quacum
525 701 685 765 coniuncte
697 704 745 767 est
765 700 969 765 Caleteemm
990 703 1147 772 Pieridum
1163 706 1341 788 appellatio,

274 809 416 892 quoniam
449 805 582 887 alioquin
612 809 780 872 necessario
814 808 955 872 universe
981 809 1118 874 Pierides
1147 810 1340 878 nominandae

274 914 377 988 erant;
409 910 528 984 deinde,
562 911 643 975 uude
669 912 701 976 in
722 915 858 978 mentem
879 913 1021 995 cuiqnam
1045 915 1164 978 uenerit
1184 916 1252 980 siue
1274 918 1339 983 ulla

277 1036 369 1082 causa
398 1017 543 1100 quattuor
578 1035 683 1082 versus
719 1017 820 1082 medio
856 1015 984 1082 carmini
1018 1019 1166 1094 inserere,
1201 1039 1260 1086 non
1283 1023 1340 1088 de·

274 1123 402 1197 clarent,
423 1122 684 1202 Peerlkampianae
704 1122 840 1188 levitatis
862 1124 906 1200 (et
927 1123 1112 1202 Lebrsiaua)
1139 1127 1221 1203 socii,
1244 1129 1339 1210 atque
1384 1181 1387 1192 .

274 1228 367 1292 etiam
405 1227 436 1291 in
468 1228 501 1290 id
539 1227 695 1306 incidunt,
725 1228 810 1310 'quod
844 1229 907 1292 iam
944 1229 1017 1294 alibi
1054 1230 1187 1296 maxime
1221 1233 1346 1314 impro-

272 1335 375 1400 babile
398 1353 465 1400 esse
489 1332 558 1409 dixi,
591 1336 627 1397 ut
656 1352 715 1399 non
748 1353 854 1398 versus
876 1334 993 1429 aliquot
1024 1334 1212 1416 reliquomm
1245 1339 1339 1404 seriei

272 1441 402 1521 additos,
426 1439 533 1505 sedin
555 1439 658 1504 medio
680 1458 770 1504 versu
799 1441 930 1520 coeptam
952 1439 1036 1504 etin
1058 1441 1118 1505 1110
1139 1443 1240 1507 medio
1264 1461 1341 1508 con-

272 1547 388 1610 clusam
421 1545 643 1627 interpolatoris
677 1564 800 1626 operam
832 1545 959 1628 fingant.
1010 1545 1069 1610 Sed
1102 1547 1220 1612 accedit
1250 1549 1339 1614 aliud

271 1651 360 1717 valde
383 1654 499 1715 temere
523 1651 745 1734 excogitatum
777 1649 856 1734 quod
878 1651 960 1714 enim
981 1671 1020 1717 ne
1042 1651 1086 1718 sic
1108 1652 1231 1736 quidem
1255 1652 1347 1720 Mei--

175 1760 183 1780 ⁹
272 1756 407 1822 neklanae
432 1756 493 1840 legi
516 1756 638 1832 satisfit,
663 1757 739 1822 duos
761 1757 838 1822 elios
860 1757 1152 1840 versuslongehinc
1179 1758 1343 1826 diiunctos.

271 1861 443 1935 detrahunt,
478 1881 534 1927 nec
569 1864 738 1934 continues,
775 1863 829 1927 sed
862 1861 1028 1962 180133,
1062 1865 1226 1945 utrumque
1246 1865 1345 1930 inno·-

271 1967 503 2058 0111110111111111,κ
521 1968 580 2032 nisi
602 1970 683 2050 quod
704 1969 736 2032 hi
759 1968 939 2048 1011111010
962 1967 1051 2031 modo
1075 1969 1335 2038 1111111110111111

269 2073 358 2136 ruina
390 2072 523 2136 exsecari
543 2076 683 2154 possunt.
738 2072 846 2156 ltaque
877 2073 936 2135 hac
952 2143 955 2151 ,
973 2072 1120 2138 violentia
1148 2075 1262 2139 reiecta
1294 2078 1335 2143 ad

268 2162 340 2242 illos
360 2178 436 2242 duos
458 2197 575 2256 versus,
596 2180 627 2244 in
650 2179 759 2262 quibus
782 2177 880 2243 omnis
904 2178 952 2240 est
973 2167 1127 2258 pravitas,
1141 2181 1333 2246 revertamur

268 2284 619 2368 animadvertamusque,
652 2285 683 2348 in
720 2266 873 2364 superiore
895 2300 985 2346 versu
1013 2283 1078 2362 (15)
1101 2284 1132 2348 in
1154 2286 1253 2349 tribus
1276 2305 1333 2351 an-

268 2389 449 2473 tiquissimis
472 2390 552 2474 apud
574 2389 732 2453 Kellerum
756 2386 910 2451 codicibus
932 2407 992 2453 nen
1017 2387 1123 2450 celeres
1137 2388 1243 2472 fapoe,
1277 2390 1331 2454 sed
1411 2449 1413 2456 ,

269 2494 369 2557 celeres
395 2496 479 2581 supa
501 2515 578 2561 esse.
605 2493 606 2500 ’
635 2492 765 2573 Scripsit
785 2491 944 2571 Horatius,
966 2493 1084 2558 duobus
1105 2493 1167 2558 illis
1189 2494 1329 2560 versibus

268 2601 380 2676 minus,
396 2661 401 2675 ,
415 2603 547 2686 egregie,
585 2601 704 2663 servato
740 2597 835 2663 etiam
868 2597 922 2662 illo
959 2597 1154 2682 quaternario
1186 2617 1331 2665 1011111111

267 2725 410 2772 numero:

466 2845 534 2910 Non
559 2841 655 2907 incisa
676 2843 756 2908 notis
779 2862 934 2908 marmora
955 2844 1096 2926 publicis,

468 2969 523 3032 per
544 2967 611 3032 quae
634 2949 759 3031 spiritus
782 2951 813 3014 et
834 2949 898 3013 vita
919 2949 1001 3014 redit
1022 2950 1109 3014 bonis

466 3057 689 3137 postmortem
712 3054 840 3119 ducibus
862 3073 921 3118 uon
945 3053 1047 3114 celeris
1062 3053 1162 3137 sapae,

465 3161 540 3240 eius,
564 3161 615 3242 qui
637 3159 753 3223 domita
774 3177 885 3224 nomen
908 3159 946 3222 ab
969 3159 1076 3222 Africa

465 3267 602 3330 lucratus
624 3265 726 3342 rediit,
749 3265 860 3328 clarius
882 3263 1020 3328 indicano

465 3371 571 3436 laudes
593 3389 685 3454 quam
708 3370 844 3435 Calabrae
867 3369 1013 3433 Pierides.

265 3513 370 3576 Vitam
391 3529 451 3575 nou
475 3510 583 3576 celeris
605 3510 695 3593 fugae,
723 3510 782 3574 hoo
805 3511 868 3584 est,
891 3529 951 3574 non
972 3511 1115 3594 fugacem
1139 3512 1171 3574 et
1192 3511 1332 3586 brevem,

265 3617 390 3681 ducibus
413 3635 466 3698 per
500 3634 653 3680 marmora
674 3617 754 3680 notis
777 3616 908 3698 publicis
930 3617 1027 3680 incisa
1048 3615 1157 3692 redire,
1180 3617 1328 3682 Horatius
1448 3605 1449 3620 ¹

264 3721 411 3788 concedit.
444 3721 503 3786 Η10
521 3721 692 3805 genetivus,
715 3722 779 3786 sive
795 3741 877 3796 casn,
901 3722 965 3786 sive
988 3720 1069 3804 quod
1091 3740 1150 3784 non
1172 3722 1329 3805 intellige·

263 3830 371 3905 batur,
410 3827 500 3892 unius
531 3828 642 3892 litterae
675 3828 845 3892 mutatione
881 3827 1010 3910 (celeres)
1039 3828 1070 3890 in
1105 3827 1327 3891 nominativum

261 3934 509 4014 transformatus,
535 3953 604 3998 cum
628 3933 773 3999 sicunde
796 3935 893 4016 posita
909 3933 1083 4006 verbabeoez
1107 3932 1212 3994 celeres
1226 3932 1329 4016 fupoe)
