2938 4630
300 264 321 327 8
658 267 920 340 mmmu

261 460 314 532 16)
336 463 369 525 eb
389 461 517 528 Ovidius
539 467 628 543 (meis.
649 467 690 544 ll,
720 467 808 546 293):
848 466 938 546 Quoad
965 469 1197 551 binuso-atris
1216 493 1270 535 ccc
1291 482 1319 535 tc

260 587 329 628 meu
348 567 452 650 pressu
473 571 579 652 impii
601 571 655 636 abi
675 573 746 638 ulia.

358 672 425 736 ibd.
448 673 509 734 223
537 675 590 751 (Π,
624 676 653 753 2,
676 677 741 759 68).
785 678 924 744 codices:
957 678 1154 744 intercessu
1187 682 1320 746 mimicis

259 787 475 852 conuectum,
511 780 566 842 cibi
595 783 683 843 muci
713 783 809 863 urum,
844 802 939 866 pravo
969 784 1145 866 imperativi
1179 787 1349 863 numerc,'

256 899 346 946 versu
366 882 480 957 frccbc;
509 904 565 949 nec
586 887 657 951 ferri
678 907 768 970 posse
791 898 972 952 cunmeauu
993 907 1114 968 nomeu,
1136 891 1185 956 cui
1204 911 1243 956 ne
1263 911 1318 974 per

257 1004 291 1050 se
314 987 435 1069 quidem
468 991 522 1052 uic
556 995 641 1056 recte
673 995 824 1060 contrariu
854 994 985 1077 ponitur,
1018 1013 1088 1058 cum
1120 989 1151 1056 in
1183 992 1318 1074 proximo

256 1109 348 1155 versu
381 1097 527 1175 sequatur
559 1097 674 1160 ciccum
713 1111 962 1182 commeatusque,
1007 1101 1092 1164 recte
1132 1098 1318 1164 Riischelius

256 1196 412 1264 iudicavit.
444 1199 480 1264 Id
501 1202 684 1268 vccabulum
704 1203 844 1270 additum
867 1207 930 1280 est,
952 1221 1063 1285 quum,
1087 1203 1167 1285 quod
1188 1199 1316 1266 Plsubus

256 1305 408 1383 posuerat,
431 1323 501 1370 cum
520 1307 705 1389 praecedenti
732 1302 823 1372 verbo
846 1307 1025 1374 coaluisseb:

353 1407 527 1474 Intercludc
548 1413 604 1475 iter
624 1413 766 1486 inimicis,
787 1421 820 1474 at
842 1421 875 1473 iu
896 1413 953 1478 ubi
973 1413 1060 1478 muni
1080 1414 1174 1478 uiam.

256 1510 316 1590 Qui
348 1523 548 1577 commeatum
583 1515 717 1594 effinxit,
747 1535 767 1580 s
797 1516 911 1581 litteris
944 1526 977 1578 at
1009 1526 1042 1578 tu
1072 1519 1225 1599 profectus
1259 1518 1317 1582 cst.

254 1615 440 1700 [Interclude
459 1621 516 1682 iter
538 1621 601 1686 iam
622 1621 784 1706 Buggius]
917 1679 920 1684 .

353 1724 421 1790 Ibi.
454 1724 532 1803 328,
575 1725 635 1788 329
669 1727 731 1804 (ii,
774 1726 804 1802 3,
847 1727 912 1809 57).
965 1729 1001 1792 In
1034 1728 1187 1794 codicibus
1213 1727 1318 1808 ,scrip-

253 1827 321 1892 tun
344 1831 406 1894 osb:

316 1933 376 1998 Sed
397 1935 477 2002 sores
496 1940 738 2021 concrepuerunt
759 1937 883 2002 ncsbrae.
912 1938 1060 2021 (scen).
1093 1939 1137 2002 Ac
1156 1955 1212 2020 ego
1234 1937 1317 2000 illico

493 2055 496 2062 ’
828 2042 948 2108 obserui
970 2043 1036 2120 (CI)
1061 2042 1103 2104 ilc
1125 2041 1269 2122 obscruis)

1072 2142 1076 2150 '
1115 2147 1206 2212 fores.

353 2249 460 2314 Prima
493 2249 553 2316 tn‘e
585 2251 688 2328 verbe,
721 2271 787 2332 ques
806 2249 1006 2319 Pulsesbrioni
1038 2253 1158 2327 duntur,
1191 2251 1230 2315 sd
1252 2250 1317 2315 eius

255 2371 417 2435 personam
438 2355 543 2436 inepte
564 2355 651 2430 sunt3
688 2375 787 2438 neque
809 2359 890 2422 enim
914 2357 994 2424 ullus
1015 2377 1086 2423 rere
1107 2355 1319 2439 concrepuisse

257 2456 336 2522 fores
360 2458 550 2541 significetur
581 2460 614 2523 in
635 2460 790 2542 proximis,
814 2481 871 2527 nec
902 2463 935 2526 id
956 2462 1117 2528 Palaesbrio
1140 2464 1240 2538 curut3
1263 2461 1319 2526 sed

254 2560 426 2640 Sceledrus,
461 2565 512 2646 qui
547 2583 579 2630 se
612 2562 874 2632 Philocomasium
903 2569 938 2632 in
973 2567 1216 2649 Periplecomeni
1243 2565 1318 2630 sedi·

254 2666 311 2731 bus
339 2667 451 2734 vidisse
487 2669 631 2734 credebat
663 2672 845 2750 strideret,
867 2673 987 2756 quique,
1010 2691 1048 2736 ne
1074 2692 1111 2738 eu
1143 2673 1263 2738 occulte
1284 2689 1318 2736 se
1359 2689 1362 2694 ·

256 2771 380 2836 domum
405 2773 513 2838 militis
535 2776 670 2854 referret,
698 2779 837 2853 cavebat,
858 2777 943 2842 totus
963 2777 996 2839 iu
1018 2778 1189 2858 suspicione
1210 2778 1243 2840 eb
1262 2777 1319 2841 cb-

254 2877 438 2954 servabione‚
467 2879 548 2946 fores
570 2881 629 2944 sibi
648 2881 770 2946 videbun
791 2883 1009 2963 concrepantes
1031 2881 1148 2947 audire.
1210 2883 1318 2963 licque

254 2981 283 3046 ei
305 2982 371 3046 haec
392 2984 486 3048 verbe
516 2984 617 3049 dende
638 2989 719 3052 suni.
777 2987 895 3052 Deinde
923 2989 1028 3051 cubem
1056 3005 1092 3052 ex
1114 2986 1234 3050 obcuui
1253 2987 1318 3050 rio·

253 3084 352 3150 ienber
374 3088 406 3150 ei
426 3088 667 3170 improbabiliter
687 3093 742 3154 eut
764 3111 898 3174 praesens
910 3092 965 3156 sub
977 3091 1114 3156 futurum
1129 3092 1318 3168 (cbccucccso

254 3192 397 3270 Riuchl.)
430 3194 576 3272 efficitur3
609 3215 707 3278 neque
729 3198 811 3261 recte
832 3197 1005 3262 huiusmodi
1026 3196 1180 3262 sententie
1199 3213 1254 3278 per
1285 3203 1319 3256 as
1386 3237 1391 3246 ·

210 3341 215 3352 ·
256 3315 325 3362 cum
348 3300 500 3380 superiore
523 3301 724 3384 coniungitur.
771 3301 843 3366 Sine
865 3303 955 3367 dubio
977 3299 1110 3368 Plcubrs
1133 3301 1253 3366 obcuuc'
1280 3320 1318 3366 er

255 3403 420 3468 obserendo
452 3406 503 3482 (ub
536 3408 681 3481 conserui,
703 3407 825 3484 inserui,
847 3408 1026 3490 quibuscum
1053 3407 1246 3472 coniunctum
1269 3407 1317 3470 est

253 3525 331 3573 seruc
353 3516 486 3588 nomeu)
508 3531 562 3594 pro
584 3512 723 3604 obseravi
741 3512 824 3586 dixit,
863 3513 1075 3596 significetque
1098 3511 1258 3576 Sceledrus
1280 3528 1314 3575 se

228 3607 355 3695 'ipsum
377 3613 457 3682 fores
490 3616 636 3682 clausisse
669 3617 701 3680 eb
731 3617 890 3700 pessulum
912 3617 1075 3697 obdidisse‚
1112 3636 1150 3681 ne
1171 3616 1316 3681 Philoco-

255 3722 387 3784 masium
410 3719 517 3785 furtim
538 3739 574 3785 ec
603 3722 667 3785 sine
689 3723 820 3805 strepitu
840 3741 895 3803 per
915 3721 995 3788 iores
1017 3722 1217 3803 semieperbss
1238 3722 1315 3812 irref

254 3841 325 3906 pere
347 3828 457 3907 posses.
515 3826 565 3891 Sic
586 3826 680 3910 igitur
702 3825 895 3891 scribendum
914 3827 972 3907 esb,
994 3825 1155 3909 preposite
1177 3825 1314 3892 Sceledri

252 3947 388 3994 nomme:
