3000 4638
628 266 752 324 Valerius
770 267 842 326 trra
1166 270 1226 334 317

204 463 270 530 rius
303 483 369 532 rem
403 463 575 550 permittit,
611 465 684 550 qnid
711 467 759 534 sui
785 467 827 535 sit
854 465 965 546 officii,
995 467 1080 538 dicit.
1133 470 1216 552 (Vol.
1253 472 1270 535 Ι

205 589 235 652 p.
258 569 298 632 67
323 571 410 651 ima.)
958 621 961 628 =

305 675 426 745 1de
461 677 500 741 18
534 677 647 746 excidi
679 677 807 746 verbum
838 679 979 762 aliquod,
1017 699 1088 748 curn
1120 682 1268 748 adhunc

204 778 337 860 formam
380 783 530 866 scriptm
567 782 668 853 esest:
722 781 962 866 Quapropter
1001 787 1078 854 hec
1106 788 1269 869 petissi-

205 905 303 950 mum
325 889 391 952 aut
412 886 452 954 in
473 886 609 956 liberis
626 881 897 980 ‚potentissimi
927 893 1031 976 regis
1145 895 1269 960 autin

204 989 357 1058 homine
411 992 532 1060 sertis
592 993 732 1078 ignota
788 994 1028 1080 [evenerint]‚
1088 1017 1135 1066 ne
1186 999 1272 1081 ipsa

205 1096 356 1180 quidem
491 1098 685 1167 rationem
714 1119 838 1168 rerum
869 1106 1007 1174 natura
1033 1103 1271 1178 reddiderit,

204 1222 275 1293 nou
300 1204 421 1290 magis
450 1223 572 1292 quam,
610 1204 702 1290 quid
731 1207 786 1272 ita
811 1206 868 1288 (sic
888 1209 971 1274 recte
995 1207 1080 1274 cedd.
1102 1208 1269 1274 deteriores

203 1327 260 1390 pro
298 1310 361 1392 qui
400 1310 467 1390 ita)
503 1311 708 1379 silvestres
746 1329 910 1398 capreas
1065 1315 1270 1398 tantopere

204 1413 409 1491 dilexerit,
432 1416 492 1482 cet.

304 1521 371 1587 Lib.
393 1522 435 1602 II,
463 1522 491 1598 1,
514 1522 548 1587 7;
580 1521 670 1606 quia
699 1521 799 1590 inter
820 1523 903 1590 ista
923 1525 1001 1590 tam
1022 1528 1156 1592 sancta
1177 1525 1270 1592 vin-

205 1624 293 1692 cula
323 1645 399 1692 ncn
431 1627 558 1714 magis
600 1645 714 1711 quam
752 1630 789 1696 in
826 1629 958 1714 alique
991 1634 1149 1698 sacratu
1185 1631 1270 1698 lecu

204 1731 353 1800 nudare
387 1751 425 1800 ee
455 1733 567 1808 nefas
597 1752 680 1803 esse
705 1733 950 1804 credebatur.
1002 1736 1166 1805 Manifesta
1197 1757 1272 1804 sen-

204 1837 302 1903 tentia
324 1839 460 1922 pustulat
474 1841 542 1925 fas
564 1859 653 1906 esse
685 1841 933 1934 credebatur,
965 1840 1025 1907 nisi
1052 1841 1167 1910 scribas
1197 1860 1271 1909 non

203 1945 335 2012 minue.
378 1944 501 2024 Eritne,
534 1946 586 2030 qui
618 1965 669 2014 me
692 1945 810 2025 deceat,
839 1966 915 2014 nen
947 1945 1081 2030 magis
1110 1947 1267 2030 interdum

203 2049 249 2116 sic
272 2050 360 2133 peni,
389 2054 425 2118 ut
456 2053 621 2137 utrumque
655 2051 852 2121 affirmetur?
907 2049 974 2132 (Gr.
1007 2052 1058 2121 Ia·
1077 2051 1138 2117 305
1165 2072 1196 2119 n.
1227 2053 1272 2132 2.)

204 2155 328 2222 Scilicet
349 2157 441 2223 scribi
462 2159 602 2240 poterat:
635 2177 713 2224 non
744 2159 786 2225 in
820 2159 980 2225 secrato
1014 2157 1149 2240 alique
1180 2159 1269 2226 lucc

201 2262 323 2348 magis
345 2265 453 2332 nefas
475 2282 559 2331 esse
581 2263 809 2330 credebatur
830 2283 940 2348 qnam
959 2265 1063 2360 inter
1094 2264 1171 2333 ista
1192 2265 1268 2330 tam

202 2371 340 2440 sancta
370 2369 533 2436 vincula.
571 2369 659 2453 Quod
698 2389 778 2436 nuuc
813 2370 973 2450 scribitur,
1008 2369 1110 2454 ipsum
1146 2371 1273 2439 curba·
1316 2435 1319 2442 ,

201 2475 282 2541 rinm
305 2477 361 2543 est.
397 2475 464 2562 [Sic
485 2476 548 2542 iam
572 2475 620 2542 ed.
643 2475 717 2542 Ald.
740 2473 958 2559 astercum]

302 2582 368 2648 Ibd.
401 2581 481 2664 2,5
515 2581 581 2666 (ubi
609 2581 750 2648 Valerius
778 2579 976 2666 'larentinam
1009 2579 1168 2646 civitatem
1189 2579 1266 2648 allu-

85 2679 92 2692 ”
202 2687 333 2772 quitari:
368 2686 532 2754 horridae
568 2685 728 2755 virtutis
760 2687 798 2752 in
831 2705 868 2753 se
903 2686 1026 2770 ipsum
1062 2703 1265 2752 convexum

203 2793 511 2863 stabilimentum
544 2792 668 2860 nitere
699 2792 862 2882 fortunae
897 2789 1097 2878 presencie
1127 2787 1268 2856 inflata

202 2897 410 2967 fastidiose
441 2899 619 2969 aestimas.
660 2897 768 2982 Neque
796 2915 998 2962 convexum
1019 2893 1265 2965 stabilimentum

203 3011 251 3074 est
271 3006 482 3092 appellaturus
505 3024 603 3090 neque
638 3003 732 3090 (qued
762 3003 814 3068 alii
842 3001 1015 3085 ediderunt)
1047 2999 1085 3065 in
1113 3019 1152 3070 se
1179 3019 1275 3066 con-·

202 3131 345 3178 nexum.
388 3111 529 3178 Valerius
552 3109 717 3196 scripserat
747 3110 845 3175 inse
869 3109 1054 3185 conicum,
1085 3113 1280 3176 successu?

203 3211 263 3292 κός
286 3221 334 3292 εἰς
356 3212 470 3296 ἑαυτό,
504 3217 653 3301 quomodo
687 3215 791 3280 Cicero
824 3231 853 3279 n.
876 3213 958 3280 deor.
980 3214 1031 3290 II,
1065 3213 1125 3278 115
1159 3233 1266 3282 omnes

105 3367 108 3372 -
202 3323 311 3390 mundi
340 3325 443 3408 partes
476 3323 552 3390 dixit
583 3320 749 3404 undique
784 3319 949 3386 medium
979 3318 1102 3384 lucum
1136 3337 1276 3404 capes·-

203 3431 334 3496 sentes
353 3428 553 3512 aequaliter
573 3425 657 3492 niti.
703 3425 773 3510 [Sic
795 3423 962 3510 nuperus]

302 3533 369 3600 lbd.
392 3534 426 3610 8,
458 3534 491 3596 3:
521 3532 707 3614 triumphi
740 3531 936 3611 honorem,
970 3529 1168 3595 decretum
1190 3529 1268 3594 sibi

203 3659 222 3706 a
243 3644 380 3706 senatu
407 3689 473 3718 ...,
498 3637 646 3721 sprevit
666 3655 708 3704 ac
729 3636 966 3720 repudiavit,
989 3631 1166 3700 nimirum
1188 3652 1259 3698 non

201 3745 311 3828 plura
349 3764 587 3830 praecerpens
626 3763 735 3828 quam
768 3740 1026 3808 acciderunt
1054 3737 1263 3803 Multitudinis

203 3852 385 3936 significatio
418 3855 450 3918 et
482 3850 670 3934 comparatio
707 3853 792 3929 (neu
820 3847 942 3932 plura)
979 3843 1103 3911 omnino
1132 3841 1266 3908 absurda

202 3959 259 4024 est.
306 3957 436 4023 Videtur
455 3958 548 4023 fnisse
571 3955 809 4040 ponpeium,
830 3956 867 4019 ut
888 3952 998 4036 Quae
1021 3951 1147 4017 eventus
1169 3965 1259 4028 supe·

202 4062 330 4135 rioribus
353 4063 504 4148 significet
542 4111 549 4130 .
