2924 4660
568 245 699 340 'eornm
1082 270 1172 344 589*
1221 259 1224 265 ’
1279 357 1280 364 Ν

220 485 288 549 Ibd.
313 483 362 556 22,
388 477 456 546 llis
480 482 548 548 Sed
570 483 794 547 invenimus
900 481 939 545 in
961 483 1029 546 boc
1052 500 1184 546 versu:

117 590 219 654 Inde
248 590 323 655 sibi
345 591 532 656 memorat
554 608 665 652 unum
690 579 900 670 superesse
922 588 1112 660 laborem,
1146 585 1187 650 id

118 699 199 770 est,
243 696 435 778 reliquum
474 713 557 761 esse
590 698 628 758 et
663 697 832 766 restare,
878 695 989 777 quod,
1025 694 1114 776 quia
1146 691 1186 754 id

118 806 198 879 est,
247 803 374 868 divise
418 801 747 882 pronuntiandum
791 802 866 874 est,
911 803 954 864 ut
997 819 1069 865 non
1113 817 1186 862 una

118 929 213 992 pars
246 907 562 976 orationis'esse
596 907 797 978 videatur,
837 907 906 970 sed
940 907 1031 972 duae.
1089 905 1187 970 Sensu

118 1034 225 1080 carere
237 1015 314 1080 illud
330 1015 418 1098 quia
430 1014 468 1077 id
483 1015 550 1085 est,
561 1003 754 1078 confitentur.
769 1012 984 1078 Scribendum:
997 1012 1093 1095 quod
1105 1011 1187 1094 qui-

118 1123 205 1184 dem
227 1121 356 1186 divise
372 1118 698 1200 pronuntiandum
716 1123 786 1183 est.
802 1119 866 1202 [Sic
878 1118 1028 1184 addente
1042 1116 1187 1200 Gronau]

221 1227 289 1292 Lib.
323 1225 368 1298 11,
402 1225 431 1300 2,
466 1225 503 1286 l:
569 1226 725 1307 Absque
767 1209 1012 1307 praeiudicio,
1056 1223 1188 1307 inquit

118 1335 289 1409 Taurus,
325 1334 366 1395 tu
401 1326 559 1396 interea
591 1331 777 1398 sededum
811 1351 894 1396 cum
922 1332 1187 1422 conspicimus

117 1440 430 1524 quaerimusque,
475 1442 605 1505 utrum
643 1438 868 1516 conveniat,
914 1441 1004 1502 teus
1049 1437 1187 1520 potius

117 1544 258 1609 sedere
365 1562 410 1606 an
433 1541 575 1607 filium.
610 1543 743 1606 Pravum
767 1544 950 1608 sededum
972 1553 1082 1627 (neque
1106 1543 1188 1606 enim

118 1651 158 1714 ab
181 1649 327 1732 cpeduur,
360 1648 511 1714 iteradum
543 1648 609 1712 baec
630 1648 729 1713 forma
750 1650 908 1714 transferri
930 1651 969 1714 ad
992 1651 1109 1714 eeteros
1130 1647 1188 1711 im·

91 1803 93 1809 -
117 1755 278 1838 perativos
300 1755 411 1838 potest,
444 1753 549 1818 addito
573 1754 744 1836 praesertim
767 1755 889 1830 lusarca,
925 1735 1061 1838 quocum¹
1081 1772 1188 1818 neces-

118 1863 199 1928 sario
231 1859 434 1944 coniungitur.
458 1859 554 1934 duan),
588 1877 716 1941 pravum
739 1880 895 1943 cumpro
918 1863 1020 1939 dum,
1059 1879 1188 1945 pravum

115 1966 404 2049 conspicerein
427 1967 485 2030 bac
506 1983 550 2029 re.
595 1964 772 2048 Superiores
795 1968 942 2034 edebant:
973 1967 1077 2043 sede,
1101 1966 1188 2030 dum

114 2059 377 2158 ins'pr'cimus3
411 2091 427 2136 e
461 2070 599 2135 codicum
621 2071 760 2156 vestigiis
784 2075 930 2140 efficitur:
964 2075 1067 2150 sede,
1103 2074 1188 2137 dum

121 2179 470 2262 circumspicimus
512 2179 808 2262 quaerimusque.
873 2179 910 2244 Id
954 2181 1108 2263 proprium
1146 2178 1190 2242 rei

122 2286 251 2350 verbum
289 2267 367 2348 est'
406 2283 522 2366 Saepius
558 2283 764 2349 animadverti
794 2286 860 2351 baec
900 2287 992 2350 rerba
1024 2304 1042 2350 a
1075 2286 1190 2346 circam

123 2390 294 2472 composita
327 2389 566 2472 (cirmamspica'o,
600 2390 799 2464 circumcide,
836 2391 1062 2466 circumscribo)
1098 2388 1191 2460 errori

123 2481 255 2561 obnoxia
276 2494 388 2570 fuisse;
426 2495 478 2560 cir.
502 2493 554 2566 VI,
578 2496 628 2573 3,.
646 2495 687 2562 32
710 2498 903 2581 (consumta)
926 2499 958 2562 et
979 2496 1052 2575 XII,
1078 2494 1126 2569 13,
1151 2494 1192 2556 20

124 2599 345 2678 (convallatus),
366 2600 405 2664 ad
427 2600 530 2666 Senes.
556 2603 644 2684 epist.
671 2603 740 2680 119,
765 2603 815 2668 10.

223 2706 292 2771 Ibd.
327 2707 345 2767 5
381 2708 413 2772 in
452 2707 599 2772 lemmate
631 2727 686 2790 pro
728 2709 857 2790 lepide
901 2708 1189 2790 designateque

123 2813 263 2878 detracta
312 2831 406 2896 prava
454 2813 580 2896 syllabae
623 2815 830 2897 geminatione
879 2813 1074 2880 scribendum
1124 2829 1190 2875 esse

122 2918 254 3003 lepide
287 2922 515 3004 sipucthua
551 2919 594 2998 (id
625 2921 672 2985 est
708 2922 827 3003 propria
855 2919 1133 3004 significanterque,
1157 2921 1191 2980 ut
1284 2935 1288 2945 ·

123 3023 243 3090 Gellius
265 3025 403 3108 proximo
426 3043 492 3108 cap.
526 3025 566 3102 6,
602 3025 621 3088 6
644 3026 751 3091 scribit
773 3028 804 3092 et
825 3025 1013 3102 Macrobius)
1034 3025 1096 3091 iam
1120 3023 1191 3086 Fal·

123 3133 240 3196 sterum
266 3133 427 3195 annotasse
449 3131 546 3196 video.

107 3313 109 3318 Ι
223 3235 570 3311 Ibd.6inlemmate‚
605 3238 656 3302 ubi
684 3239 800 3303 editur:
840 3242 879 3302 et
908 3237 1000 3320 quid
1026 3235 1099 3310 bis,
1130 3232 1191 3315 qui

123 3340 301 3424 improbe
322 3342 359 3405 id
381 3342 531 3416 dieunt,
555 3343 859 3426 respondeatur,
893 3342 983 3408 scribi
1013 3341 1103 3405 debet
1126 3338 1190 3422 qui
1307 3349 1310 3356 '

124 3447 427 3530 improbandum
448 3449 487 3528 id
504 3449 650 3514 dicunt.
685 3451 721 3518 In
743 3451 838 3532 ipsius
861 3449 971 3533 capitis
993 3447 1042 3532 §3
1067 3464 1191 3530 prorsus

125 3551 253 3618 ridicule
302 3552 419 3619 Busiris
463 3554 574 3638 dignus
618 3575 685 3620 esse
729 3556 841 3622 dieitur
891 3553 1191 3621 detrectatione

125 3659 246 3740 generis
269 3659 407 3736 humani,
440 3663 587 3742 tanquam
609 3662 689 3726 bano
709 3663 869 3738 habiturus
890 3663 1035 3728 immanis
1058 3657 1192 3724 crudeli·

117 3763 200 3846 tatis
223 3784 356 3845 poenam,
379 3769 413 3831 ut
434 3766 472 3830 de
496 3767 561 3830 eius
583 3767 725 3832 laudibus
748 3768 850 3832 invide
872 3766 988 3849 aliquid
1003 3764 1190 3829 detrabatur.
1300 3771 1303 3776 '

126 3866 322 3936 Ecodicum
355 3873 496 3956 vestigiis
538 3872 593 3950 (de
631 3875 890 3950 retractione,
927 3871 1191 3950 detractione)
1230 3925 1234 3932 .

128 3973 259 4039 efficitur
294 3997 353 4044 nou
395 3982 461 4044 tam
494 3979 586 4062 (quod
622 3979 673 4043 alii
695 3978 883 4056 ediderunt)
919 3978 1191 4043 detestatione
