2978 4644
550 291 684 350 OEearuuis
702 291 868 350 Orationes·
1133 299 1194 362 211

273 487 374 556 Venio
395 489 437 556 ad
458 491 603 574 quattuor
623 491 785 568 eradonas.
808 511 883 577 quse
902 496 1022 579 primus
1036 497 1237 566 Marklandus

172 610 191 657 a
212 591 358 662 Giaerane
378 595 586 671 abiudicavit,
618 595 704 662 nulus
736 599 889 665 sententie
910 619 930 666 a
950 601 1063 670 Wolfio
1091 608 1237 672 renovata

168 715 243 764 mm
267 698 457 783 uliqrmmdin
486 701 526 767 ob
552 699 613 768 viri
633 701 849 770 maturitatem
871 708 904 771 et
924 707 1126 776 accusationis
1163 729 1237 777 een-

170 803 332 872 bdentiear
352 805 522 892 viguisset,
557 823 640 873 nune
675 807 742 873 iure
770 812 928 876 communi
957 829 1105 880 aunsensu
1128 817 1236 882 relicta

170 926 208 974 aa
236 905 359 977 denuda
393 915 451 980 est.
508 913 574 998 ligo
604 912 679 997 qnid
710 913 749 979 de
775 917 841 982 tutu
868 915 1030 985 Woldana
1061 923 1236 1004 quaestionis

169 1031 283 1098 genere
317 1019 484 1096 sentirem,
513 1019 576 1086 dixi
615 1037 643 1086 a
679 1017 758 1083 1841
792 1025 908 1105 (epure.
934 1009 1023 1089 asad.
1055 1025 1088 1091 11
1113 1044 1143 1109 p.
1175 1027 1235 1093 339

169 1129 316 1202 amaneu),
339 1143 397 1192 nee
419 1125 458 1192 de
479 1145 515 1192 eo
536 1125 651 1192 iudidio
671 1125 834 1210 qmuqdum
855 1127 1039 1195 mutandum
1060 1131 1161 1198 uisum
1176 1135 1234 1211 est,

169 1243 243 1294 eum
262 1233 454 1312 pmtremurn
477 1250 504 1298 a.
524 1232 605 1296 1857
629 1233 757 1297 exeunte
778 1233 932 1300 orationes
952 1235 1060 1320 relegi,
1081 1236 1142 1301 nisi
1154 1238 1233 1320 qued

168 1333 271 1417 magis
293 1337 388 1402 etiem
409 1338 541 1404 miratus
563 1357 644 1416 sum,
666 1357 760 1422 quum
780 1338 858 1404 nihil
878 1357 1009 1424 usquam
1031 1339 1235 1409 densationis

168 1438 271 1508 ferma
291 1442 448 1510 subtiliter
469 1443 666 1512 observatum
688 1447 720 1510 et
741 1443 989 1512 animadversum
1010 1448 1107 1523 esset,
1141 1467 1234 1532 quam

166 1543 282 1612 leviter
313 1549 345 1613 et
381 1549 505 1616 ineante
535 1549 572 1616 de
602 1550 694 1617 rebus
714 1548 927 1632 institutisque
949 1550 1096 1618 &mania
1116 1553 1234 1620 iudiea-

167 1653 248 1718 tum.
294 1653 371 1720 Sunt
391 1655 439 1722 bre
461 1657 615 1724 orationes
636 1656 774 1736 tumida,
804 1655 910 1720 erebra
932 1656 1098 1722 earundem
1130 1677 1233 1724 rerum

168 1760 202 1824 et
223 1759 255 1825 in
276 1779 310 1827 se
330 1759 484 1829 laudando
517 1765 549 1828 et
576 1762 609 1827 in
629 1761 700 1829 aliis
723 1761 914 1828 insectandis
934 1761 1115 1846 repetitione
1137 1764 1234 1830 mole-

146 1879 149 1884 ·
170 1866 240 1945 sta,
260 1866 430 1953 iurgiorum
452 1871 484 1934 et
505 1869 711 1936 eunmaiorum
732 1867 871 1934 foeditma
886 1867 926 1934 ad
948 1870 1091 1956 nostrum
1110 1885 1235 1936 sensum

166 1970 258 2038 valde
278 1971 439 2054 insuaves,
460 1975 497 2040 ut
516 1975 673 2041 interdum
705 1975 872 2052 miremur,
904 1973 981 2040 talia
1007 1973 1039 2038 in
1065 1977 1176 2042 senatu
1204 1979 1235 2042 et

167 2075 252 2158 apud
272 2077 434 2160 pontifices
457 2079 517 2146 diei
537 2081 683 2165 petuisse,
718 2080 775 2147 sed
796 2080 950 2146 Ciceronis
972 2080 1055 2158 sunt,
1088 2079 1126 2145 de
1150 2081 1234 2147 statu

168 2179 291 2262 ddunt,
309 2183 475 2268 prisbuum
499 2184 659 2270 diguitatis
682 2186 715 2252 et
740 2184 932 2254 auctoritatis
952 2185 1113 2270 fastigium
1134 2205 1235 2270 neque

166 2286 266 2354 firmis
293 2289 409 2356 uiribus
437 2307 535 2376 neque
565 2293 718 2358 mussanti
750 2293 782 2358 et
812 2291 900 2376 gravi
923 2291 1035 2358 animo·
1053 2294 1232 2382 repetentis,

165 2393 300 2460 maiores
322 2395 447 2479 quidem
470 2395 537 2464 duae
560 2397 752 2476 certissime3
788 2415 861 2462 nem
882 2397 916 2461 in
944 2397 1116 2486 gratiarum
1138 2397 1234 2464 aetio-

165 2497 259 2566 nibus
280 2501 377 2590 pessit
398 2503 511 2570 saltem
532 2502 667 2588 intelligi
701 2505 822 2586 arrepta
843 2503 882 2568 ab
903 2501 1111 2568 declamatore
1132 2504 1231 2567 mate·

165 2603 216 2670 ria
237 2607 269 2672 et
289 2603 432 2674 subinnui
451 2601 615 2676 verberum
637 2626 711 2674 suno
734 2610 894 2684 aromata3
928 2607 984 2674 sed
1004 2607 1040 2670 nt
1060 2606 1092 2671 id
1113 2607 1232 2672 fastum

167 2711 340 2794 medumus,
363 2717 470 2780 ababa
494 2715 643 2782 traditam
668 2714 856 2779 memoriam
886 2711 964 2777 nihil
996 2711 1087 2796 uegit.
1144 2711 1233 2778 Adeo

166 2819 273 2884 autern
295 2817 442 2886 mendose
465 2821 597 2906 scriptae,
630 2837 664 2885 eo
686 2813 809 2904 quidem
840 2816 1066 2901 depravationis
1087 2837 1124 2884 ae
1144 2837 1233 2884 men-

165 2923 277 2989 dorum
311 2943 443 3010 genere,
484 2925 564 3009 quod
596 2925 674 2992 nibil
707 2925 820 2993 babeat
852 2943 923 2991 eum
962 2923 1070 2990 alienae
1105 2921 1234 3008 originis

166 3029 343 3113 suspitione
365 3031 570 3109 coniunctum,
592 3030 648 3098 sed
668 3032 833 3099 manifeste
855 3029 988 3098 librariis
1011 3030 1170 3109 debeatur,
1194 3029 1234 3096 ad

164 3151 223 3200 nes
243 3135 293 3200 bre
313 3139 467 3204 eradonas
486 3140 709 3220 pervenerunt,
740 3139 789 3214 ut,
823 3137 918 3203 etiam
945 3134 1082 3203 adhibito
1112 3153 1233 3200 summo

163 3257 238 3308 eum
258 3242 362 3310 lruetu
394 3245 499 3311 audies
521 3245 592 3312 Par.
614 3244 698 3308 7794
729 3246 763 3308 et
791 3243 831 3309 ad
863 3244 929 3308 eius
957 3242 1090 3326 vestigia
1111 3241 1233 3306 eunies-

163 3349 237 3415 ten
258 3348 387 3428 directa,
420 3369 483 3417 non
513 3367 611 3434 panea
644 3351 698 3414 aut
723 3349 842 3414 ineerta
873 3351 927 3415 aut
941 3348 988 3413 'in
1015 3349 1098 3414 uerte
1120 3348 1233 3414 mendo

163 3454 369 3540 relinquenda
389 3456 464 3522 sint.
505 3455 612 3538 ltaque
643 3455 758 3520 manda
783 3469 845 3520 nen
872 3469 942 3518 rare
967 3453 1032 3518 iam
1054 3454 1126 3520 ants
1149 3455 1235 3520 cedi-

165 3564 214 3632 ais
236 3562 307 3628 Par.
338 3561 464 3628 autem
484 3561 614 3626 beenter
633 3559 782 3626 mutando
796 3559 950 3625 oseultata
964 3557 1046 3636 sunt,
1067 3563 1103 3625 ut
1122 3559 1235 3626 leniter

164 3669 269 3737 ausari
292 3668 454 3754 nequeant.
496 3665 639 3732 Maurum
661 3664 912 3731 emendationum
932 3683 1078 3750 magnam
1100 3666 1233 3749 partam,

164 3773 303 3842 maxims
324 3773 355 3839 in
376 3772 513 3844 bradone
533 3773 573 3838 de
594 3772 695 3852 dume,
726 3771 790 3836 iam
818 3770 900 3852 apud
921 3769 1094 3853 Kaysenum
1117 3769 1232 3834 editam

165 3895 247 3957 sesa,
275 3892 367 3961 supra
395 3879 472 3954 dixi,
506 3895 581 3961 quas
602 3877 653 3941 bie
682 3876 864 3942 breuissime
891 3874 1002 3939 ueteris
1028 3875 1231 3957 interponam.

269 3985 370 4068 Oret,
405 3999 477 4052 uum
498 3981 627 4051 semlai
648 3981 775 4067 gratias
796 3981 880 4067 egit,
905 3981 954 4048 12.
998 3980 1098 4046 Codex
1120 3980 1232 4046 Pana

982 4109 1031 4160 rr*
