2918 4652
292 253 354 321 m
649 251 903 326 mmmm

250 455 483 520 adustionem
499 454 640 537 ponderis
652 454 730 520 lruae
742 451 876 518 exhibid'.
909 453 974 520 Ser.
989 451 1196 516 Batonem
1209 451 1316 532 oepit

250 564 289 627 et
334 559 520 644 appendit
572 563 686 643 utque
736 560 783 624 ed
837 560 922 625 eius
976 560 1161 625 aestimet
1204 555 1313 640 pout.

251 667 384 748 pisces
405 665 542 732 omisis
564 666 747 732 exhibuit
777 667 891 749 (pison
912 667 971 744 tot
994 667 1030 730 ut
1049 664 1177 732 Mena
1197 663 1316 746 pondus

249 775 427 856 equurent).

351 877 499 942 Aleruud
531 878 599 941 Ser.
625 877 679 938 14:
710 875 781 942 hos
813 877 1026 960 recepisse
1053 875 1205 940 dieitur
1226 893 1315 939 sor-

250 987 420 1048 sus...et
441 984 605 1066 primum
628 983 781 1065 quidem
803 985 988 1050 sortibus.
1021 982 1149 1048 Videtur
1166 981 1318 1046 roserol-

251 1087 351 1154 disse:
375 1091 415 1154 et
434 1089 599 1170 primurn
622 1087 781 1171 quidem
809 1085 954 1152 Grecis
983 1088 1180 1164 sortibus3
1213 1087 1318 1170 sequi·

251 1199 302 1260 tur
324 1195 407 1260 euim
441 1197 481 1260 et
507 1195 584 1259 hese
606 1194 762 1278 quidem
785 1195 830 1259 de
852 1195 996 1262 Grauis
1017 1193 1212 1268 versibus,
1248 1195 1318 1258 tum

250 1301 399 1366 tremitur
420 1300 460 1364 od
481 1301 625 1377 Letiues;
649 1302 784 1366 sortibus
804 1302 908 1367 omnis
929 1302 994 1367 haee
1015 1301 1192 1386 egeremus.

220 1457 227 1464 .
349 1405 416 1470 Ibd
440 1407 496 1472 15:
540 1407 660 1472 Fures
693 1407 873 1472 iudicare
897 1408 1023 1472 iussit
1057 1407 1094 1470 iu
1128 1405 1318 1470 eiriteti·
1419 1397 1421 1478 ¹

251 1514 319 1578 bus
341 1512 436 1577 ullis
458 1531 650 1596 uunquam
673 1512 799 1578 rideri
821 1518 874 1592 et,
910 1512 1211 1584 siesseutrisi,
1248 1513 1317 1576 de·
1421 1490 1422 1564 ¹

248 1619 399 1703 posteri
420 1637 487 1700 per
508 1624 680 1684 restores
702 1619 1004 1701 provinciarum.
1052 1617 1124 1684 diue
1153 1621 1322 1684 msuost
1422 1580 1423 1648 ¹

248 1725 435 1790 iudieore
467 1724 592 1790 rideri
622 1725 779 1806 (videntur
801 1726 991 1810 intelligere,
1021 1725 1109 1807 quusi
1138 1724 1182 1789 sit
1201 1723 1318 1788 iuditio
1423 1670 1424 1754 ¹

250 1829 658 1908 veterevideri);oeereturi
668 1831 1062 1914 potersotinulleoivltute
1073 1830 1180 1894 videri.
1196 1828 1320 1896 Omitto
1424 1839 1425 1844 ’

248 1935 343 2000 ullis
360 1937 664 2019 nunquamduoo
677 1940 796 2003 eertum
808 1935 1319 2014 etintuoiulonest(vioeri.·.,

248 2042 283 2106 si
299 2045 434 2106 esseut
446 2041 551 2118 risi),
563 2043 686 2108 mount
697 2044 829 2109 editores
843 2045 1040 2126 soribuotque
1056 2041 1188 2108 iussit
1212 2041 1318 2124 Serip-
1427 2028 1428 2061 ¹

250 2149 333 2216 sont
353 2147 566 2230 Lampridius:
611 2149 729 2213 Fures
754 2149 951 2212 iudicatos
973 2148 1097 2214 iussit
1116 2148 1153 2212 iu
1173 2147 1317 2212 eivita-
1428 2117 1429 2196 ¹

250 2252 460 2316 tibuseuis
492 2271 684 2336 uunquam
722 2255 869 2329 videri,
907 2258 960 2330 et,
988 2256 1189 2320 ¹siesserrt
1220 2253 1317 2326 risi,

249 2357 451 2440 deportari
472 2362 532 2424 eet.
586 2360 758 2435 interdixit
780 2379 820 2425 ne
841 2360 874 2424 io
895 2360 960 2424 suis
981 2359 1156 2425 eivitutitus
1177 2375 1316 2443 uuqusru

250 2465 500 2547 oouspioerentur
521 2465 670 2548 (oonspioi
695 2467 865 2543 auderent).

347 2568 415 2634 Ibd.
439 2568 497 2634 22:
531 2571 592 2637 ios
628 2571 1030 2644 conformationes,
1064 2567 1315 2652 quodimpu·

248 2693 310 2740 rus
330 2674 402 2740 ille
424 2676 660 2753 sustulerat,
682 2678 745 2743 hio
770 2677 949 2742 omnibus
971 2674 1155 2740 reddidit.
1204 2673 1316 2758 Neque

248 2783 295 2844 ires
317 2782 453 2866 eoresose
473 2801 513 2846 ue
534 2781 566 2845 hi
588 2782 711 2864 quidem
736 2783 899 2866 scriptores
920 2781 1062 2847 dixerunt
1082 2798 1136 2864 pro
1158 2797 1203 2856 eo,
1232 2779 1312 2863 quod

247 2889 295 2952 ost
316 2887 501 2972 conserendi,
523 2907 629 2971 neque,
652 2888 734 2972 qued
754 2890 798 2954 sit
819 2890 877 2954 hoe
897 2888 946 2952 ius
967 2889 1097 2952 retioues
1124 2886 1312 2962 metuendi,

247 2992 408 3075 quisquam
431 2993 549 3068 dixerit,
572 2999 612 3072 et
646 2995 672 3059 si
702 2994 777 3077 quid
798 3013 835 3060 es
856 2994 949 3059 verbe
969 2993 1143 3076 siguil'reore
1164 2991 1312 3076 fingimus

248 3100 360 3175 (soluts
394 3099 447 3164 dus
484 3101 585 3165 Reeht
614 3099 823 3184 Reohouugso
856 3105 946 3165 untur
976 3099 1041 3190 sich
1079 3098 1311 3176 absumsisse),

247 3203 398 3270 eiusmodi
419 3209 475 3277 esi,
512 3209 548 3270 ut
568 3223 608 3270 ne
640 3207 747 3271 insono
771 3205 893 3289 quidem
915 3207 948 3270 iu
970 3207 1108 3270 mentem
1131 3204 1235 3268 venire
1256 3221 1311 3287 po·

246 3309 339 3376 uerte
369 3293 401 3374 ie
433 3312 541 3376 olleo
570 3313 625 3376 aue
650 3313 758 3393 merea
788 3309 907 3376 euerso
938 3329 1013 3395 opus
1038 3309 1140 3376 uest.
1199 3309 1314 3374 suess

224 3417 404 3499 ·perspieue
426 3417 609 3501 sigoidoutio
632 3417 688 3491 rei,
724 3417 811 3482 euius
834 3416 873 3482 od
894 3417 971 3482 huno
989 3419 1113 3482 oetatem
1135 3420 1311 3500 propagare

246 3521 330 3586 eliud
363 3524 574 3588 testimonium
609 3523 730 3588 nullum
766 3522 932 3587 hebemus:
975 3521 1040 3588 Ius
1080 3521 1311 3607 confoma-

247 3628 367 3690 te'oos'e
517 3629 701 3694 reddidit
760 3627 798 3692 Id
833 3629 953 3710 poterut
980 3628 1049 3693 tolli
1080 3630 1112 3694 et
1146 3627 1244 3706 reddi,
1277 3629 1313 3692 et

246 3733 373 3818 dignum
395 3735 597 3820 Heliogabalo
622 3737 688 3800 eret
721 3733 950 3800 sanctissimum
973 3733 1148 3817 nuptisrum
1171 3734 1309 3799 arimo-

245 3838 328 3904 eiom
350 3837 467 3904 tollere.

346 3945 410 4010 lbd.
442 3945 502 4010 33:
545 3946 717 4028 Corpore
752 3946 920 4012 omniurn
945 3945 1170 4026 ¹coustituit
1200 3941 1309 4010 viue-

244 4051 410 4129 riorum,¹
444 4051 743 4134 lupinerioruru,
781 4050 1055 4135 caligariorum
1088 4053 1126 4116 et
1156 4049 1310 4116 omniuo
