3000 4638
281 227 343 292 334
638 229 786 288 Libvnl.
802 229 867 302 Cap.
880 231 905 286 1.

240 431 334 498 Aliud
369 434 419 497 est
448 451 480 494 re
527 437 741 514 reprensentare
784 429 880 512 (apud
912 429 1116 497 Columellam
1150 434 1182 498 et
1212 434 1309 500 iuris-

239 537 423 614 consultus),
457 537 515 602 hoo
536 539 598 611 est,
634 537 819 618 praesentem
840 535 958 611 adesse,
981 536 1065 602 ahud
1091 549 1307 624 rproesentzre

239 641 359 727 aliquid
383 645 438 708 aut
458 642 601 727 abquen,
623 641 680 708 hoo
700 642 758 718 est,
781 641 897 718 latere,
919 645 955 707 nt
986 643 1068 712 adsit
1087 647 1143 711 aut
1166 643 1307 712 rideatur

239 748 357 825 adesso,
388 748 476 831 qnasi
506 747 540 811 in
561 746 659 812 vitam
679 763 823 812 reroearo
845 747 878 812 et
898 748 938 812 ob
959 750 1062 815 oeulos
1082 769 1221 834 ponere;⁸
1241 749 1310 818 rid..

238 853 329 920 huius
350 854 422 919 libri
443 872 468 918 a
492 855 529 916 11
550 854 586 918 li.
608 854 640 920 4.

339 956 408 1024 Ihd.
441 959 478 1025 h.
514 960 552 1022 2:
591 961 634 1024 nt
665 977 770 1042 aque
804 961 1055 1028 terrestrium
1090 963 1308 1028 scelestum

239 1063 634 1148 Karthaginiensium
688 1065 883 1148 copiarum
936 1085 1135 1151 egressum
1194 1069 1306 1132 terra

239 1188 349 1253 quam
382 1169 670 1236 maritimarum
700 1167 904 1253 Neptunus
938 1173 1194 1256 experiretur.
1241 1172 1306 1237 Ne-
1386 1173 1394 1190 ¹

239 1277 381 1354 cessario,
413 1276 495 1360 quod
517 1278 549 1341 et
568 1275 688 1341 librarii
709 1275 835 1359 quidam
866 1279 898 1342 et
930 1277 1063 1343 editores
1088 1277 1236 1353 fecerunt,
1257 1279 1304 1343 te-

238 1382 340 1447 nenda
359 1382 560 1466 transpositio
580 1381 612 1446 iu
633 1381 660 1445 Β
682 1381 872 1466 siguiheata:
905 1385 945 1448 ut
966 1401 1070 1467 aeqne
1089 1383 1303 1450 scelestum

237 1488 486 1552 terrestrium
519 1488 559 1555 Κ.
590 1488 800 1571 copiarum3
836 1488 891 1552 sed
928 1487 1032 1568 donni,
1067 1491 1100 1555 ni
1120 1489 1220 1568 fallor,
1247 1489 1303 1554 ant

237 1613 408 1676 gressum
440 1595 496 1659 aut
537 1597 749 1677 inpressum
781 1591 978 1659 seribendum
1020 1599 1078 1661 est.
1136 1595 1185 1669 (ln
1218 1593 1254 1661 E.
1284 1591 1304 1655 3

238 1698 409 1776 Halmium,
430 1719 470 1764 ue
493 1701 587 1768 errori
608 1698 724 1766 eodiois
750 1697 778 1762 B
799 1698 945 1776 (amieo
971 1703 1049 1780 suo)
1078 1701 1304 1784 obsequeretur,

239 1806 271 1869 et
304 1805 378 1870 ordo
409 1809 571 1873 verborum
603 1808 636 1871 et
666 1805 821 1870 sententia
847 1806 980 1872 retinere
1009 1806 1157 1883 debebat3
1194 1809 1306 1890 praetor

239 1910 320 1976 eires
341 1912 496 1979 Romanos
517 1909 716 1976 Mithridates
744 1912 865 1976 simul
896 1911 1004 1976 amieis
1034 1911 1205 1978 iuterieotis
1236 1911 1304 1995 pia-

238 2016 308 2081 eula
329 2017 437 2094 solvit;
460 2017 516 2083 sed
536 2037 554 2081 e
576 2015 691 2082 eodieis
713 2017 852 2101 vestigiis
874 2015 999 2099 (ullos)
1019 2016 1088 2082 fieri
1109 2017 1233 2084 ridetur
1249 2017 1305 2082 aut

238 2121 343 2185 alios
363 2125 507 2190 amieos
528 2143 620 2189 suos
641 2125 697 2188 aut
717 2122 857 2187 multos
877 2142 947 2188 am.
970 2127 1082 2200 suos.)

338 2229 403 2309 (De
423 2229 480 2308 lx,
502 2230 524 2291 2
544 2229 579 2293 ll.
602 2230 623 2291 4
645 2229 762 2294 dietum
784 2231 834 2295 est
854 2229 914 2294 vol.
935 2229 951 2292 l
972 2249 1002 2312 p.
1023 2229 1091 2304 41.)

337 2333 405 2398 Ibd.
436 2335 473 2400 u.
502 2337 537 2401 b:
574 2333 668 2402 adeo
691 2352 790 2399 eaeo
822 2334 950 2399 furore
981 2351 1128 2400 summa
1149 2351 1309 2416 qnaeqne

239 2438 470 2507 effervescit
501 2441 736 2519 erudelitas,
773 2457 855 2504 eum
886 2440 1168 2504 munimentum
1201 2457 1243 2522 ex
1263 2456 1306 2503 se

237 2545 319 2628 ipsa
337 2547 523 2630 repperit
567 2548 787 2629 Intelligerem,
820 2547 848 2611 si
875 2545 1059 2611 scriberetur
1088 2543 1306 2609 munimen-

237 2653 318 2716 tum
337 2654 475 2735 quaerit
496 2655 717 2737 (quaesivit);
743 2670 823 2718 nune
844 2649 1042 2717 scribendum
1062 2667 1190 2734 prorsus
1211 2651 1307 2731 puto:

237 2775 320 2822 eum
340 2759 610 2822 nutrimentum
643 2777 685 2826 ex
716 2777 756 2824 se
787 2759 879 2841 ipsa
913 2755 1096 2840 repperit
1151 2755 1195 2821 llo
1218 2753 1302 2844 enim

235 2863 375 2946 proxima
394 2863 559 2946 pertinent

337 2967 405 3034 Ihd.
426 2969 457 3044 3,
479 2970 514 3033 5:
547 2969 730 3053 quotiens
762 2967 939 3034 viatoria
966 2968 1108 3034 viatrix
1131 2967 1190 3046 (ira
1210 2965 1316 3045 tuiqt·

238 3072 632 3158 congratulationem
654 3074 734 3141 eins
755 3075 793 3140 in
818 3075 1014 3157 Torquato
1035 3071 1304 3157 spernendam,

235 3179 275 3244 in
296 3179 415 3245 l'abio
444 3180 748 3264 pulcherrimam
780 3181 929 3264 partem
964 3179 1232 3251 omittendam,
1265 3175 1304 3239 in

236 3285 358 3369 Appio
379 3287 503 3350 totam
524 3285 623 3369 fugae
644 3287 949 3371 postponendam
970 3283 1159 3352 reddidit.
1205 3279 1304 3347 Serib.

238 3393 418 3455 eredidit.
472 3389 555 3456 Nam
597 3392 757 3456 victoriam
798 3393 924 3456 reddere
959 3388 1204 3476 postponendam
1247 3403 1305 3468 pro

237 3517 283 3573 eo,
305 3497 387 3581 quod
408 3499 459 3563 est
478 3497 596 3583 faeere,
627 3507 662 3560 ut
687 3507 901 3583 postponatur,
924 3517 1011 3563 mera
1028 3497 1061 3560 et
1083 3497 1168 3560 eerta
1190 3492 1304 3558 harba-

236 3609 295 3674 ries
317 3609 375 3674 est.
422 3603 488 3686 [Sio
509 3604 579 3672 edd.
603 3606 720 3689 aliquot
740 3604 889 3688 veteres]

336 3711 402 3776 Ibd.
437 3711 507 3778 hrt.
540 3730 682 3795 procem:
724 3711 912 3776 Voluntas
954 3709 1061 3792 operi
1101 3706 1217 3772 eadat
1256 3705 1307 3784 (nt

236 3820 438 3885 maximorum
465 3819 601 3884 virorum
633 3817 710 3882 uitia
737 3833 777 3880 no
800 3815 972 3896 sileantur),
1007 3814 1094 3878 dum
1119 3811 1306 3895 praeclara

235 3925 408 3991 libenter
438 3922 642 4008 probanda
684 3923 911 3988 necessaria
940 3919 1127 3986 narrandi
1154 3915 1306 3983 eonsti-

237 4033 343 4098 entia
373 4013 445 4098 non
481 4031 594 4096 desit.
643 4028 693 4093 sie
725 4028 753 4092 B
786 4045 805 4093 a
835 4027 936 4110 prima
958 4041 1069 4103 manu;
1105 4026 1138 4090 in
1164 4020 1307 4107 margine
