2978 4644
304 257 375 322 ,¹184
661 255 723 318 ies
740 255 802 316 m.
816 255 934 325 wll.

260 457 314 526 -ad
330 457 449 535 (ineos,
470 455 624 537 paudum
640 453 739 526 etiam
760 453 802 522 ed
819 453 944 528 livium
977 451 1097 534 albem
1117 453 1267 528 soona.
1294 455 1333 527 ut

270 563 394 630 tnnmm
414 580 470 645 per
500 557 874 642 nominenominee
895 558 1112 642 uenonamutu
1131 561 1189 633 aut
1209 559 1332 638 sabel*

207 717 210 722 -
263 687 340 734 -rom
361 667 517 734 ooeasiono
530 666 602 742 ,aut
619 666 655 736 iu
674 665 784 736 finiam
811 663 898 737 libris
920 662 1179 748 monentesque,
1212 665 1332 738 demin

272 771 424 847 editionis,
459 773 515 837 aut
545 771 573 836 si
602 790 670 854 quae
701 770 887 838 exbinsoeus
920 783 1013 832 eausa
1039 787 1089 834 me
1116 773 1331 848 commoverat.

270 877 375 960 nsque
395 895 431 944 eu
447 877 499 951 iis,
534 895 603 960 qum
624 895 660 948 eu
681 875 745 946 illis
766 875 876 946 studiis
903 872 936 939 iu
957 874 1147 960 marginibus
1165 877 1202 942 et
1223 875 1331 942 adver·

269 982 361 1050 aeriis
384 983 529 1052 mantela
550 983 712 1060 habebam,
746 998 915 1064 permagna
935 995 1016 1068 pars,
1038 979 1074 1044 ut
1095 999 1187 1063 sopra
1208 980 1242 1050 iu
1257 999 1333 1066 qne·

269 1089 360 1154 oemio
389 1087 464 1167 dini,
492 1088 525 1152 in
554 1086 687 1156 alionum
721 1086 809 1155 libris
826 1085 976 1169 evulgata
1006 1085 1063 1164 est,
1099 1085 1145 1154 its
1174 1089 1211 1152 ut
1241 1105 1331 1166 uuus,

260 1194 414 1276 ,quonism
445 1195 501 1264 ills
535 1193 647 1298 omuiu
683 1211 752 1276 quoe
789 1193 853 1262 iem
878 1189 963 1258 edite
995 1191 1077 1270 sunt,
1109 1191 1229 1270 omitto,
1264 1194 1332 1276 pest

268 1317 407 1368 messem
428 1300 564 1382 amplam
586 1298 779 1384 spicilegium
811 1297 1008 1382 relinquatur,
1041 1298 1074 1364 iu
1102 1297 1172 1368 eliis
1192 1299 1332 1384 uentibus.

269 1406 371 1480 tenuo,
394 1404 426 1472 in
449 1404 528 1481 eliis,
549 1405 586 1470 ut
608 1403 798 1476 orationibus
820 1404 945 1487 aliquot,
968 1402 1133 1486 opusne,
1154 1404 1210 1474 sod
1231 1407 1331 1477 otoo

269 1509 453 1592 dispersum.
500 1509 566 1574 Neo
598 1527 673 1600 sene
697 1509 855 1592 aequaliter
875 1526 930 1590 por
951 1527 1058 1576 omnes
1080 1507 1234 1580 Gioeeonis
1253 1527 1331 1596 oue·

268 1633 337 1680 num
370 1619 473 1699 partes
507 1613 702 1698 diligentiam
735 1613 925 1692 oinomeli,
959 1614 1015 1680 sed
1046 1615 1139 1698 louge
1161 1614 1328 1687 studiosius

267 1720 419 1788 orationes
441 1723 473 1788 et
490 1721 587 1790 libros
609 1721 647 1788 da
668 1721 867 1804 pbilosophis,
890 1739 909 1786 a
929 1719 1040 1802 quibus
1063 1739 1224 1804 ceperam,
1247 1722 1330 1790 tene

267 1825 346 1903 tnni3
376 1827 416 1892 sd
437 1827 611 1896 rhetonieos
627 1828 731 1902 fibros,
754 1827 808 1912 qni
826 1827 1002 1910 argumenti
1023 1845 1137 1910 geuene
1158 1845 1218 1896 nou
1240 1826 1329 1899 valde

267 1929 446 1999 alliciebant
468 1935 499 1998 et
520 1933 552 1998 in
575 1934 685 2016 quibus
707 1931 779 2008 fere,
802 1931 975 2016 praesertim
998 1933 1070 2000 enta
1090 1932 1146 2000 XL
1168 1932 1222 2000 eut
1242 1928 1330 2001 XXX

267 2053 373 2116 annos,
396 2039 619 2107 eodieibusaut
635 2039 794 2106 nonbonis
816 2041 871 2106 aut
899 2038 1001 2104 minua
1023 2039 1187 2124 diligenter
1209 2037 1328 2107 nolletis

268 2141 454 2212 eredendum
467 2147 576 2214 enatet
587 2165 669 2212 nune
682 2165 801 2230 quoque
812 2163 925 2230 megne
945 2163 981 2212 ex
1001 2147 1098 2228 pente,
1121 2147 1157 2210 ut
1179 2144 1212 2210 in
1233 2143 1329 2213 Bruto

118 2262 123 2271 ·
268 2245 414 2332 librisque
436 2250 475 2316 de
499 2253 629 2328 oratore,
655 2253 841 2321 eredendum
863 2252 920 2328 est,
941 2255 1014 2334 post
1037 2270 1161 2338 operam
1173 2249 1328 2316 Henrieh-

267 2354 353 2420 senio
385 2376 455 2424 meo
484 2358 625 2424 inlibris
658 2359 696 2425 do
730 2358 849 2422 oratore
877 2357 1025 2433 (nondum
1053 2357 1204 2440 promoto
1226 2355 1328 2422 codiee

264 2459 459 2540 Abrinoensi)
471 2463 696 2531 commodatam
708 2481 775 2528 roro
785 2461 872 2536 redii,
886 2463 997 2530 scholis
1010 2482 1062 2532 eos
1077 2481 1233 2546 nunquam
1244 2463 1328 2543 luno·

258 2565 345 2642 ·levi;
382 2587 438 2636 neo
460 2570 604 2651 epistolas
626 2572 698 2653 post
719 2589 746 2633 a.
772 2567 852 2634 1836
874 2571 905 2634 et
934 2568 1013 2632 1837
1036 2567 1133 2652 relegi
1154 2568 1327 2642 continuam

261 2672 431 2753 uertieules
454 2675 577 2758 quidem
600 2695 692 2758 steps,
714 2677 750 2740 ut
770 2675 816 2750 fit,
838 2673 984 2758 pessumi.
1026 2673 1096 2740 Hoe
1117 2673 1193 2750 loeo,
1223 2675 1259 2738 ut
1279 2691 1329 2741 re·

266 2781 389 2860 septum
411 2781 550 2849 ordinem
574 2799 706 2864 sequar,
738 2801 758 2846 s
779 2781 867 2848 libris
888 2778 1047 2848 rhetoricis
1070 2777 1249 2848 ordiendum
1267 2781 1327 2870 est·

262 2884 411 2968 uqdons
424 2883 1214 2970 quiproprieutotenieonnmnomineinsoribunbu,
1235 2885 1326 2983 uulgo

265 2992 369 3056 eutem
390 2988 430 3056 de
450 2989 636 3060 inventione
656 2993 861 3076 appellantur,
883 3010 1007 3075 possum
1018 3009 1105 3074 pane
1117 2991 1230 3082 taoitm
1246 3010 1325 3086 unne-

263 3093 367 3160 terite.
410 3096 492 3162 Nem
514 3098 631 3164 duabus
654 3098 842 3173 eonieeturis,
876 3115 952 3180 ques
974 3095 1013 3160 ds
1034 3096 1059 3172 Ι,
1096 3097 1272 3176 bleffiei)
1295 3097 1327 3161 et

263 3199 302 3264 de
326 3201 367 3278 II,
390 3200 431 3264 de
453 3205 705 3281 (conservati)
727 3202 882 3285 positurus
905 3221 1000 3279 eram,
1022 3202 1190 3284 occupatis,
1228 3203 1283 3270 ille
1307 3223 1327 3270 a

262 3304 440 3392 Pluygersio
463 3309 511 3391 (et
529 3309 651 3393 Engeuo
671 3309 780 3376 Philol.
804 3308 893 3374 XVII
913 3330 943 3392 p.
970 3309 1053 3390 110),
1075 3308 1134 3376 hae
1153 3328 1174 3378 s
1195 3308 1326 3394 Nipper·
1387 3341 1390 3344 ·

262 3409 580 3498 misenensem
612 3413 695 3498 pres.
728 3435 757 3498 p.
779 3414 855 3480 XXI
875 3421 929 3493 n),
963 3433 1025 3484 una
1048 3415 1109 3484 vol·
1129 3411 1149 3476 Ι
1167 3433 1200 3500 u·
1223 3414 1262 3478 57
1286 3411 1324 3490 (Ι,

262 3515 301 3581 91
339 3517 550 3601 Graoehus)
583 3520 676 3599 edite,
712 3522 762 3588 vin
794 3522 852 3594 est,
885 3539 939 3585 our
974 3519 1086 3589 addam
1119 3520 1174 3588 lib.
1210 3521 1251 3595 Il,
1285 3517 1326 3580 64

262 3622 457 3692 scribendum
486 3643 553 3694 esee
583 3627 643 3694 sle:
678 3627 779 3710 quod
815 3627 945 3692 altera
986 3625 1139 3709 (paeonia)
1173 3623 1325 3710 pnpilli

261 3726 336 3794 ism
360 3733 441 3796 eset
463 3777 471 3792 .
495 3781 503 3798 .
525 3781 532 3798 .
556 3732 587 3798 si
607 3731 703 3814 qnid
720 3730 880 3815 pupillo
910 3727 1145 3806 accidisset,
1179 3729 1222 3793 de
1241 3815 1245 3820 Ι
1264 3729 1325 3798 el·

259 3835 346 3902 tera
374 3837 503 3918 petris
539 3837 761 3906 etiamnuno
794 3836 944 3902 mortui
975 3837 1156 3902 noluntas
1189 3835 1322 3922 pluri-

257 3958 360 4006 mum
382 3941 550 4019 valebit,
579 3960 661 4024 quse
690 3963 772 4004 eam
793 3946 941 4009 mortuo
963 3941 1112 4026 pupillo
1134 3987 1142 4006 .
1164 3986 1173 4004 .
1195 3987 1204 4006 .
1228 3960 1324 4006 oon-

1477 315 1483 580 ψ
