2970 4648
508 308 539 365 L.
558 307 658 362 Seneca
675 308 782 376 questi.
801 309 888 364 natur.
1127 309 1189 372 453

169 509 301 584 (terrae
335 505 506 587 sinus).¹)
554 504 615 571 Sed
644 523 683 569 ne
705 522 740 568 aa
763 504 902 588 quidem,
930 525 996 589 quae
1019 508 1237 591 subiiciuntur,

170 612 282 678 mendo
326 630 429 678 carere
461 611 551 694 puto:
599 611 681 676 Nec
714 611 820 676 enim
854 609 972 691 video,
1014 613 1108 696 quid

167 718 322 795 obstet,
378 716 591 800 quominus
646 714 846 781 habeatur
896 716 937 781 in
987 719 1229 788 abscondito

166 823 293 888 etiam
335 821 502 907 aliquod
544 821 650 886 litus
694 822 733 886 et
772 839 841 902 per
877 823 1058 892 occultos
1091 826 1229 893 aditus

165 931 373 1012 receptum
394 945 509 994 mare.
564 927 646 992 Nam
669 945 768 1010 neque
790 926 982 994 habeatur
1003 948 1056 1013 pro
1078 931 1134 996 sit
1155 931 1229 1011 lero,

170 1039 202 1100 et
223 1035 297 1100 litus
329 1034 454 1119 aliquod
475 1032 583 1100 baberi
603 1032 706 1115 inopte
728 1032 790 1097 dici
811 1033 949 1112 videtur,
986 1054 1055 1100 oum
1078 1056 1164 1102 mere
1185 1037 1229 1104 ibi

164 1159 231 1208 esse
260 1139 457 1224 significetur.
516 1137 661 1221 Suspicor
690 1137 803 1202 fuisse:
840 1140 1050 1222 quominus
1087 1141 1229 1206 lrabeat

163 1248 203 1312 in
235 1246 482 1313 absentiam
517 1241 684 1326 aliquod
719 1243 821 1309 litus
842 1263 912 1328 per
933 1248 1117 1315 occultos
1141 1251 1228 1317 adi-

162 1355 228 1418 tus
262 1353 470 1435 receptum
504 1367 610 1414 mare
646 1349 772 1427 (omisso
803 1351 863 1435 et).
910 1351 996 1419 Mare
1024 1358 1162 1422 nostrum
1191 1377 1226 1425 eo

165 1460 280 1524 intrare
302 1461 334 1523 et
354 1457 397 1524 ibi
418 1457 512 1522 etiam
534 1454 609 1520 litus
631 1455 744 1520 habore
766 1455 888 1522 dicitur.

262 1563 329 1630 Ibd.
352 1563 382 1641 8,
410 1562 429 1626 3
458 1561 655 1628 scribendum
677 1562 741 1626 est:
775 1581 789 1622 c
814 1563 926 1628 terra
947 1562 1065 1630 illum
1087 1567 1224 1648 (Nilum)

163 1689 392 1755 erumpere,
414 1687 489 1734 nou:
513 1668 671 1734 aberra.
717 1665 840 1731 Omissa
861 1669 931 1750 post
959 1689 974 1732 a
1003 1675 1117 1749 (esse)
1149 1693 1226 1756 prae·

162 1778 272 1862 positio
300 1776 381 1842 male
413 1774 554 1858 suppleta
576 1773 631 1838 est.
685 1775 705 1852 1
739 1771 777 1849 4,
812 1773 865 1838 ubi
899 1774 930 1838 iu
967 1776 1123 1842 codicibus
1160 1782 1225 1846 est:

163 1881 345 1963 Quidem,
379 1879 563 1956 aiebant,
597 1877 872 1961 pervenimus,
901 1880 960 1946 nisi
981 1879 1059 1948 latet
1079 1884 1225 1967 temporis

162 1991 236 2054 nota
280 1987 491 2067 (uicesimo
535 1983 602 2048 die
646 1986 700 2048 aut
742 1982 877 2068 similis),
921 1985 1116 2052 scribendum
1160 1991 1223 2053 est:

167 2093 351 2172 Tandem,
378 2092 564 2171 aiebant,
586 2090 853 2171 pervenimus.

261 2199 330 2267 lbd.
356 2199 403 2274 13,
426 2197 464 2263 4:
500 2215 585 2262 cum
617 2196 678 2260 vis
706 2197 831 2261 maior
863 2196 1011 2281 frigidi
1043 2199 1167 2265 illata
1188 2195 1224 2266 iu

159 2304 346 2372 cavernis
380 2306 451 2372 est.
501 2302 566 2368 Scr.
599 2300 721 2367 illata
759 2303 954 2368 cavernis.
1014 2303 1145 2372 Gravius
1178 2309 1226 2372 est

161 2400 307 2476 mendum
330 2411 420 2494 paulo
445 2412 517 2493 post
538 2410 555 2493 5
578 2409 608 2475 6.
652 2406 762 2472 Editur
783 2426 880 2472 nuuc:
924 2409 1044 2476 Vioes
1077 2409 1225 2478 deinde

159 2516 277 2582 buius
319 2535 455 2602 pugnae
492 2515 613 2594 (caloris
654 2515 685 2579 01
730 2513 851 2597 frigoris
892 2514 950 2578 sub
983 2517 1079 2594 terra)
1116 2519 1224 2583 sunt:

160 2622 265 2688 defit
307 2622 438 2688 calori
482 2619 748 2706 congregatio
792 2637 833 2684 uc
868 2639 1008 2686 rursus
1045 2624 1222 2704 eruptio,

160 2729 245 2794 nulla
278 2729 447 2805 sententia;
480 2729 507 2794 si
546 2727 627 2792 enim
662 2725 778 2790 dedunt
811 2725 877 2803 illa,
913 2725 989 2792 nihil
1023 2727 1060 2792 lit
1092 2729 1223 2795 omnino.

161 2833 291 2900 (lodices
313 2835 428 2902 desit.
488 2833 587 2918 Vulgo
611 2831 775 2896 edebatur:
804 2830 960 2897 desinit
981 2832 1106 2898 calidi
1128 2853 1224 2900 con-

158 2941 361 3026 gregatio,
408 2941 519 3006 nihilo·
556 2938 676 3004 melius.
741 2935 941 3003 Scribendum
986 2939 1049 3004 eet:
1103 2940 1223 3007 Vicos

159 3046 306 3111 deinde
329 3046 445 3111 buius
468 3064 607 3128 pugna
629 3045 723 3110 sunt
746 3041 815 3106 boo:
831 3041 891 3127 fit
912 3044 1040 3110 calori
1060 3064 1223 3130 congra-

156 3245 357 3256 —————-——-

177 3375 199 3445 ¹)
228 3375 342 3431 Gmrius
362 3378 486 3432 errarunt
503 3373 644 3431 Fickertus
669 3380 697 3432 01
713 3377 842 3443 Hessius,
867 3380 980 3449 quode
997 3379 1134 3434 codicibus
1152 3380 1223 3435 hunc

228 3468 369 3524 verborum
414 3468 533 3524 ordinem
576 3471 745 3524 revocarunt:
786 3486 847 3525 nec
885 3471 971 3526 11100
1004 3471 1117 3540 (oculos)
1154 3471 1223 3526 scit

229 3561 418 3630 producere
437 3561 537 3616 ultra
555 3562 716 3627 animum,
740 3562 787 3616 ubi
805 3563 953 3635 superiores
971 3564 1033 3618 inde
1052 3565 1086 3618 ab
1104 3565 1221 3631 Erasmo,

229 3654 355 3722 quoniam
377 3653 519 3708 manifesto
547 3654 748 3722 significantur,
772 3656 820 3724 qui
846 3656 898 3711 0011
922 3639 1057 3714 oculorum
1084 3657 1147 3714 fidei
1173 3659 1221 3712 ad·

229 3744 319 3798 stricti
339 3746 478 3812 serviunt,
506 3746 652 3802 necessario
676 3745 891 3816 propositionem
909 3752 1142 3820 transposuerant:
1161 3766 1221 3804 nec

227 3835 325 3891 ultra
356 3837 443 3893 illos
475 3840 545 3894 soit
572 3838 758 3908 producere
788 3840 947 3897 animum.
983 3841 1016 3896 Id
1040 3841 1132 3896 eadem
1156 3843 1220 3897 sim·

228 3927 352 3998 plicitate
379 3930 507 3987 librarius
537 3932 696 3998 mutaverat,
722 3947 776 4000 qua
807 3931 877 3986 alter
904 3933 937 3988 da
963 3935 1049 3990 coust.
1074 3951 1129 4004 sap.
1153 3937 1178 4000 4,
1203 3938 1220 3990 3

227 4037 276 4089 pro
295 4022 484 4091 sapientia
503 4063 510 4076 .
530 4063 537 4077 .
557 4063 564 4079 .
583 4023 836 4094 tranquillitas
856 4026 964 4094 scripsit
982 4027 1214 4098 sapientia...

225 4112 522 4184 tranquillitatis.
