<?xml version="1.0" encoding="UTF-8"?>
<!DOCTYPE html PUBLIC "-//W3C//DTD XHTML 1.0 Transitional//EN"
    "http://www.w3.org/TR/xhtml1/DTD/xhtml1-transitional.dtd">
<html xmlns="http://www.w3.org/1999/xhtml" xml:lang="en" lang="en">
 <head>
  <title>
</title>
<meta http-equiv="Content-Type" content="text/html;charset=utf-8" />
  <meta name='ocr-system' content='tesseract 3.04.00' />
  <meta name='ocr-capabilities' content='ocr_page ocr_carea ocr_par ocr_line ocrx_word'/>
</head>
<body>
  <div class='ocr_page' id='page_1' title='image "./adversariacriti03madvgoog/adversariacriti03madvgoog_0559.png"; bbox 0 0 2956 4648; ppageno 0'>
   <div class='ocr_carea' id='block_1_1' title="bbox 333 298 969 368">
    <p class='ocr_par' dir='ltr' id='par_1_1' title="bbox 333 298 969 368">
     <span class='ocr_line' id='line_1_1' title="bbox 333 298 969 368; baseline 0 -14"><span class='ocrx_word' id='word_1_1' title='bbox 333 299 394 364; x_wconf 79' lang='lat'><strong>548</strong></span> <span class='ocrx_word' id='word_1_2' title='bbox 692 298 969 368; x_wconf 66' lang='lat' dir='ltr'><strong>mcmrucqrr.</strong></span> 
     </span>
    </p>
   </div>
   <div class='ocr_carea' id='block_1_2' title="bbox 212 492 1353 2385">
    <p class='ocr_par' dir='ltr' id='par_1_2' title="bbox 212 492 1353 2274">
     <span class='ocr_line' id='line_1_2' title="bbox 292 492 1347 580; baseline 0.002 -15"><span class='ocrx_word' id='word_1_3' title='bbox 292 501 378 574; x_wconf 90' lang='lat' dir='ltr'><strong>bus;</strong></span> <span class='ocrx_word' id='word_1_4' title='bbox 416 501 455 564; x_wconf 89' lang='lat' dir='ltr'><strong>et</strong></span> <span class='ocrx_word' id='word_1_5' title='bbox 485 501 612 570; x_wconf 91' lang='lat' dir='ltr'><strong>erant,</strong></span> <span class='ocrx_word' id='word_1_6' title='bbox 650 500 713 580; x_wconf 90' lang='lat' dir='ltr'><strong>qui</strong></span> <span class='ocrx_word' id='word_1_7' title='bbox 752 517 822 564; x_wconf 91' lang='lat' dir='ltr'><strong>noo</strong></span> <span class='ocrx_word' id='word_1_8' title='bbox 860 499 1032 564; x_wconf 89' lang='lat' dir='ltr'><strong>inultum</strong></span> <span class='ocrx_word' id='word_1_9' title='bbox 1068 502 1244 568; x_wconf 84' lang='lat' dir='ltr'><strong>exitium.</strong></span> <span class='ocrx_word' id='word_1_10' title='bbox 1288 492 1347 567; x_wconf 88' lang='lat' dir='ltr'><strong>sed</strong></span> 
     </span>
     <span class='ocr_line' id='line_1_3' title="bbox 293 604 1348 691; baseline 0.002 -21"><span class='ocrx_word' id='word_1_11' title='bbox 293 605 530 688; x_wconf 79' lang='lat' dir='ltr'><strong>eruptionem</strong></span> <span class='ocrx_word' id='word_1_12' title='bbox 558 604 789 676; x_wconf 88' lang='lat' dir='ltr'><strong>suaderent,</strong></span> <span class='ocrx_word' id='word_1_13' title='bbox 823 623 950 688; x_wconf 91' lang='lat' dir='ltr'><strong>neque</strong></span> <span class='ocrx_word' id='word_1_14' title='bbox 976 607 1193 688; x_wconf 82' lang='lat' dir='ltr'><strong>ignobiles,</strong></span> <span class='ocrx_word' id='word_1_15' title='bbox 1223 628 1348 691; x_wconf 91' lang='lat' dir='ltr'><strong>quam-</strong></span> 
     </span>
     <span class='ocr_line' id='line_1_4' title="bbox 291 711 1349 788; baseline 0.001 -11"><span class='ocrx_word' id='word_1_16' title='bbox 291 713 349 777; x_wconf 81' lang='lat' dir='ltr'><strong>uis</strong></span> <span class='ocrx_word' id='word_1_17' title='bbox 382 711 532 776; x_wconf 87' lang='lat' dir='ltr'><strong>diversi</strong></span> <span class='ocrx_word' id='word_1_18' title='bbox 562 712 786 776; x_wconf 79' lang='lat' dir='ltr'><strong>sententiis.</strong></span> <span class='ocrx_word' id='word_1_19' title='bbox 836 711 975 776; x_wconf 86' lang='lat' dir='ltr'><strong>Verum</strong></span> <span class='ocrx_word' id='word_1_20' title='bbox 999 732 1016 776; x_wconf 91' lang='lat' dir='ltr'><strong>e</strong></span> <span class='ocrx_word' id='word_1_21' title='bbox 1039 713 1202 780; x_wconf 84' lang='lat' dir='ltr'><strong>duribus</strong></span> <span class='ocrx_word' id='word_1_22' title='bbox 1225 714 1349 788; x_wconf 88' lang='lat' dir='ltr'><strong>Dinis,</strong></span> 
     </span>
     <span class='ocr_line' id='line_1_5' title="bbox 292 817 1349 900; baseline 0.002 -18"><span class='ocrx_word' id='word_1_23' title='bbox 292 820 500 900; x_wconf 87' lang='lat' dir='ltr'><strong>provectus</strong></span> <span class='ocrx_word' id='word_1_24' title='bbox 522 817 686 882; x_wconf 76' lang='lat' dir='ltr'><strong>senecta</strong></span> <span class='ocrx_word' id='word_1_25' title='bbox 713 867 741 881; x_wconf 91' lang='lat'><strong>..</strong></span> <span class='ocrx_word' id='word_1_26' title='bbox 757 867 778 890; x_wconf 91' lang='lat'><strong>.,</strong></span> <span class='ocrx_word' id='word_1_27' title='bbox 803 817 1126 899; x_wconf 68' lang='lat' dir='ltr'><strong>ponendorum,</strong></span> <span class='ocrx_word' id='word_1_28' title='bbox 1159 839 1275 886; x_wconf 90' lang='lat' dir='ltr'><strong>unum</strong></span> <span class='ocrx_word' id='word_1_29' title='bbox 1296 823 1349 886; x_wconf 85' lang='lat' dir='ltr'><strong>ai·</strong></span> 
     </span>
     <span class='ocr_line' id='line_1_6' title="bbox 292 922 1349 1010; baseline 0.004 -22"><span class='ocrx_word' id='word_1_30' title='bbox 292 924 425 989; x_wconf 86' lang='lat' dir='ltr'><strong>ilictis</strong></span> <span class='ocrx_word' id='word_1_31' title='bbox 459 922 497 986; x_wconf 92' lang='lat' dir='ltr'><strong>id</strong></span> <span class='ocrx_word' id='word_1_32' title='bbox 518 922 742 1002; x_wconf 90' lang='lat' dir='ltr'><strong>remedium,</strong></span> <span class='ocrx_word' id='word_1_33' title='bbox 772 922 1009 992; x_wconf 77' lang='lat' dir='ltr'><strong>disserebat,</strong></span> <span class='ocrx_word' id='word_1_34' title='bbox 1041 924 1096 988; x_wconf 84' lang='lat' dir='ltr'><strong>cet.</strong></span> <span class='ocrx_word' id='word_1_35' title='bbox 1145 926 1261 1010; x_wconf 86' lang='lat' dir='ltr'><strong>Neque,</strong></span> <span class='ocrx_word' id='word_1_36' title='bbox 1295 947 1349 1010; x_wconf 90' lang='lat' dir='ltr'><strong>quo</strong></span> 
     </span>
     <span class='ocr_line' id='line_1_7' title="bbox 293 1028 1351 1112; baseline 0.004 -18"><span class='ocrx_word' id='word_1_37' title='bbox 293 1031 448 1112; x_wconf 80' lang='lat' dir='ltr'><strong>pertineat</strong></span> <span class='ocrx_word' id='word_1_38' title='bbox 468 1029 523 1093; x_wconf 84' lang='lat' dir='ltr'><strong>illa</strong></span> <span class='ocrx_word' id='word_1_39' title='bbox 543 1029 576 1092; x_wconf 90' lang='lat' dir='ltr'><strong>in</strong></span> <span class='ocrx_word' id='word_1_40' title='bbox 598 1029 646 1100; x_wconf 87' lang='lat' dir='ltr'><strong>iis,</strong></span> <span class='ocrx_word' id='word_1_41' title='bbox 668 1029 720 1110; x_wconf 90' lang='lat' dir='ltr'><strong>qui</strong></span> <span class='ocrx_word' id='word_1_42' title='bbox 741 1028 822 1094; x_wconf 91' lang='lat' dir='ltr'><strong>idem</strong></span> <span class='ocrx_word' id='word_1_43' title='bbox 845 1028 1017 1094; x_wconf 86' lang='lat' dir='ltr'><strong>suadebant</strong></span> <span class='ocrx_word' id='word_1_44' title='bbox 1031 1030 1263 1111; x_wconf 68' lang='lat' dir='ltr'><strong>(eruptionem),</strong></span> <span class='ocrx_word' id='word_1_45' title='bbox 1284 1053 1351 1098; x_wconf 91' lang='lat' dir='ltr'><strong>sen-</strong></span> 
     </span>
     <span class='ocr_line' id='line_1_8' title="bbox 293 1134 1351 1217; baseline 0.004 -17"><span class='ocrx_word' id='word_1_46' title='bbox 293 1135 458 1200; x_wconf 86' lang='lat' dir='ltr'><strong>tentiamm</strong></span> <span class='ocrx_word' id='word_1_47' title='bbox 481 1134 653 1212; x_wconf 84' lang='lat' dir='ltr'><strong>diversitas,</strong></span> <span class='ocrx_word' id='word_1_48' title='bbox 676 1137 812 1216; x_wconf 88' lang='lat' dir='ltr'><strong>apparet,</strong></span> <span class='ocrx_word' id='word_1_49' title='bbox 840 1153 950 1217; x_wconf 88' lang='lat' dir='ltr'><strong>neque,</strong></span> <span class='ocrx_word' id='word_1_50' title='bbox 972 1136 1024 1216; x_wconf 90' lang='lat' dir='ltr'><strong>qui</strong></span> <span class='ocrx_word' id='word_1_51' title='bbox 1046 1135 1207 1202; x_wconf 61' lang='lat' dir='ltr'><strong>&amp;versitas</strong></span> <span class='ocrx_word' id='word_1_52' title='bbox 1229 1143 1351 1206; x_wconf 91' lang='lat' dir='ltr'><strong>senten-</strong></span> 
     </span>
     <span class='ocr_line' id='line_1_9' title="bbox 293 1240 1350 1327; baseline 0 -21"><span class='ocrx_word' id='word_1_53' title='bbox 293 1241 582 1306; x_wconf 85' lang='lat' dir='ltr'><strong>tiarumcontraria</strong></span> <span class='ocrx_word' id='word_1_54' title='bbox 603 1241 645 1306; x_wconf 89' lang='lat' dir='ltr'><strong>eit</strong></span> <span class='ocrx_word' id='word_1_55' title='bbox 671 1241 824 1305; x_wconf 84' lang='lat' dir='ltr'><strong>nobilitati</strong></span> <span class='ocrx_word' id='word_1_56' title='bbox 858 1243 912 1304; x_wconf 91' lang='lat' dir='ltr'><strong>aut</strong></span> <span class='ocrx_word' id='word_1_57' title='bbox 932 1240 1118 1324; x_wconf 89' lang='lat' dir='ltr'><strong>ignobilitati</strong></span> <span class='ocrx_word' id='word_1_58' title='bbox 1139 1246 1350 1327; x_wconf 82' lang='lat' dir='ltr'><strong>(quamuis).</strong></span> 
     </span>
     <span class='ocr_line' id='line_1_10' title="bbox 294 1346 1350 1432; baseline 0.003 -19"><span class='ocrx_word' id='word_1_59' title='bbox 294 1348 407 1414; x_wconf 81' lang='lat' dir='ltr'><strong>Contra</strong></span> <span class='ocrx_word' id='word_1_60' title='bbox 427 1347 517 1412; x_wconf 82' lang='lat' dir='ltr'><strong>facile</strong></span> <span class='ocrx_word' id='word_1_61' title='bbox 539 1347 694 1430; x_wconf 82' lang='lat' dir='ltr'><strong>suspicere</strong></span> <span class='ocrx_word' id='word_1_62' title='bbox 715 1346 821 1410; x_wconf 84' lang='lat' dir='ltr'><strong>referri</strong></span> <span class='ocrx_word' id='word_1_63' title='bbox 844 1347 926 1410; x_wconf 89' lang='lat' dir='ltr'><strong>inter</strong></span> <span class='ocrx_word' id='word_1_64' title='bbox 957 1366 991 1412; x_wconf 88' lang='lat' dir='ltr'><strong>se</strong></span> <span class='ocrx_word' id='word_1_65' title='bbox 1013 1367 1134 1432; x_wconf 92' lang='lat' dir='ltr'><strong>neque</strong></span> <span class='ocrx_word' id='word_1_66' title='bbox 1155 1351 1350 1432; x_wconf 87' lang='lat' dir='ltr'><strong>ignobiles</strong></span> 
     </span>
     <span class='ocr_line' id='line_1_11' title="bbox 212 1452 1351 1541; baseline 0.001 -21"><span class='ocrx_word' id='word_1_67' title='bbox 212 1493 215 1500; x_wconf 92' lang='lat'>·</span> <span class='ocrx_word' id='word_1_68' title='bbox 292 1459 324 1520; x_wconf 88' lang='lat' dir='ltr'><strong>et</strong></span> <span class='ocrx_word' id='word_1_69' title='bbox 364 1473 497 1519; x_wconf 85' lang='lat' dir='ltr'><strong>verum</strong></span> <span class='ocrx_word' id='word_1_70' title='bbox 535 1471 551 1517; x_wconf 88' lang='lat' dir='ltr'><strong>e</strong></span> <span class='ocrx_word' id='word_1_71' title='bbox 596 1453 773 1518; x_wconf 91' lang='lat' dir='ltr'><strong>ducibus.</strong></span> <span class='ocrx_word' id='word_1_72' title='bbox 834 1452 900 1516; x_wconf 87' lang='lat' dir='ltr'><strong>Nec</strong></span> <span class='ocrx_word' id='word_1_73' title='bbox 933 1453 1084 1519; x_wconf 88' lang='lat' dir='ltr'><strong>discordia</strong></span> <span class='ocrx_word' id='word_1_74' title='bbox 1113 1475 1220 1537; x_wconf 88' lang='lat' dir='ltr'><strong>reapse</strong></span> <span class='ocrx_word' id='word_1_75' title='bbox 1254 1457 1351 1541; x_wconf 86' lang='lat' dir='ltr'><strong>gravis</strong></span> 
     </span>
     <span class='ocr_line' id='line_1_12' title="bbox 294 1558 1352 1651; baseline 0.001 -23"><span class='ocrx_word' id='word_1_76' title='bbox 294 1562 493 1647; x_wconf 87' lang='lat' dir='ltr'><strong>significatur,</strong></span> <span class='ocrx_word' id='word_1_77' title='bbox 528 1559 588 1624; x_wconf 88' lang='lat' dir='ltr'><strong>nisi</strong></span> <span class='ocrx_word' id='word_1_78' title='bbox 610 1558 710 1638; x_wconf 81' lang='lat' dir='ltr'><strong>perire</strong></span> <span class='ocrx_word' id='word_1_79' title='bbox 734 1559 910 1651; x_wconf 86' lang='lat' dir='ltr'><strong>¹volentibus</strong></span> <span class='ocrx_word' id='word_1_80' title='bbox 924 1562 1102 1644; x_wconf 64' lang='lat' dir='ltr'><strong>⁸contrarius</strong></span> <span class='ocrx_word' id='word_1_81' title='bbox 1123 1563 1249 1644; x_wconf 87' lang='lat' dir='ltr'><strong>ponitur</strong></span> <span class='ocrx_word' id='word_1_82' title='bbox 1272 1564 1352 1630; x_wconf 92' lang='lat' dir='ltr'><strong>dedi·</strong></span> 
     </span>
     <span class='ocr_line' id='line_1_13' title="bbox 293 1653 1351 1750; baseline 0 -17"><span class='ocrx_word' id='word_1_83' title='bbox 293 1669 384 1734; x_wconf 92' lang='lat' dir='ltr'><strong>tionis</strong></span> <span class='ocrx_word' id='word_1_84' title='bbox 412 1671 525 1732; x_wconf 86' lang='lat' dir='ltr'><strong>auctor.</strong></span> <span class='ocrx_word' id='word_1_85' title='bbox 580 1667 652 1732; x_wconf 89' lang='lat' dir='ltr'><strong>Sine</strong></span> <span class='ocrx_word' id='word_1_86' title='bbox 681 1665 771 1730; x_wconf 92' lang='lat' dir='ltr'><strong>dubio</strong></span> <span class='ocrx_word' id='word_1_87' title='bbox 803 1664 929 1728; x_wconf 79' lang='lat' dir='ltr'><strong>Tacitus</strong></span> <span class='ocrx_word' id='word_1_88' title='bbox 958 1669 1012 1730; x_wconf 87' lang='lat' dir='ltr'><strong>aut</strong></span> <span class='ocrx_word' id='word_1_89' title='bbox 1040 1653 1086 1730; x_wconf 84' lang='lat' dir='ltr'><strong>sic</strong></span> <span class='ocrx_word' id='word_1_90' title='bbox 1115 1669 1351 1750; x_wconf 74' lang='lat' dir='ltr'><strong>autsimillime</strong></span> 
     </span>
     <span class='ocr_line' id='line_1_14' title="bbox 293 1771 1351 1854; baseline -0.002 -16"><span class='ocrx_word' id='word_1_91' title='bbox 293 1773 430 1854; x_wconf 78' lang='lat' dir='ltr'><strong>scripsit:</strong></span> <span class='ocrx_word' id='word_1_92' title='bbox 460 1823 466 1834; x_wconf 89' lang='lat'><em>.</em></span> <span class='ocrx_word' id='word_1_93' title='bbox 492 1823 498 1833; x_wconf 93' lang='lat'>.</span> <span class='ocrx_word' id='word_1_94' title='bbox 523 1823 530 1837; x_wconf 93' lang='lat'><strong>.</strong></span> <span class='ocrx_word' id='word_1_95' title='bbox 558 1772 774 1838; x_wconf 83' lang='lat' dir='ltr'><strong>suaderent.</strong></span> <span class='ocrx_word' id='word_1_96' title='bbox 829 1771 959 1852; x_wconf 88' lang='lat' dir='ltr'><strong>Neque</strong></span> <span class='ocrx_word' id='word_1_97' title='bbox 981 1771 1182 1853; x_wconf 87' lang='lat' dir='ltr'><strong>ignobiles</strong></span> <span class='ocrx_word' id='word_1_98' title='bbox 1205 1784 1351 1837; x_wconf 80' lang='lat' dir='ltr'><strong>tantum</strong></span> 
     </span>
     <span class='ocr_line' id='line_1_15' title="bbox 293 1877 1351 1952; baseline 0.005 -11"><span class='ocrx_word' id='word_1_99' title='bbox 293 1880 353 1941; x_wconf 81' lang='lat' dir='ltr'><strong>dis</strong></span> <span class='ocrx_word' id='word_1_100' title='bbox 388 1879 537 1944; x_wconf 87' lang='lat' dir='ltr'><strong>diversi</strong></span> <span class='ocrx_word' id='word_1_101' title='bbox 567 1877 803 1952; x_wconf 83' lang='lat' dir='ltr'><strong>sententiis,</strong></span> <span class='ocrx_word' id='word_1_102' title='bbox 836 1895 967 1940; x_wconf 86' lang='lat' dir='ltr'><strong>verum</strong></span> <span class='ocrx_word' id='word_1_103' title='bbox 1001 1896 1017 1941; x_wconf 90' lang='lat' dir='ltr'><strong>e</strong></span> <span class='ocrx_word' id='word_1_104' title='bbox 1050 1877 1219 1945; x_wconf 92' lang='lat' dir='ltr'><strong>ducibus</strong></span> <span class='ocrx_word' id='word_1_105' title='bbox 1242 1882 1351 1946; x_wconf 92' lang='lat' dir='ltr'><strong>Dinis</strong></span> 
     </span>
     <span class='ocr_line' id='line_1_16' title="bbox 378 1982 1352 2052; baseline 0.002 -3.855"><span class='ocrx_word' id='word_1_106' title='bbox 378 1985 609 2050; x_wconf 86' lang='lat' dir='ltr'><strong>disserebat.</strong></span> <span class='ocrx_word' id='word_1_107' title='bbox 663 1983 763 2048; x_wconf 90' lang='lat' dir='ltr'><strong>Huius</strong></span> <span class='ocrx_word' id='word_1_108' title='bbox 786 1982 886 2047; x_wconf 79' lang='lat' dir='ltr'><strong>atatis</strong></span> <span class='ocrx_word' id='word_1_109' title='bbox 907 2001 965 2046; x_wconf 90' lang='lat' dir='ltr'><strong>usu</strong></span> <span class='ocrx_word' id='word_1_110' title='bbox 997 1984 1056 2047; x_wconf 90' lang='lat' dir='ltr'><strong>his</strong></span> <span class='ocrx_word' id='word_1_111' title='bbox 1089 1985 1238 2051; x_wconf 87' lang='lat' dir='ltr'><strong>diversi</strong></span> <span class='ocrx_word' id='word_1_112' title='bbox 1264 2007 1352 2052; x_wconf 90' lang='lat' dir='ltr'><strong>sen·</strong></span> 
     </span>
     <span class='ocr_line' id='line_1_17' title="bbox 293 2088 1353 2176; baseline -0.002 -20"><span class='ocrx_word' id='word_1_113' title='bbox 293 2093 438 2158; x_wconf 89' lang='lat' dir='ltr'><strong>tentiis</strong></span> <span class='ocrx_word' id='word_1_114' title='bbox 472 2090 615 2156; x_wconf 90' lang='lat' dir='ltr'><strong>dicuntur</strong></span> <span class='ocrx_word' id='word_1_115' title='bbox 650 2088 793 2155; x_wconf 86' lang='lat' dir='ltr'><strong>contrarii</strong></span> <span class='ocrx_word' id='word_1_116' title='bbox 825 2090 856 2153; x_wconf 93' lang='lat' dir='ltr'><strong>et</strong></span> <span class='ocrx_word' id='word_1_117' title='bbox 888 2089 1095 2154; x_wconf 85' lang='lat' dir='ltr'><strong>adversantes.</strong></span> <span class='ocrx_word' id='word_1_118' title='bbox 1154 2089 1353 2176; x_wconf 72' lang='lat' dir='ltr'><strong>(Compescere</strong></span> 
     </span>
     <span class='ocr_line' id='line_1_18' title="bbox 294 2193 956 2274; baseline -0.002 -12"><span class='ocrx_word' id='word_1_119' title='bbox 294 2200 435 2270; x_wconf 68' lang='lat' dir='ltr'><strong>diceros,</strong></span> <span class='ocrx_word' id='word_1_120' title='bbox 456 2198 515 2262; x_wconf 92' lang='lat' dir='ltr'><strong>hoc</strong></span> <span class='ocrx_word' id='word_1_121' title='bbox 537 2198 595 2267; x_wconf 85' lang='lat' dir='ltr'><strong>est,</strong></span> <span class='ocrx_word' id='word_1_122' title='bbox 618 2195 781 2264; x_wconf 88' lang='lat' dir='ltr'><strong>discordes,</strong></span> <span class='ocrx_word' id='word_1_123' title='bbox 806 2193 892 2274; x_wconf 86' lang='lat' dir='ltr'><strong>Xiil,</strong></span> <span class='ocrx_word' id='word_1_124' title='bbox 915 2195 956 2262; x_wconf 72' lang='lat'><strong>9.»</strong></span> 
     </span>
    </p>

    <p class='ocr_par' dir='ltr' id='par_1_3' title="bbox 394 2299 1352 2385">
     <span class='ocr_line' id='line_1_19' title="bbox 394 2299 1352 2385; baseline 0.001 -17"><span class='ocrx_word' id='word_1_125' title='bbox 394 2304 460 2368; x_wconf 90' lang='lat' dir='ltr'><strong>Ibd.</strong></span> <span class='ocrx_word' id='word_1_126' title='bbox 483 2301 542 2366; x_wconf 84' lang='lat'><strong>53:</strong></span> <span class='ocrx_word' id='word_1_127' title='bbox 583 2301 654 2367; x_wconf 86' lang='lat' dir='ltr'><strong>Sed</strong></span> <span class='ocrx_word' id='word_1_128' title='bbox 677 2299 817 2375; x_wconf 76' lang='lat' dir='ltr'><strong>Cesar,</strong></span> <span class='ocrx_word' id='word_1_129' title='bbox 851 2319 922 2364; x_wconf 92' lang='lat' dir='ltr'><strong>non</strong></span> <span class='ocrx_word' id='word_1_130' title='bbox 955 2301 1134 2384; x_wconf 89' lang='lat' dir='ltr'><strong>ignarus,</strong></span> <span class='ocrx_word' id='word_1_131' title='bbox 1170 2307 1352 2385; x_wconf 89' lang='lat' dir='ltr'><strong>quantum</strong></span> 
     </span>
    </p>
   </div>
   <div class='ocr_carea' id='block_1_3' title="bbox 166 2407 1352 2491">
    <p class='ocr_par' dir='ltr' id='par_1_4' title="bbox 166 2407 1352 2491">
     <span class='ocr_line' id='line_1_20' title="bbox 166 2407 1352 2491; baseline 0 -17"><span class='ocrx_word' id='word_1_132' title='bbox 166 2439 192 2462; x_wconf 84' lang='lat'><strong>·-</strong></span> <span class='ocrx_word' id='word_1_133' title='bbox 296 2429 340 2475; x_wconf 86' lang='lat' dir='ltr'><strong>ex</strong></span> <span class='ocrx_word' id='word_1_134' title='bbox 382 2429 421 2475; x_wconf 89' lang='lat' dir='ltr'><strong>re</strong></span> <span class='ocrx_word' id='word_1_135' title='bbox 463 2408 622 2491; x_wconf 87' lang='lat' dir='ltr'><strong>publica</strong></span> <span class='ocrx_word' id='word_1_136' title='bbox 663 2407 885 2489; x_wconf 90' lang='lat' dir='ltr'><strong>peteretur,</strong></span> <span class='ocrx_word' id='word_1_137' title='bbox 1045 2409 1127 2473; x_wconf 91' lang='lat' dir='ltr'><strong>sine</strong></span> <span class='ocrx_word' id='word_1_138' title='bbox 1169 2428 1352 2490; x_wconf 93' lang='lat' dir='ltr'><strong>responso</strong></span> 
     </span>
    </p>
   </div>
   <div class='ocr_carea' id='block_1_4' title="bbox 240 2511 1430 4179">
    <p class='ocr_par' dir='ltr' id='par_1_5' title="bbox 293 2511 1351 3127">
     <span class='ocr_line' id='line_1_21' title="bbox 297 2511 1351 2601; baseline -0.002 -19"><span class='ocrx_word' id='word_1_139' title='bbox 297 2517 524 2601; x_wconf 79' lang='lat' dir='ltr'><strong>(Agrippinam)</strong></span> <span class='ocrx_word' id='word_1_140' title='bbox 539 2531 765 2597; x_wconf 89' lang='lat' dir='ltr'><strong>quamquam</strong></span> <span class='ocrx_word' id='word_1_141' title='bbox 787 2511 1003 2579; x_wconf 88' lang='lat' dir='ltr'><strong>instantem</strong></span> <span class='ocrx_word' id='word_1_142' title='bbox 1025 2513 1203 2595; x_wconf 89' lang='lat' dir='ltr'><strong>reliquit.</strong></span> <span class='ocrx_word' id='word_1_143' title='bbox 1226 2513 1351 2596; x_wconf 84' lang='lat' dir='ltr'><strong>Corrup-</strong></span> 
     </span>
     <span class='ocr_line' id='line_1_22' title="bbox 294 2619 1351 2704; baseline -0.001 -17"><span class='ocrx_word' id='word_1_144' title='bbox 294 2625 361 2687; x_wconf 90' lang='lat' dir='ltr'><strong>tnm</strong></span> <span class='ocrx_word' id='word_1_145' title='bbox 387 2640 454 2687; x_wconf 88' lang='lat' dir='ltr'><strong>esse</strong></span> <span class='ocrx_word' id='word_1_146' title='bbox 476 2639 516 2686; x_wconf 85' lang='lat' dir='ltr'><strong>ex</strong></span> <span class='ocrx_word' id='word_1_147' title='bbox 537 2638 577 2684; x_wconf 91' lang='lat' dir='ltr'><strong>re</strong></span> <span class='ocrx_word' id='word_1_148' title='bbox 598 2619 754 2701; x_wconf 88' lang='lat' dir='ltr'><strong>publica</strong></span> <span class='ocrx_word' id='word_1_149' title='bbox 781 2619 979 2684; x_wconf 82' lang='lat' dir='ltr'><strong>manifestum</strong></span> <span class='ocrx_word' id='word_1_150' title='bbox 1002 2620 1051 2683; x_wconf 90' lang='lat' dir='ltr'><strong>est</strong></span> <span class='ocrx_word' id='word_1_151' title='bbox 1071 2620 1167 2696; x_wconf 86' lang='lat' dir='ltr'><strong>(nulla</strong></span> <span class='ocrx_word' id='word_1_152' title='bbox 1189 2621 1274 2686; x_wconf 91' lang='lat' dir='ltr'><strong>enim</strong></span> <span class='ocrx_word' id='word_1_153' title='bbox 1288 2639 1351 2704; x_wconf 86' lang='lat' dir='ltr'><strong>pars</strong></span> 
     </span>
     <span class='ocr_line' id='line_1_23' title="bbox 294 2724 1351 2810; baseline -0.001 -18"><span class='ocrx_word' id='word_1_154' title='bbox 294 2729 370 2810; x_wconf 89' lang='lat' dir='ltr'><strong>reip.</strong></span> <span class='ocrx_word' id='word_1_155' title='bbox 399 2727 589 2810; x_wconf 85' lang='lat' dir='ltr'><strong>petebatur);</strong></span> <span class='ocrx_word' id='word_1_156' title='bbox 624 2725 678 2790; x_wconf 91' lang='lat' dir='ltr'><strong>sed</strong></span> <span class='ocrx_word' id='word_1_157' title='bbox 711 2725 792 2808; x_wconf 92' lang='lat' dir='ltr'><strong>quod</strong></span> <span class='ocrx_word' id='word_1_158' title='bbox 828 2724 1001 2790; x_wconf 89' lang='lat' dir='ltr'><strong>eWurmii</strong></span> <span class='ocrx_word' id='word_1_159' title='bbox 1033 2725 1206 2790; x_wconf 89' lang='lat' dir='ltr'><strong>coniectura</strong></span> <span class='ocrx_word' id='word_1_160' title='bbox 1236 2727 1351 2792; x_wconf 88' lang='lat' dir='ltr'><strong>substi-</strong></span> 
     </span>
     <span class='ocr_line' id='line_1_24' title="bbox 294 2832 1349 2914; baseline -0.005 -16"><span class='ocrx_word' id='word_1_161' title='bbox 294 2835 396 2908; x_wconf 84' lang='lat' dir='ltr'><strong>tuunt,</strong></span> <span class='ocrx_word' id='word_1_162' title='bbox 434 2853 476 2898; x_wconf 87' lang='lat' dir='ltr'><strong>ex</strong></span> <span class='ocrx_word' id='word_1_163' title='bbox 512 2851 551 2896; x_wconf 91' lang='lat' dir='ltr'><strong>se</strong></span> <span class='ocrx_word' id='word_1_164' title='bbox 593 2833 814 2914; x_wconf 85' lang='lat' dir='ltr'><strong>peteretur,</strong></span> <span class='ocrx_word' id='word_1_165' title='bbox 851 2832 1014 2896; x_wconf 83' lang='lat' dir='ltr'><strong>barbarum</strong></span> <span class='ocrx_word' id='word_1_166' title='bbox 1051 2833 1099 2895; x_wconf 90' lang='lat' dir='ltr'><strong>est</strong></span> <span class='ocrx_word' id='word_1_167' title='bbox 1132 2836 1200 2913; x_wconf 88' lang='lat' dir='ltr'><strong>(pro</strong></span> <span class='ocrx_word' id='word_1_168' title='bbox 1234 2851 1253 2896; x_wconf 90' lang='lat' dir='ltr'><strong>a</strong></span> <span class='ocrx_word' id='word_1_169' title='bbox 1293 2836 1349 2907; x_wconf 75' lang='lat' dir='ltr'><strong>se).</strong></span> 
     </span>
     <span class='ocr_line' id='line_1_25' title="bbox 294 2937 1350 3021; baseline -0.003 -19"><span class='ocrx_word' id='word_1_170' title='bbox 294 2938 421 3002; x_wconf 77' lang='lat' dir='ltr'><strong>Tacitus</strong></span> <span class='ocrx_word' id='word_1_171' title='bbox 443 2937 626 3020; x_wconf 78' lang='lat' dir='ltr'><strong>scripserat:</strong></span> <span class='ocrx_word' id='word_1_172' title='bbox 648 2939 837 3021; x_wconf 87' lang='lat' dir='ltr'><strong>quantum</strong></span> <span class='ocrx_word' id='word_1_173' title='bbox 860 2958 902 2998; x_wconf 83' lang='lat' dir='ltr'><strong>ec</strong></span> <span class='ocrx_word' id='word_1_174' title='bbox 922 2959 963 3012; x_wconf 74' lang='lat' dir='ltr'><strong>oe</strong></span> <span class='ocrx_word' id='word_1_175' title='bbox 983 2937 1194 3019; x_wconf 85' lang='lat' dir='ltr'><strong>peteretur.</strong></span> <span class='ocrx_word' id='word_1_176' title='bbox 1247 2937 1350 3004; x_wconf 85' lang='lat' dir='ltr'><strong>Gemi·</strong></span> 
     </span>
     <span class='ocr_line' id='line_1_26' title="bbox 293 3043 1212 3127; baseline 0 -21"><span class='ocrx_word' id='word_1_177' title='bbox 293 3045 368 3108; x_wconf 85' lang='lat' dir='ltr'><strong>nata</strong></span> <span class='ocrx_word' id='word_1_178' title='bbox 388 3043 524 3125; x_wconf 85' lang='lat' dir='ltr'><strong>proxima</strong></span> <span class='ocrx_word' id='word_1_179' title='bbox 544 3044 650 3108; x_wconf 87' lang='lat' dir='ltr'><strong>littera</strong></span> <span class='ocrx_word' id='word_1_180' title='bbox 673 3049 720 3127; x_wconf 76' lang='lat' dir='ltr'><strong>(pt</strong></span> <span class='ocrx_word' id='word_1_181' title='bbox 742 3043 858 3107; x_wconf 84' lang='lat' dir='ltr'><strong>factum</strong></span> <span class='ocrx_word' id='word_1_182' title='bbox 880 3061 965 3124; x_wconf 88' lang='lat' dir='ltr'><strong>rep,</strong></span> <span class='ocrx_word' id='word_1_183' title='bbox 987 3045 1054 3107; x_wconf 88' lang='lat' dir='ltr'><strong>tum</strong></span> <span class='ocrx_word' id='word_1_184' title='bbox 1077 3062 1117 3107; x_wconf 85' lang='lat' dir='ltr'><strong>ex</strong></span> <span class='ocrx_word' id='word_1_185' title='bbox 1137 3063 1212 3125; x_wconf 92' lang='lat' dir='ltr'><strong>rep.</strong></span> 
     </span>
    </p>

    <p class='ocr_par' dir='ltr' id='par_1_6' title="bbox 240 3147 1430 3864">
     <span class='ocr_line' id='line_1_27' title="bbox 343 3147 1350 3228; baseline -0.006 -14"><span class='ocrx_word' id='word_1_186' title='bbox 343 3187 347 3193; x_wconf 88' lang='lat'><strong>·</strong></span> <span class='ocrx_word' id='word_1_187' title='bbox 389 3148 458 3214; x_wconf 90' lang='lat' dir='ltr'><strong>Ibd.</strong></span> <span class='ocrx_word' id='word_1_188' title='bbox 483 3148 537 3211; x_wconf 88' lang='lat'><strong>69:</strong></span> <span class='ocrx_word' id='word_1_189' title='bbox 558 3148 595 3210; x_wconf 90' lang='lat' dir='ltr'><strong>et</strong></span> <span class='ocrx_word' id='word_1_190' title='bbox 627 3147 659 3211; x_wconf 92' lang='lat' dir='ltr'><strong>si</strong></span> <span class='ocrx_word' id='word_1_191' title='bbox 681 3164 779 3228; x_wconf 90' lang='lat' dir='ltr'><strong>pone</strong></span> <span class='ocrx_word' id='word_1_192' title='bbox 802 3148 907 3212; x_wconf 87' lang='lat' dir='ltr'><strong>fores</strong></span> <span class='ocrx_word' id='word_1_193' title='bbox 938 3147 1204 3223; x_wconf 84' lang='lat' dir='ltr'><strong>adsisterent,</strong></span> <span class='ocrx_word' id='word_1_194' title='bbox 1226 3151 1350 3213; x_wconf 86' lang='lat' dir='ltr'><strong>meins</strong></span> 
     </span>
     <span class='ocr_line' id='line_1_28' title="bbox 294 3253 1349 3336; baseline -0.007 -18"><span class='ocrx_word' id='word_1_195' title='bbox 294 3255 423 3326; x_wconf 85' lang='lat' dir='ltr'><strong>visus,</strong></span> <span class='ocrx_word' id='word_1_196' title='bbox 445 3253 601 3321; x_wconf 89' lang='lat' dir='ltr'><strong>sonitus</strong></span> <span class='ocrx_word' id='word_1_197' title='bbox 633 3253 699 3316; x_wconf 91' lang='lat' dir='ltr'><strong>aut</strong></span> <span class='ocrx_word' id='word_1_198' title='bbox 719 3253 826 3317; x_wconf 82' lang='lat' dir='ltr'><strong>forte</strong></span> <span class='ocrx_word' id='word_1_199' title='bbox 860 3260 951 3318; x_wconf 86' lang='lat' dir='ltr'><strong>ortae</strong></span> <span class='ocrx_word' id='word_1_200' title='bbox 973 3253 1212 3336; x_wconf 87' lang='lat' dir='ltr'><strong>suspicionis</strong></span> <span class='ocrx_word' id='word_1_201' title='bbox 1235 3254 1349 3318; x_wconf 90' lang='lat' dir='ltr'><strong>eraut.</strong></span> 
     </span>
     <span class='ocr_line' id='line_1_29' title="bbox 294 3357 1349 3443; baseline -0.006 -17"><span class='ocrx_word' id='word_1_202' title='bbox 294 3358 345 3426; x_wconf 87' lang='lat' dir='ltr'><strong>Sic</strong></span> <span class='ocrx_word' id='word_1_203' title='bbox 366 3360 468 3426; x_wconf 85' lang='lat' dir='ltr'><strong>codex.</strong></span> <span class='ocrx_word' id='word_1_204' title='bbox 513 3357 629 3443; x_wconf 84' lang='lat' dir='ltr'><strong>Opinon</strong></span> <span class='ocrx_word' id='word_1_205' title='bbox 649 3358 761 3424; x_wconf 80' lang='lat' dir='ltr'><strong>fuisse:</strong></span> <span class='ocrx_word' id='word_1_206' title='bbox 794 3359 920 3422; x_wconf 91' lang='lat' dir='ltr'><strong>metus</strong></span> <span class='ocrx_word' id='word_1_207' title='bbox 952 3359 1072 3432; x_wconf 85' lang='lat' dir='ltr'><strong>visus,</strong></span> <span class='ocrx_word' id='word_1_208' title='bbox 1106 3359 1264 3424; x_wconf 91' lang='lat' dir='ltr'><strong>sonitus</strong></span> <span class='ocrx_word' id='word_1_209' title='bbox 1286 3357 1349 3422; x_wconf 87' lang='lat' dir='ltr'><strong>act</strong></span> 
     </span>
     <span class='ocr_line' id='line_1_30' title="bbox 293 3463 1349 3545; baseline -0.004 -16"><span class='ocrx_word' id='word_1_210' title='bbox 293 3463 394 3531; x_wconf 79' lang='lat' dir='ltr'><strong>forte</strong></span> <span class='ocrx_word' id='word_1_211' title='bbox 424 3468 519 3531; x_wconf 79' lang='lat' dir='ltr'><strong>ortae</strong></span> <span class='ocrx_word' id='word_1_212' title='bbox 552 3464 799 3545; x_wconf 89' lang='lat' dir='ltr'><strong>suspicionis</strong></span> <span class='ocrx_word' id='word_1_213' title='bbox 839 3473 923 3526; x_wconf 77' lang='lat' dir='ltr'><strong>orac</strong></span> <span class='ocrx_word' id='word_1_214' title='bbox 958 3464 1029 3540; x_wconf 90' lang='lat' dir='ltr'><strong>(hoc</strong></span> <span class='ocrx_word' id='word_1_215' title='bbox 1058 3467 1123 3539; x_wconf 91' lang='lat' dir='ltr'><strong>est,</strong></span> <span class='ocrx_word' id='word_1_216' title='bbox 1159 3465 1349 3530; x_wconf 85' lang='lat' dir='ltr'><strong>metuebatur</strong></span> 
     </span>
     <span class='ocr_line' id='line_1_31' title="bbox 294 3557 1430 3652; baseline -0.003 -17"><span class='ocrx_word' id='word_1_217' title='bbox 294 3571 378 3636; x_wconf 81' lang='lat' dir='ltr'><strong>visus</strong></span> <span class='ocrx_word' id='word_1_218' title='bbox 400 3574 459 3636; x_wconf 89' lang='lat' dir='ltr'><strong>cet.</strong></span> <span class='ocrx_word' id='word_1_219' title='bbox 492 3571 561 3636; x_wconf 90' lang='lat' dir='ltr'><strong>Duo</strong></span> <span class='ocrx_word' id='word_1_220' title='bbox 585 3557 847 3651; x_wconf 69' lang='lat' dir='ltr'><strong>priore&#39;membra</strong></span> <span class='ocrx_word' id='word_1_221' title='bbox 867 3569 957 3634; x_wconf 90' lang='lat' dir='ltr'><strong>unius</strong></span> <span class='ocrx_word' id='word_1_222' title='bbox 979 3569 1099 3652; x_wconf 88' lang='lat' dir='ltr'><strong>generis</strong></span> <span class='ocrx_word' id='word_1_223' title='bbox 1121 3573 1202 3646; x_wconf 86' lang='lat' dir='ltr'><strong>sunt,</strong></span> <span class='ocrx_word' id='word_1_224' title='bbox 1225 3570 1347 3635; x_wconf 88' lang='lat' dir='ltr'><strong>tertium</strong></span> <span class='ocrx_word' id='word_1_225' title='bbox 1429 3605 1430 3610; x_wconf 20' lang='grc' dir='ltr'><strong>κ</strong></span> 
     </span>
     <span class='ocr_line' id='line_1_32' title="bbox 240 3673 1346 3758; baseline -0.005 -17"><span class='ocrx_word' id='word_1_226' title='bbox 240 3715 242 3722; x_wconf 68' lang='lat'><strong>,</strong></span> <span class='ocrx_word' id='word_1_227' title='bbox 295 3676 343 3741; x_wconf 85' lang='lat' dir='ltr'><strong>sui</strong></span> <span class='ocrx_word' id='word_1_228' title='bbox 364 3677 493 3753; x_wconf 87' lang='lat' dir='ltr'><strong>ordinis;</strong></span> <span class='ocrx_word' id='word_1_229' title='bbox 525 3677 630 3758; x_wconf 87' lang='lat' dir='ltr'><strong>itaque</strong></span> <span class='ocrx_word' id='word_1_230' title='bbox 652 3674 726 3738; x_wconf 85' lang='lat' dir='ltr'><strong>vitio</strong></span> <span class='ocrx_word' id='word_1_231' title='bbox 748 3677 833 3740; x_wconf 90' lang='lat' dir='ltr'><strong>caret</strong></span> <span class='ocrx_word' id='word_1_232' title='bbox 855 3676 923 3739; x_wconf 91' lang='lat' dir='ltr'><strong>aut</strong></span> <span class='ocrx_word' id='word_1_233' title='bbox 945 3675 1041 3738; x_wconf 88' lang='lat' dir='ltr'><strong>semel</strong></span> <span class='ocrx_word' id='word_1_234' title='bbox 1064 3675 1236 3756; x_wconf 63' lang='lat' dir='ltr'><strong>positum.)v</strong></span> <span class='ocrx_word' id='word_1_235' title='bbox 1265 3673 1346 3738; x_wconf 89' lang='lat' dir='ltr'><strong>Sus-</strong></span> 
     </span>
     <span class='ocr_line' id='line_1_33' title="bbox 295 3777 1345 3864; baseline -0.001 -20"><span class='ocrx_word' id='word_1_236' title='bbox 295 3781 471 3862; x_wconf 88' lang='lat' dir='ltr'><strong>piciones</strong></span> <span class='ocrx_word' id='word_1_237' title='bbox 499 3780 590 3862; x_wconf 83' lang='lat' dir='ltr'><strong>(plur.</strong></span> <span class='ocrx_word' id='word_1_238' title='bbox 619 3787 714 3855; x_wconf 74' lang='lat' dir='ltr'><strong>num.)</strong></span> <span class='ocrx_word' id='word_1_239' title='bbox 736 3781 838 3843; x_wconf 91' lang='lat' dir='ltr'><strong>minus</strong></span> <span class='ocrx_word' id='word_1_240' title='bbox 860 3780 939 3861; x_wconf 82' lang='lat' dir='ltr'><strong>apta</strong></span> <span class='ocrx_word' id='word_1_241' title='bbox 961 3782 1042 3844; x_wconf 92' lang='lat' dir='ltr'><strong>sunt.</strong></span> <span class='ocrx_word' id='word_1_242' title='bbox 1074 3779 1139 3864; x_wconf 90' lang='lat' dir='ltr'><strong>[Sic</strong></span> <span class='ocrx_word' id='word_1_243' title='bbox 1159 3777 1345 3860; x_wconf 85' lang='lat' dir='ltr'><strong>Rhenanus]</strong></span> 
     </span>
    </p>

    <p class='ocr_par' dir='ltr' id='par_1_7' title="bbox 293 3879 1344 4179">
     <span class='ocr_line' id='line_1_34' title="bbox 356 3879 1344 3967; baseline -0.003 -18"><span class='ocrx_word' id='word_1_244' title='bbox 356 3879 361 3892; x_wconf 89' lang='lat'>&#39;</span> <span class='ocrx_word' id='word_1_245' title='bbox 393 3885 459 3953; x_wconf 84' lang='lat' dir='ltr'><strong>Lib.</strong></span> <span class='ocrx_word' id='word_1_246' title='bbox 481 3885 518 3958; x_wconf 83' lang='lat' dir='ltr'><strong>V,</strong></span> <span class='ocrx_word' id='word_1_247' title='bbox 541 3887 576 3948; x_wconf 84' lang='lat'><strong>4:</strong></span> <span class='ocrx_word' id='word_1_248' title='bbox 607 3884 909 3967; x_wconf 89' lang='lat' dir='ltr'><strong>disserebatque</strong></span> <span class='ocrx_word' id='word_1_249' title='bbox 931 3885 1051 3961; x_wconf 87' lang='lat' dir='ltr'><strong>(Iunius</strong></span> <span class='ocrx_word' id='word_1_250' title='bbox 1074 3884 1245 3962; x_wconf 86' lang='lat' dir='ltr'><strong>Rusticus),</strong></span> <span class='ocrx_word' id='word_1_251' title='bbox 1265 3885 1344 3948; x_wconf 88' lang='lat' dir='ltr'><strong>bre·</strong></span> 
     </span>
     <span class='ocr_line' id='line_1_35' title="bbox 293 3989 1343 4072; baseline -0.006 -18"><span class='ocrx_word' id='word_1_252' title='bbox 293 3990 403 4054; x_wconf 81' lang='lat' dir='ltr'><strong>vibus</strong></span> <span class='ocrx_word' id='word_1_253' title='bbox 424 3990 628 4055; x_wconf 91' lang='lat' dir='ltr'><strong>momentis</strong></span> <span class='ocrx_word' id='word_1_254' title='bbox 661 4009 809 4055; x_wconf 88' lang='lat' dir='ltr'><strong>summa</strong></span> <span class='ocrx_word' id='word_1_255' title='bbox 829 3990 949 4066; x_wconf 87' lang='lat' dir='ltr'><strong>verti;</strong></span> <span class='ocrx_word' id='word_1_256' title='bbox 982 4009 1099 4072; x_wconf 91' lang='lat' dir='ltr'><strong>posse</strong></span> <span class='ocrx_word' id='word_1_257' title='bbox 1120 3989 1343 4072; x_wconf 86' lang='lat' dir='ltr'><strong>quandoque</strong></span> 
     </span>
     <span class='ocr_line' id='line_1_36' title="bbox 294 4092 1341 4179; baseline -0.002 -19"><span class='ocrx_word' id='word_1_258' title='bbox 294 4092 517 4160; x_wconf 82' lang='lat' dir='ltr'><strong>Germanici</strong></span> <span class='ocrx_word' id='word_1_259' title='bbox 564 4093 723 4160; x_wconf 89' lang='lat' dir='ltr'><strong>stitinm</strong></span> <span class='ocrx_word' id='word_1_260' title='bbox 759 4095 1002 4176; x_wconf 78' lang='lat' dir='ltr'><strong>poenitentia</strong></span> <span class='ocrx_word' id='word_1_261' title='bbox 1045 4095 1185 4179; x_wconf 28' lang='lat' dir='ltr'><strong>senis..</strong></span> <span class='ocrx_word' id='word_1_262' title='bbox 1212 4095 1247 4160; x_wconf 91' lang='lat' dir='ltr'><strong>In</strong></span> <span class='ocrx_word' id='word_1_263' title='bbox 1282 4096 1341 4160; x_wconf 91' lang='lat' dir='ltr'><strong>looo</strong></span> 
     </span>
    </p>
   </div>
   <div class='ocr_carea' id='block_1_5' title="bbox 0 0 1482 4648">
    <p class='ocr_par' dir='ltr' id='par_1_8' title="bbox 0 0 1482 4648">
     <span class='ocr_line' id='line_1_37' title="bbox 0 0 1482 4648; baseline 0 0"><span class='ocrx_word' id='word_1_264' title='bbox 0 0 1482 4648; x_wconf 95' lang='lat' dir='ltr'><strong> </strong></span> 
     </span>
    </p>
   </div>
  </div>
 </body>
</html>
