2970 4648
547 235 579 294 L.
597 238 697 294 ιιιοιι
713 237 747 294 de
763 237 850 295 benet
1129 234 1193 300 423

170 435 307 520 primum
322 435 360 500 id
377 435 473 519 quod
489 436 620 519 aneepi
634 435 797 514 reddam,
809 437 920 504 deinde
934 435 1090 504 reddam
1105 437 1234 521 qnele;

169 543 325 625 pestremo
345 543 451 607 referri
470 543 553 606 inter
574 561 608 608 se
629 542 667 606 in
688 543 803 609 malis
826 545 858 608 et
878 543 918 606 in
938 542 1022 621 ille,
1046 545 1081 608 ut
1101 542 1234 608 alterum

170 668 209 714 ex
232 648 328 714 altero
351 648 565 730 eenigeneum
588 649 646 723 sit;
680 654 763 728 (nam
797 649 887 726 imo,
920 649 1000 734 quod
1023 649 1090 713 totu
1113 648 1234 712 senten·

168 755 216 822 tia
237 755 368 840 flagitat,
389 771 443 836 pro
466 773 552 832 non,
575 756 655 839 quod
676 757 708 821 in
730 753 808 820 Nan.
832 757 976 822 contextu
998 753 1148 828 nonfuit,
1170 753 1234 818 iam

168 861 317 927 Erasmus
351 862 384 926 et
405 861 546 926 Muretus
581 862 803 938 restituerant).
857 861 1004 927 Nascitur
1042 861 1137 945 igitur
1169 859 1236 924 ιιι

168 968 322 1050 scripture
342 985 467 1048 prorsus
485 971 572 1034 reeta
593 971 625 1034 et
646 969 742 1034 bena:
768 969 850 1034 lmo
872 966 992 1033 reddo
1013 967 1095 1044 illi,
1120 967 1235 1051 quale

169 1091 270 1138 nune
291 1076 425 1155 petest
449 1073 641 1156 recipere,
663 1092 733 1141 nee
755 1093 820 1157 per
840 1093 897 1139 me
919 1054 985 1149 iit,
1007 1072 1102 1156 quod
1125 1072 1235 1138 dete·

167 1179 264 1258 rius,
302 1180 368 1246 sed
400 1197 465 1262 per
497 1179 624 1257 illnm;
668 1181 722 1259 id,
754 1182 853 1266 qnod
886 1181 1030 1263 aeeepi,
1063 1178 1235 1256 reddam,

169 1307 252 1349 eum
275 1287 341 1362 (ant
363 1285 527 1374 reddam*
550 1287 597 1364 ei,
631 1288 675 1364 ei)
708 1287 753 1353 ad
789 1285 1023 1370 sapientiam
1053 1279 1236 1358 redierit,

168 1392 263 1459 dnm.
288 1392 326 1456 in
359 1391 458 1455 mato
483 1402 537 1470 si,
570 1391 746 1472 reddam,
785 1393 895 1477 quale
929 1393 965 1456 in
996 1391 1069 1457 ille
1105 1389 1237 1473 petest

169 1497 313 1580 aerini.
358 1496 519 1570 Sententia
540 1518 607 1582 quae
629 1501 721 1577 esset,
749 1499 828 1565 uidit
848 1499 911 1564 inm
933 1499 1080 1564 Erasmus
1101 1499 1133 1562 et
1155 1512 1235 1561 eum

111 1691 114 1698 γ
168 1603 303 1687 scripsit.
362 1604 507 1689 Sequitur
538 1606 628 1689 paule
659 1607 730 1688 post
770 1605 831 1684 (6):
875 1605 977 1670 Feres
1021 1605 1124 1668 inter
1166 1621 1235 1668 nes

169 1709 344 1775 edueatae
366 1712 472 1787 sunt,
494 1713 534 1776 in
556 1713 679 1778 silvas
702 1713 931 1794 eruperuntr
954 1709 1110 1795 aliquid
1133 1728 1236 1774 men·

167 1817 396 1882 suetudinis
427 1817 605 1901 pristina
633 1819 819 1894 retinent,
848 1818 907 1884 eet
965 1817 1164 1902 Ineptiseima
1185 1816 1234 1880 est
1326 1853 1327 1856 =

168 1921 236 1986 hese
268 1921 405 2006 fingendi
443 1923 556 2006 ligera,
585 1943 655 1990 eum
691 1923 862 2007 prasertim
889 1925 933 1990 sie
963 1943 1069 1990 omnes
1095 1922 1235 1987 universe

170 2027 245 2092 ferae
272 2027 494 2111 signifiuentur.
546 2029 659 2097 Scribe
707 2031 810 2096 Ferae
839 2030 943 2096 inter
970 2049 1037 2097 nes
1063 2029 1236 2094 educata

167 2135 205 2196 st
232 2133 271 2197 in
299 2134 420 2200 silvas
447 2139 673 2217 eruperunt,
708 2137 859 2220 aliquid
892 2155 933 2202 m.
968 2156 1019 2220 pr.
1051 2135 1234 2201 retinent.

167 2239 214 2304 Er
236 2239 281 2313 si,
305 2243 451 2322 sequente
478 2240 530 2319 in,
563 2242 681 2307 laetum
712 2246 760 2309 est
780 2266 812 2318 s,-
846 2244 878 2308 id
910 2245 946 2308 ut
973 2242 1046 2308 slibi
1068 2260 1122 2325 pro
1145 2242 1244 2306 sunt

168 2347 338 2428 aeeeptum.

270 2451 336 2517 lbd.
358 2450 407 2525 20,
438 2451 473 2515 t:
518 2450 622 2530 Quid
657 2469 777 2518 meum
808 2472 878 2519 non
910 2456 985 2530 est,
1017 2455 1155 2520 redeat
1187 2452 1236 2518 ad

169 2557 376 2634 dominum,
406 2556 527 2623 bonus
549 2557 667 2622 sitan
690 2559 826 2625 malus.
869 2559 989 2639 Quid?
1021 2559 1235 2644 diligenter

168 2662 282 2729 istud
315 2665 548 2738 excuterem,
582 2663 615 2730 ei
647 2681 716 2728 nen
749 2663 966 2744 redderem,
992 2665 1062 2732 sed
1093 2663 1234 2730 darem.

172 2769 344 2834 Barbarum
368 2771 417 2834 est
437 2770 556 2834 benus
585 2769 638 2836 sit
660 2788 704 2834 an
726 2770 847 2836 malus
872 2790 926 2854 pre
947 2789 991 2848 ee,
1025 2770 1103 2854 qued
1125 2769 1235 2835 Latine

168 2875 295 2940 dieitur:
325 2876 404 2940 siue
426 2874 546 2941 benus
569 2875 730 2940 estsine
752 2876 886 2945 malus.
940 2877 1040 2957 Quid
1061 2875 1138 2943 nihil
1159 2875 1234 2960 ugit

169 2980 387 3047 sennensem:
426 2981 567 3046 redeat
606 2980 650 3044 sd
682 2981 889 3048 dominum.
944 2984 1071 3050 Bonus
1103 2985 1155 3050 sit
1190 3003 1234 3049 an

166 3086 306 3164 malus,
345 3087 438 3170 qnid
476 3086 540 3171 [ud
570 3086 666 3171 me]?
718 3087 947 3173 Diligenter
985 3090 1090 3156 istud
1119 3109 1234 3156 ereu-

166 3194 307 3274 terem,
342 3192 379 3258 si
405 3195 464 3258 ιιι.
519 3193 604 3276 (Cap.
627 3193 683 3269 22,
718 3195 752 3270 1,
785 3196 839 3262 ubi
865 3196 1025 3264 Fickertus
1048 3201 1081 3264 ιι
1101 3199 1234 3264 Hessius

167 3297 345 3363 ediderunt:
393 3299 527 3365 Redde
561 3304 598 3365 et
628 3302 664 3364 ιι
700 3317 856 3379 ιιιιιι,
889 3304 1112 3382 reverendum,
1154 3302 1235 3389 qued

169 3405 243 3468 ente
276 3404 439 3470 edebatur:
482 3403 612 3470 Redde
645 3407 687 3469 et
718 3425 865 3474 aeeusa.
908 3408 995 3474 Nihil
1024 3412 1080 3486 est,
1116 3429 1170 3475 eur
1196 3412 1234 3488 is,
1281 3466 1285 3471 .

169 3527 261 3592 quern
298 3508 415 3576 Seuera
445 3511 625 3594 alloquitur,
669 3529 703 3576 se
736 3516 875 3592 anenset,
913 3514 969 3581 sed
1002 3515 1148 3594 benefieie
1182 3535 1235 3582 er·

169 3615 268 3680 solute
298 3615 407 3681 lieebit
441 3615 470 3680 ei
500 3615 656 3682 hominem
685 3618 818 3697 malum,
851 3619 901 3684 eui
928 3620 1111 3700 reddiderit,
1144 3639 1234 3686 aenu-

168 3726 260 3800 sare.)

269 3825 335 3890 lbd.
360 3825 417 3902 29,
450 3827 466 3888 1
491 3826 638 3910 quoniam
663 3828 823 3911 partienlis
853 3829 1024 3897 eoniunetis
1060 3833 1233 3917 queniam

169 3930 325 4014 quidem
347 3932 519 4015 progressio
540 3933 680 4016 quadam
697 3936 731 4000 ιι
750 3953 896 4002 aseensus
917 3936 1118 4021 significatur,
1140 3937 1234 4003 verba

170 4035 214 4101 eie
239 4035 484 4120 interpungenda
510 4041 597 4104 sunt:
640 4040 834 4106 Damnum·
859 4060 928 4107 nen
960 4045 1053 4108 tune
1086 4043 1232 4120 (Haasius
