<?xml version="1.0" encoding="UTF-8"?>
<!DOCTYPE html PUBLIC "-//W3C//DTD XHTML 1.0 Transitional//EN"
    "http://www.w3.org/TR/xhtml1/DTD/xhtml1-transitional.dtd">
<html xmlns="http://www.w3.org/1999/xhtml" xml:lang="en" lang="en">
 <head>
  <title>
</title>
<meta http-equiv="Content-Type" content="text/html;charset=utf-8" />
  <meta name='ocr-system' content='tesseract 3.04.00' />
  <meta name='ocr-capabilities' content='ocr_page ocr_carea ocr_par ocr_line ocrx_word'/>
</head>
<body>
  <div class='ocr_page' id='page_1' title='image "./adversariacriti03madvgoog/adversariacriti03madvgoog_0535.png"; bbox 0 0 2956 4648; ppageno 0'>
   <div class='ocr_carea' id='block_1_1' title="bbox 310 293 940 365">
    <p class='ocr_par' dir='ltr' id='par_1_1' title="bbox 310 293 940 365">
     <span class='ocr_line' id='line_1_1' title="bbox 310 293 940 365; baseline -0.021 -3"><span class='ocrx_word' id='word_1_1' title='bbox 310 297 371 362; x_wconf 74' lang='grc'><strong>524</strong></span> <span class='ocrx_word' id='word_1_2' title='bbox 648 295 706 350; x_wconf 83' lang='lat' dir='ltr'><strong>bib</strong></span> <span class='ocrx_word' id='word_1_3' title='bbox 727 295 805 351; x_wconf 84' lang='lat' dir='ltr'><strong>vm.</strong></span> <span class='ocrx_word' id='word_1_4' title='bbox 823 293 890 365; x_wconf 71' lang='lat' dir='ltr'><strong>Cap.</strong></span> <span class='ocrx_word' id='word_1_5' title='bbox 906 295 940 350; x_wconf 75' lang='lat' dir='ltr'><strong>V.</strong></span> 
     </span>
    </p>
   </div>
   <div class='ocr_carea' id='block_1_2' title="bbox 267 489 1332 996">
    <p class='ocr_par' dir='ltr' id='par_1_2' title="bbox 267 489 1332 996">
     <span class='ocr_line' id='line_1_2' title="bbox 267 489 1331 578; baseline -0.008 -15"><span class='ocrx_word' id='word_1_6' title='bbox 267 497 351 563; x_wconf 83' lang='lat' dir='ltr'><strong>fama</strong></span> <span class='ocrx_word' id='word_1_7' title='bbox 377 496 520 562; x_wconf 83' lang='lat' dir='ltr'><strong>loliorum</strong></span> <span class='ocrx_word' id='word_1_8' title='bbox 553 494 832 578; x_wconf 83' lang='lat' dir='ltr'><strong>palimpsestorum,</strong></span> <span class='ocrx_word' id='word_1_9' title='bbox 870 491 1034 575; x_wconf 84' lang='lat' dir='ltr'><strong>particulos</strong></span> <span class='ocrx_word' id='word_1_10' title='bbox 1060 491 1133 556; x_wconf 81' lang='lat' dir='ltr'><strong>libri</strong></span> <span class='ocrx_word' id='word_1_11' title='bbox 1164 491 1226 567; x_wconf 84' lang='lat' dir='ltr'><strong>XI,</strong></span> <span class='ocrx_word' id='word_1_12' title='bbox 1259 489 1331 563; x_wconf 84' lang='lat' dir='ltr'><strong>XII,</strong></span> 
     </span>
     <span class='ocr_line' id='line_1_3' title="bbox 267 597 1331 685; baseline -0.007 -16"><span class='ocrx_word' id='word_1_13' title='bbox 267 603 356 680; x_wconf 84' lang='lat' dir='ltr'><strong>Xlll,</strong></span> <span class='ocrx_word' id='word_1_14' title='bbox 389 603 428 668; x_wconf 90' lang='lat' dir='ltr'><strong>ad</strong></span> <span class='ocrx_word' id='word_1_15' title='bbox 462 619 537 685; x_wconf 83' lang='lat' dir='ltr'><strong>quas</strong></span> <span class='ocrx_word' id='word_1_16' title='bbox 572 617 609 664; x_wconf 87' lang='lat' dir='ltr'><strong>ea</strong></span> <span class='ocrx_word' id='word_1_17' title='bbox 638 597 846 682; x_wconf 77' lang='lat' dir='ltr'>pertinebant,</span> <span class='ocrx_word' id='word_1_18' title='bbox 872 601 922 661; x_wconf 80' lang='lat' dir='ltr'><strong>·et</strong></span> <span class='ocrx_word' id='word_1_19' title='bbox 957 597 1111 678; x_wconf 85' lang='lat' dir='ltr'><strong>proximas</strong></span> <span class='ocrx_word' id='word_1_20' title='bbox 1143 599 1331 663; x_wconf 82' lang='lat' dir='ltr'><strong>oobaereuies</strong></span> 
     </span>
     <span class='ocr_line' id='line_1_4' title="bbox 268 701 1331 792; baseline -0.008 -18"><span class='ocrx_word' id='word_1_21' title='bbox 268 709 358 792; x_wconf 89' lang='lat' dir='ltr'><strong>paulo</strong></span> <span class='ocrx_word' id='word_1_22' title='bbox 380 707 526 773; x_wconf 78' lang='lat' dir='ltr'><strong>curiosius</strong></span> <span class='ocrx_word' id='word_1_23' title='bbox 548 701 684 787; x_wconf 78' lang='lat' dir='ltr'><strong>perlegi,</strong></span> <span class='ocrx_word' id='word_1_24' title='bbox 716 705 761 779; x_wconf 87' lang='lat' dir='ltr'><strong>ut,</strong></span> <span class='ocrx_word' id='word_1_25' title='bbox 795 701 958 785; x_wconf 83' lang='lat' dir='ltr'><strong>quidinde</strong></span> <span class='ocrx_word' id='word_1_26' title='bbox 979 702 1019 766; x_wconf 87' lang='lat' dir='ltr'><strong>ad</strong></span> <span class='ocrx_word' id='word_1_27' title='bbox 1039 705 1156 767; x_wconf 82' lang='lat' dir='ltr'><strong>textum</strong></span> <span class='ocrx_word' id='word_1_28' title='bbox 1181 703 1331 768; x_wconf 85' lang='lat' dir='ltr'><strong>coustitu-</strong></span> 
     </span>
     <span class='ocr_line' id='line_1_5' title="bbox 268 807 1332 890; baseline -0.008 -11"><span class='ocrx_word' id='word_1_29' title='bbox 268 813 380 879; x_wconf 88' lang='lat' dir='ltr'><strong>eudum</strong></span> <span class='ocrx_word' id='word_1_30' title='bbox 413 811 592 882; x_wconf 83' lang='lat' dir='ltr'><strong>obiceretur,</strong></span> <span class='ocrx_word' id='word_1_31' title='bbox 629 825 853 890; x_wconf 77' lang='lat' dir='ltr'><strong>cognoscerem.</strong></span> <span class='ocrx_word' id='word_1_32' title='bbox 907 808 953 871; x_wconf 78' lang='lat' dir='ltr'><strong>lix</strong></span> <span class='ocrx_word' id='word_1_33' title='bbox 978 807 1032 880; x_wconf 91' lang='lat' dir='ltr'><strong>iis,</strong></span> <span class='ocrx_word' id='word_1_34' title='bbox 1072 827 1140 890; x_wconf 79' lang='lat' dir='ltr'><strong>qnae</strong></span> <span class='ocrx_word' id='word_1_35' title='bbox 1165 810 1221 872; x_wconf 88' lang='lat' dir='ltr'><strong>ant</strong></span> <span class='ocrx_word' id='word_1_36' title='bbox 1242 809 1332 872; x_wconf 87' lang='lat' dir='ltr'><strong>autea</strong></span> 
     </span>
     <span class='ocr_line' id='line_1_6' title="bbox 268 909 1331 996; baseline -0.006 -14"><span class='ocrx_word' id='word_1_37' title='bbox 268 911 410 984; x_wconf 74' lang='lat' dir='ltr'><strong>sottum</strong></span> <span class='ocrx_word' id='word_1_38' title='bbox 433 913 587 990; x_wconf 84' lang='lat' dir='ltr'><strong>annotavi,</strong></span> <span class='ocrx_word' id='word_1_39' title='bbox 618 931 716 996; x_wconf 89' lang='lat' dir='ltr'><strong>panca</strong></span> <span class='ocrx_word' id='word_1_40' title='bbox 747 915 780 978; x_wconf 87' lang='lat' dir='ltr'><strong>et</strong></span> <span class='ocrx_word' id='word_1_41' title='bbox 801 931 905 994; x_wconf 84' lang='lat' dir='ltr'><strong>parva,</strong></span> <span class='ocrx_word' id='word_1_42' title='bbox 928 931 996 996; x_wconf 77' lang='lat' dir='ltr'><strong>qua</strong></span> <span class='ocrx_word' id='word_1_43' title='bbox 1017 914 1084 978; x_wconf 87' lang='lat' dir='ltr'><strong>Iani</strong></span> <span class='ocrx_word' id='word_1_44' title='bbox 1106 915 1139 978; x_wconf 85' lang='lat' dir='ltr'><strong>et</strong></span> <span class='ocrx_word' id='word_1_45' title='bbox 1160 919 1271 994; x_wconf 86' lang='lat' dir='ltr'><strong>(nsque</strong></span> <span class='ocrx_word' id='word_1_46' title='bbox 1292 909 1331 976; x_wconf 83' lang='lat' dir='ltr'><strong>nd</strong></span> 
     </span>
    </p>
   </div>
   <div class='ocr_carea' id='block_1_3' title="bbox 267 1018 1457 1102">
    <p class='ocr_par' dir='ltr' id='par_1_3' title="bbox 267 1018 1457 1102">
     <span class='ocr_line' id='line_1_7' title="bbox 267 1018 1457 1102; baseline -0.009 -13"><span class='ocrx_word' id='word_1_47' title='bbox 267 1024 335 1089; x_wconf 88' lang='lat' dir='ltr'><strong>libr.</strong></span> <span class='ocrx_word' id='word_1_48' title='bbox 358 1020 478 1099; x_wconf 83' lang='lat' dir='ltr'>XXXI)</span> <span class='ocrx_word' id='word_1_49' title='bbox 501 1018 684 1085; x_wconf 83' lang='lat' dir='ltr'><strong>Detlefseuii</strong></span> <span class='ocrx_word' id='word_1_50' title='bbox 709 1020 854 1102; x_wconf 84' lang='lat' dir='ltr'><strong>exemplis</strong></span> <span class='ocrx_word' id='word_1_51' title='bbox 877 1019 1062 1102; x_wconf 85' lang='lat' dir='ltr'><strong>comparatis</strong></span> <span class='ocrx_word' id='word_1_52' title='bbox 1084 1019 1252 1100; x_wconf 81' lang='lat' dir='ltr'><strong>supersunt</strong></span> <span class='ocrx_word' id='word_1_53' title='bbox 1271 1033 1331 1080; x_wconf 87' lang='lat' dir='ltr'><strong>uon</strong></span> <span class='ocrx_word' id='word_1_54' title='bbox 1456 1021 1457 1062; x_wconf 81' lang='grc' dir='ltr'><strong><em>ῑ</em></strong></span> 
     </span>
    </p>
   </div>
   <div class='ocr_carea' id='block_1_4' title="bbox 247 1121 1332 2684">
    <p class='ocr_par' dir='ltr' id='par_1_4' title="bbox 268 1121 1332 1315">
     <span class='ocr_line' id='line_1_8' title="bbox 268 1121 1332 1212; baseline -0.008 -19"><span class='ocrx_word' id='word_1_55' title='bbox 268 1129 428 1212; x_wconf 89' lang='lat' dir='ltr'><strong>occupata,</strong></span> <span class='ocrx_word' id='word_1_56' title='bbox 450 1143 580 1210; x_wconf 82' lang='lat' dir='ltr'><strong>ponam3</strong></span> <span class='ocrx_word' id='word_1_57' title='bbox 615 1125 744 1190; x_wconf 88' lang='lat' dir='ltr'><strong>aliorum</strong></span> <span class='ocrx_word' id='word_1_58' title='bbox 777 1123 873 1189; x_wconf 88' lang='lat' dir='ltr'><strong>libros</strong></span> <span class='ocrx_word' id='word_1_59' title='bbox 903 1125 935 1190; x_wconf 91' lang='lat' dir='ltr'><strong>iu</strong></span> <span class='ocrx_word' id='word_1_60' title='bbox 961 1143 995 1190; x_wconf 90' lang='lat' dir='ltr'><strong>re</strong></span> <span class='ocrx_word' id='word_1_61' title='bbox 1019 1127 1127 1208; x_wconf 85' lang='lat' dir='ltr'><strong>exigna</strong></span> <span class='ocrx_word' id='word_1_62' title='bbox 1147 1121 1332 1206; x_wconf 83' lang='lat' dir='ltr'><strong>perscrutari</strong></span> 
     </span>
     <span class='ocr_line' id='line_1_9' title="bbox 270 1231 805 1315; baseline -0.013 -17"><span class='ocrx_word' id='word_1_63' title='bbox 270 1251 369 1314; x_wconf 88' lang='lat' dir='ltr'><strong>operae</strong></span> <span class='ocrx_word' id='word_1_64' title='bbox 391 1231 524 1315; x_wconf 85' lang='lat' dir='ltr'><strong>pretinm</strong></span> <span class='ocrx_word' id='word_1_65' title='bbox 546 1231 646 1296; x_wconf 83' lang='lat' dir='ltr'><strong>visum</strong></span> <span class='ocrx_word' id='word_1_66' title='bbox 668 1247 728 1295; x_wconf 89' lang='lat' dir='ltr'><strong>nou</strong></span> <span class='ocrx_word' id='word_1_67' title='bbox 750 1232 805 1294; x_wconf 80' lang='lat' dir='ltr'><strong>est.</strong></span> 
     </span>
    </p>

    <p class='ocr_par' dir='ltr' id='par_1_5' title="bbox 247 1333 1332 2684">
     <span class='ocr_line' id='line_1_10' title="bbox 368 1333 1331 1418; baseline -0.005 -16"><span class='ocrx_word' id='word_1_68' title='bbox 368 1337 433 1402; x_wconf 78' lang='lat' dir='ltr'><strong>nio.</strong></span> <span class='ocrx_word' id='word_1_69' title='bbox 456 1336 501 1410; x_wconf 86' lang='lat' dir='ltr'><strong>ll,</strong></span> <span class='ocrx_word' id='word_1_70' title='bbox 537 1335 575 1398; x_wconf 90' lang='lat'><strong>19</strong></span> <span class='ocrx_word' id='word_1_71' title='bbox 605 1337 638 1400; x_wconf 89' lang='lat' dir='ltr'><strong>et</strong></span> <span class='ocrx_word' id='word_1_72' title='bbox 665 1333 706 1397; x_wconf 87' lang='grc'><strong>20</strong></span> <span class='ocrx_word' id='word_1_73' title='bbox 734 1336 951 1418; x_wconf 76' lang='lat' dir='ltr'><strong>(paragrapbos</strong></span> <span class='ocrx_word' id='word_1_74' title='bbox 973 1336 1107 1401; x_wconf 85' lang='lat' dir='ltr'><strong>minores</strong></span> <span class='ocrx_word' id='word_1_75' title='bbox 1132 1335 1165 1399; x_wconf 92' lang='lat' dir='ltr'><strong>iu</strong></span> <span class='ocrx_word' id='word_1_76' title='bbox 1192 1334 1331 1417; x_wconf 84' lang='lat' dir='ltr'><strong>margine</strong></span> 
     </span>
     <span class='ocr_line' id='line_1_11' title="bbox 269 1439 1331 1525; baseline -0.005 -17"><span class='ocrx_word' id='word_1_77' title='bbox 269 1444 392 1509; x_wconf 87' lang='lat' dir='ltr'><strong>notatas</strong></span> <span class='ocrx_word' id='word_1_78' title='bbox 425 1439 591 1525; x_wconf 83' lang='lat' dir='ltr'><strong>significo):</strong></span> <span class='ocrx_word' id='word_1_79' title='bbox 642 1441 768 1504; x_wconf 87' lang='lat' dir='ltr'><strong>lovem</strong></span> <span class='ocrx_word' id='word_1_80' title='bbox 806 1440 963 1522; x_wconf 87' lang='lat' dir='ltr'><strong>quidem</strong></span> <span class='ocrx_word' id='word_1_81' title='bbox 995 1442 1061 1504; x_wconf 86' lang='lat' dir='ltr'><strong>ant</strong></span> <span class='ocrx_word' id='word_1_82' title='bbox 1096 1441 1331 1505; x_wconf 82' lang='lat' dir='ltr'><strong>Mercurium</strong></span> 
     </span>
     <span class='ocr_line' id='line_1_12' title="bbox 269 1545 1329 1614; baseline -0.005 0"><span class='ocrx_word' id='word_1_83' title='bbox 269 1549 434 1614; x_wconf 89' lang='lat' dir='ltr'><strong>aliterve</strong></span> <span class='ocrx_word' id='word_1_84' title='bbox 469 1547 569 1611; x_wconf 93' lang='lat' dir='ltr'><strong>alios</strong></span> <span class='ocrx_word' id='word_1_85' title='bbox 597 1546 701 1610; x_wconf 89' lang='lat' dir='ltr'><strong>iuter</strong></span> <span class='ocrx_word' id='word_1_86' title='bbox 728 1564 766 1611; x_wconf 90' lang='lat' dir='ltr'><strong>se</strong></span> <span class='ocrx_word' id='word_1_87' title='bbox 799 1545 929 1610; x_wconf 84' lang='lat' dir='ltr'><strong>vocari</strong></span> <span class='ocrx_word' id='word_1_88' title='bbox 961 1547 999 1610; x_wconf 87' lang='lat' dir='ltr'><strong>et</strong></span> <span class='ocrx_word' id='word_1_89' title='bbox 1029 1563 1114 1611; x_wconf 90' lang='lat' dir='ltr'><strong>esse</strong></span> <span class='ocrx_word' id='word_1_90' title='bbox 1136 1548 1329 1611; x_wconf 79' lang='lat' dir='ltr'><strong>caelestem</strong></span> 
     </span>
     <span class='ocr_line' id='line_1_13' title="bbox 268 1651 1331 1734; baseline -0.002 -18"><span class='ocrx_word' id='word_1_91' title='bbox 268 1652 614 1725; x_wconf 82' lang='lat' dir='ltr'><strong>nomenclaturam,</strong></span> <span class='ocrx_word' id='word_1_92' title='bbox 648 1651 730 1734; x_wconf 90' lang='lat' dir='ltr'><strong>quis</strong></span> <span class='ocrx_word' id='word_1_93' title='bbox 761 1669 835 1715; x_wconf 95' lang='lat' dir='ltr'><strong>nou</strong></span> <span class='ocrx_word' id='word_1_94' title='bbox 957 1652 1129 1717; x_wconf 86' lang='lat' dir='ltr'><strong>fateatur</strong></span> <span class='ocrx_word' id='word_1_95' title='bbox 1159 1651 1331 1716; x_wconf 86' lang='lat' dir='ltr'><strong>irriden-</strong></span> 
     </span>
     <span class='ocr_line' id='line_1_14' title="bbox 270 1757 1331 1840; baseline -0.002 -18"><span class='ocrx_word' id='word_1_96' title='bbox 270 1757 379 1822; x_wconf 77' lang='lat' dir='ltr'><strong>dum?</strong></span> <span class='ocrx_word' id='word_1_97' title='bbox 431 1757 553 1840; x_wconf 78' lang='lat' dir='ltr'><strong>Agere</strong></span> <span class='ocrx_word' id='word_1_98' title='bbox 595 1773 726 1821; x_wconf 88' lang='lat' dir='ltr'><strong>curam</strong></span> <span class='ocrx_word' id='word_1_99' title='bbox 766 1774 889 1821; x_wconf 86' lang='lat' dir='ltr'><strong>rorum</strong></span> <span class='ocrx_word' id='word_1_100' title='bbox 927 1757 1178 1822; x_wconf 84' lang='lat' dir='ltr'><strong>humanarum</strong></span> <span class='ocrx_word' id='word_1_101' title='bbox 1217 1757 1331 1832; x_wconf 88' lang='lat' dir='ltr'><strong>illud,</strong></span> 
     </span>
     <span class='ocr_line' id='line_1_15' title="bbox 247 1862 1331 1946; baseline -0.002 -20"><span class='ocrx_word' id='word_1_102' title='bbox 247 1862 449 1946; x_wconf 66' lang='lat' dir='ltr'><strong>numquid</strong></span> <span class='ocrx_word' id='word_1_103' title='bbox 483 1865 542 1926; x_wconf 85' lang='lat' dir='ltr'><strong>est</strong></span> <span class='ocrx_word' id='word_1_104' title='bbox 587 1879 787 1938; x_wconf 87' lang='lat' dir='ltr'><strong>summum,</strong></span> <span class='ocrx_word' id='word_1_105' title='bbox 825 1880 921 1926; x_wconf 88' lang='lat' dir='ltr'><strong>anne</strong></span> <span class='ocrx_word' id='word_1_106' title='bbox 963 1862 1039 1928; x_wconf 85' lang='lat' dir='ltr'><strong>tam</strong></span> <span class='ocrx_word' id='word_1_107' title='bbox 1069 1863 1182 1928; x_wconf 88' lang='lat' dir='ltr'><strong>tristi</strong></span> <span class='ocrx_word' id='word_1_108' title='bbox 1215 1865 1331 1944; x_wconf 86' lang='lat' dir='ltr'><strong>atque</strong></span> 
     </span>
     <span class='ocr_line' id='line_1_16' title="bbox 269 1965 1332 2051; baseline -0.005 -17"><span class='ocrx_word' id='word_1_109' title='bbox 269 1965 482 2051; x_wconf 87' lang='lat' dir='ltr'><strong>multiplici</strong></span> <span class='ocrx_word' id='word_1_110' title='bbox 514 1965 733 2032; x_wconf 89' lang='lat' dir='ltr'><strong>ministerio</strong></span> <span class='ocrx_word' id='word_1_111' title='bbox 761 1985 831 2031; x_wconf 91' lang='lat' dir='ltr'><strong>non</strong></span> <span class='ocrx_word' id='word_1_112' title='bbox 863 1966 986 2048; x_wconf 93' lang='lat' dir='ltr'><strong>pollui</strong></span> <span class='ocrx_word' id='word_1_113' title='bbox 1020 1969 1222 2034; x_wconf 87' lang='lat' dir='ltr'><strong>credamus</strong></span> <span class='ocrx_word' id='word_1_114' title='bbox 1262 1966 1332 2030; x_wconf 80' lang='lat' dir='ltr'><strong>‹ln-</strong></span> 
     </span>
     <span class='ocr_line' id='line_1_17' title="bbox 270 2071 1332 2154; baseline -0.004 -14"><span class='ocrx_word' id='word_1_115' title='bbox 270 2075 513 2142; x_wconf 81' lang='lat' dir='ltr'><strong>nitemusnee</strong></span> <span class='ocrx_word' id='word_1_116' title='bbox 556 2071 628 2136; x_wconf 79' lang='lat' dir='ltr'><strong>Vix</strong></span> <span class='ocrx_word' id='word_1_117' title='bbox 650 2089 767 2154; x_wconf 91' lang='lat' dir='ltr'><strong>prope</strong></span> <span class='ocrx_word' id='word_1_118' title='bbox 789 2071 1069 2148; x_wconf 77' lang='lat' dir='ltr'><strong>subindicare,</strong></span> <span class='ocrx_word' id='word_1_119' title='bbox 1103 2076 1231 2139; x_wconf 88' lang='lat' dir='ltr'><strong>utrum</strong></span> <span class='ocrx_word' id='word_1_120' title='bbox 1253 2091 1332 2136; x_wconf 90' lang='lat' dir='ltr'><strong>ma-</strong></span> 
     </span>
     <span class='ocr_line' id='line_1_18' title="bbox 269 2176 1331 2266; baseline -0.004 -22"><span class='ocrx_word' id='word_1_121' title='bbox 269 2180 327 2266; x_wconf 87' lang='lat' dir='ltr'><strong>gis</strong></span> <span class='ocrx_word' id='word_1_122' title='bbox 363 2178 549 2244; x_wconf 86' lang='lat' dir='ltr'><strong>conducat</strong></span> <span class='ocrx_word' id='word_1_123' title='bbox 580 2176 710 2260; x_wconf 80' lang='lat' dir='ltr'><strong>generi</strong></span> <span class='ocrx_word' id='word_1_124' title='bbox 748 2177 928 2253; x_wconf 90' lang='lat' dir='ltr'><strong>humano,</strong></span> <span class='ocrx_word' id='word_1_125' title='bbox 973 2180 1123 2260; x_wconf 87' lang='lat' dir='ltr'><strong>quando</strong></span> <span class='ocrx_word' id='word_1_126' title='bbox 1155 2179 1214 2243; x_wconf 90' lang='lat' dir='ltr'><strong>cet.</strong></span> <span class='ocrx_word' id='word_1_127' title='bbox 1280 2177 1331 2242; x_wconf 83' lang='lat' dir='ltr'><strong>Sic</strong></span> 
     </span>
     <span class='ocr_line' id='line_1_19' title="bbox 266 2281 1331 2368; baseline -0.003 -17"><span class='ocrx_word' id='word_1_128' title='bbox 266 2284 348 2368; x_wconf 85' lang='lat' dir='ltr'><strong>apud</strong></span> <span class='ocrx_word' id='word_1_129' title='bbox 370 2281 523 2368; x_wconf 84' lang='lat' dir='ltr'><strong>Silligium</strong></span> <span class='ocrx_word' id='word_1_130' title='bbox 545 2286 627 2349; x_wconf 89' lang='lat' dir='ltr'><strong>recte</strong></span> <span class='ocrx_word' id='word_1_131' title='bbox 659 2283 819 2347; x_wconf 84' lang='lat' dir='ltr'><strong>sententiae</strong></span> <span class='ocrx_word' id='word_1_132' title='bbox 852 2281 1046 2349; x_wconf 87' lang='lat' dir='ltr'><strong>dirimuntur.</strong></span> <span class='ocrx_word' id='word_1_133' title='bbox 1104 2285 1162 2349; x_wconf 91' lang='lat' dir='ltr'><strong>Pro</strong></span> <span class='ocrx_word' id='word_1_134' title='bbox 1192 2285 1331 2366; x_wconf 91' lang='lat' dir='ltr'><strong>corrupto</strong></span> 
     </span>
     <span class='ocr_line' id='line_1_20' title="bbox 266 2388 1331 2472; baseline -0.005 -16"><span class='ocrx_word' id='word_1_135' title='bbox 266 2390 319 2456; x_wconf 93' lang='lat' dir='ltr'><strong>illo</strong></span> <span class='ocrx_word' id='word_1_136' title='bbox 343 2390 401 2456; x_wconf 83' lang='lat' dir='ltr'><strong>vix</strong></span> <span class='ocrx_word' id='word_1_137' title='bbox 423 2405 536 2472; x_wconf 90' lang='lat' dir='ltr'><strong>prope</strong></span> <span class='ocrx_word' id='word_1_138' title='bbox 569 2389 627 2454; x_wconf 90' lang='lat' dir='ltr'><strong>est</strong></span> <span class='ocrx_word' id='word_1_139' title='bbox 658 2388 864 2454; x_wconf 87' lang='lat' dir='ltr'><strong>Detlefseuins</strong></span> <span class='ocrx_word' id='word_1_140' title='bbox 894 2389 1013 2471; x_wconf 88' lang='lat' dir='ltr'><strong>posuit:</strong></span> <span class='ocrx_word' id='word_1_141' title='bbox 1060 2391 1118 2454; x_wconf 84' lang='lat' dir='ltr'><strong>vix</strong></span> <span class='ocrx_word' id='word_1_142' title='bbox 1156 2389 1331 2470; x_wconf 83' lang='lat' dir='ltr'><strong>profecto</strong></span> 
     </span>
     <span class='ocr_line' id='line_1_21' title="bbox 267 2494 1330 2578; baseline -0.005 -16"><span class='ocrx_word' id='word_1_143' title='bbox 267 2501 345 2574; x_wconf 91' lang='lat' dir='ltr'><strong>est,</strong></span> <span class='ocrx_word' id='word_1_144' title='bbox 382 2494 534 2562; x_wconf 84' lang='lat' dir='ltr'><strong>adverbiis</strong></span> <span class='ocrx_word' id='word_1_145' title='bbox 570 2495 650 2558; x_wconf 88' lang='lat' dir='ltr'><strong>inter</strong></span> <span class='ocrx_word' id='word_1_146' title='bbox 681 2514 714 2560; x_wconf 91' lang='lat' dir='ltr'><strong>se</strong></span> <span class='ocrx_word' id='word_1_147' title='bbox 752 2494 970 2578; x_wconf 84' lang='lat' dir='ltr'><strong>pugnantibus,</strong></span> <span class='ocrx_word' id='word_1_148' title='bbox 1006 2513 1045 2560; x_wconf 90' lang='lat' dir='ltr'><strong>ne</strong></span> <span class='ocrx_word' id='word_1_149' title='bbox 1077 2495 1139 2560; x_wconf 90' lang='lat' dir='ltr'><strong>alia</strong></span> <span class='ocrx_word' id='word_1_150' title='bbox 1176 2494 1330 2560; x_wconf 88' lang='lat' dir='ltr'><strong>obiiciam.</strong></span> 
     </span>
     <span class='ocr_line' id='line_1_22' title="bbox 268 2599 1331 2684; baseline -0.006 -16"><span class='ocrx_word' id='word_1_151' title='bbox 268 2601 467 2668; x_wconf 86' lang='lat' dir='ltr'><strong>Scribeudum</strong></span> <span class='ocrx_word' id='word_1_152' title='bbox 516 2601 576 2665; x_wconf 81' lang='lat' dir='ltr'><strong>est:</strong></span> <span class='ocrx_word' id='word_1_153' title='bbox 619 2600 687 2664; x_wconf 83' lang='lat' dir='ltr'><strong>Vix</strong></span> <span class='ocrx_word' id='word_1_154' title='bbox 717 2609 848 2684; x_wconf 79' lang='lat' dir='ltr'><strong>potest</strong></span> <span class='ocrx_word' id='word_1_155' title='bbox 881 2601 1072 2678; x_wconf 69' lang='lat' dir='ltr'><strong>eradicari,</strong></span> <span class='ocrx_word' id='word_1_156' title='bbox 1115 2603 1242 2665; x_wconf 87' lang='lat' dir='ltr'><strong>utrum</strong></span> <span class='ocrx_word' id='word_1_157' title='bbox 1274 2599 1331 2662; x_wconf 86' lang='lat' dir='ltr'><strong>cet.</strong></span> 
     </span>
    </p>
   </div>
   <div class='ocr_carea' id='block_1_5' title="bbox 268 2705 1332 3104">
    <p class='ocr_par' dir='ltr' id='par_1_6' title="bbox 268 2705 821 2794">
     <span class='ocr_line' id='line_1_23' title="bbox 268 2705 821 2794; baseline -0.014 -21"><span class='ocrx_word' id='word_1_158' title='bbox 268 2707 329 2786; x_wconf 88' lang='lat' dir='ltr'><strong>(De</strong></span> <span class='ocrx_word' id='word_1_159' title='bbox 352 2705 372 2794; x_wconf 69' lang='grc' dir='ltr'><strong>ξ</strong></span> <span class='ocrx_word' id='word_1_160' title='bbox 394 2706 455 2768; x_wconf 87' lang='grc'><strong>224</strong></span> <span class='ocrx_word' id='word_1_161' title='bbox 478 2705 539 2770; x_wconf 80' lang='lat' dir='ltr'><strong>dixi</strong></span> <span class='ocrx_word' id='word_1_162' title='bbox 563 2705 622 2770; x_wconf 84' lang='lat' dir='ltr'><strong>vol.</strong></span> <span class='ocrx_word' id='word_1_163' title='bbox 647 2706 661 2770; x_wconf 94' lang='grc' dir='ltr'>Ι</span> <span class='ocrx_word' id='word_1_164' title='bbox 683 2725 710 2787; x_wconf 87' lang='lat' dir='ltr'><strong>p.</strong></span> <span class='ocrx_word' id='word_1_165' title='bbox 739 2705 821 2787; x_wconf 80' lang='lat'>147.)</span> 
     </span>
    </p>

    <p class='ocr_par' dir='ltr' id='par_1_7' title="bbox 268 2809 1332 3104">
     <span class='ocr_line' id='line_1_24' title="bbox 368 2809 1332 2894; baseline -0.005 -17"><span class='ocrx_word' id='word_1_166' title='bbox 368 2811 434 2878; x_wconf 90' lang='lat' dir='ltr'><strong>Lib.</strong></span> <span class='ocrx_word' id='word_1_167' title='bbox 457 2809 494 2890; x_wconf 86' lang='lat' dir='ltr'><strong>V,</strong></span> <span class='ocrx_word' id='word_1_168' title='bbox 518 2811 572 2875; x_wconf 81' lang='lat'><strong>74:</strong></span> <span class='ocrx_word' id='word_1_169' title='bbox 598 2811 803 2894; x_wconf 89' lang='lat' dir='ltr'><strong>plurimum</strong></span> <span class='ocrx_word' id='word_1_170' title='bbox 825 2815 954 2875; x_wconf 84' lang='lat' dir='ltr'><strong>tamen</strong></span> <span class='ocrx_word' id='word_1_171' title='bbox 982 2811 1026 2886; x_wconf 90' lang='lat' dir='ltr'><strong>(iu</strong></span> <span class='ocrx_word' id='word_1_172' title='bbox 1048 2810 1173 2874; x_wconf 90' lang='lat' dir='ltr'><strong>urbibus</strong></span> <span class='ocrx_word' id='word_1_173' title='bbox 1194 2809 1332 2890; x_wconf 88' lang='lat' dir='ltr'><strong>Decapo-</strong></span> 
     </span>
     <span class='ocr_line' id='line_1_25' title="bbox 268 2914 1332 3001; baseline -0.005 -18"><span class='ocrx_word' id='word_1_174' title='bbox 268 2917 369 2984; x_wconf 84' lang='lat' dir='ltr'><strong>liteuae</strong></span> <span class='ocrx_word' id='word_1_175' title='bbox 406 2916 540 3001; x_wconf 84' lang='lat' dir='ltr'><strong>regionis</strong></span> <span class='ocrx_word' id='word_1_176' title='bbox 581 2919 755 2994; x_wconf 75' lang='lat' dir='ltr'><strong>numerant)</strong></span> <span class='ocrx_word' id='word_1_177' title='bbox 798 2915 1022 2980; x_wconf 88' lang='lat' dir='ltr'><strong>Damascum</strong></span> <span class='ocrx_word' id='word_1_178' title='bbox 1063 2918 1174 2996; x_wconf 90' lang='lat' dir='ltr'><strong>epoto</strong></span> <span class='ocrx_word' id='word_1_179' title='bbox 1207 2914 1332 2997; x_wconf 89' lang='lat' dir='ltr'><strong>riguis</strong></span> 
     </span>
     <span class='ocr_line' id='line_1_26' title="bbox 269 3019 1331 3104; baseline -0.006 -17"><span class='ocrx_word' id='word_1_180' title='bbox 269 3040 377 3088; x_wconf 89' lang='lat' dir='ltr'><strong>amne</strong></span> <span class='ocrx_word' id='word_1_181' title='bbox 399 3019 661 3104; x_wconf 81' lang='lat' dir='ltr'><strong>Chrysorrhoa</strong></span> <span class='ocrx_word' id='word_1_182' title='bbox 689 3021 876 3092; x_wconf 87' lang='lat' dir='ltr'><strong>fertilem,</strong></span> <span class='ocrx_word' id='word_1_183' title='bbox 911 3019 1237 3104; x_wconf 85' lang='lat' dir='ltr'><strong>Philadelphiam,</strong></span> <span class='ocrx_word' id='word_1_184' title='bbox 1271 3021 1331 3084; x_wconf 88' lang='lat' dir='ltr'><strong>oet.</strong></span> 
     </span>
    </p>
   </div>
   <div class='ocr_carea' id='block_1_6' title="bbox 270 3125 1457 3209">
    <p class='ocr_par' dir='ltr' id='par_1_8' title="bbox 270 3125 1457 3209">
     <span class='ocr_line' id='line_1_27' title="bbox 270 3125 1457 3209; baseline 0.005 -19"><span class='ocrx_word' id='word_1_185' title='bbox 270 3125 319 3191; x_wconf 88' lang='lat' dir='ltr'><strong>Sic</strong></span> <span class='ocrx_word' id='word_1_186' title='bbox 358 3126 447 3190; x_wconf 89' lang='lat' dir='ltr'><strong>lanus</strong></span> <span class='ocrx_word' id='word_1_187' title='bbox 482 3130 524 3204; x_wconf 85' lang='lat' dir='ltr'><strong>(et</strong></span> <span class='ocrx_word' id='word_1_188' title='bbox 557 3125 793 3203; x_wconf 83' lang='lat' dir='ltr'><strong>Detlefsenius);</strong></span> <span class='ocrx_word' id='word_1_189' title='bbox 830 3125 968 3191; x_wconf 90' lang='lat' dir='ltr'><strong>codices:</strong></span> <span class='ocrx_word' id='word_1_190' title='bbox 1013 3126 1172 3209; x_wconf 88' lang='lat' dir='ltr'><strong>etopoto</strong></span> <span class='ocrx_word' id='word_1_191' title='bbox 1204 3125 1332 3209; x_wconf 87' lang='lat' dir='ltr'><strong>riguis</strong></span> <span class='ocrx_word' id='word_1_192' title='bbox 1456 3155 1457 3196; x_wconf 42' lang='grc' dir='ltr'><em>ἢ</em></span> 
     </span>
    </p>
   </div>
   <div class='ocr_carea' id='block_1_7' title="bbox 269 3223 1336 4158">
    <p class='ocr_par' dir='ltr' id='par_1_9' title="bbox 269 3223 1334 3630">
     <span class='ocr_line' id='line_1_28' title="bbox 269 3223 1332 3316; baseline 0.001 -21"><span class='ocrx_word' id='word_1_193' title='bbox 269 3249 388 3296; x_wconf 79' lang='lat' dir='ltr'><strong>annue.</strong></span> <span class='ocrx_word' id='word_1_194' title='bbox 434 3229 562 3296; x_wconf 85' lang='lat' dir='ltr'><strong>Residet</strong></span> <span class='ocrx_word' id='word_1_195' title='bbox 584 3223 730 3297; x_wconf 86' lang='lat' dir='ltr'><strong>mendum</strong></span> <span class='ocrx_word' id='word_1_196' title='bbox 753 3232 784 3296; x_wconf 92' lang='lat' dir='ltr'><strong>iu</strong></span> <span class='ocrx_word' id='word_1_197' title='bbox 807 3232 957 3315; x_wconf 90' lang='lat' dir='ltr'><strong>riguis,</strong></span> <span class='ocrx_word' id='word_1_198' title='bbox 980 3253 1033 3315; x_wconf 89' lang='lat' dir='ltr'><strong>pro</strong></span> <span class='ocrx_word' id='word_1_199' title='bbox 1056 3251 1114 3316; x_wconf 86' lang='lat' dir='ltr'><strong>quo</strong></span> <span class='ocrx_word' id='word_1_200' title='bbox 1137 3232 1332 3298; x_wconf 85' lang='lat' dir='ltr'><strong>scribendum</strong></span> 
     </span>
     <span class='ocr_line' id='line_1_29' title="bbox 270 3336 1332 3421; baseline -0.001 -20"><span class='ocrx_word' id='word_1_201' title='bbox 270 3339 317 3402; x_wconf 89' lang='lat' dir='ltr'><strong>est</strong></span> <span class='ocrx_word' id='word_1_202' title='bbox 338 3336 450 3409; x_wconf 77' lang='lat' dir='ltr'><strong>rivis,</strong></span> <span class='ocrx_word' id='word_1_203' title='bbox 472 3337 507 3400; x_wconf 88' lang='lat' dir='ltr'><strong>nt</strong></span> <span class='ocrx_word' id='word_1_204' title='bbox 528 3337 716 3421; x_wconf 87' lang='lat' dir='ltr'><strong>significetur</strong></span> <span class='ocrx_word' id='word_1_205' title='bbox 738 3336 932 3402; x_wconf 79' lang='lat' dir='ltr'><strong>fertilitatem</strong></span> <span class='ocrx_word' id='word_1_206' title='bbox 954 3338 1038 3401; x_wconf 86' lang='lat' dir='ltr'><strong>nasci</strong></span> <span class='ocrx_word' id='word_1_207' title='bbox 1061 3355 1097 3400; x_wconf 85' lang='lat' dir='ltr'><strong>ex</strong></span> <span class='ocrx_word' id='word_1_208' title='bbox 1118 3355 1208 3402; x_wconf 89' lang='lat' dir='ltr'><strong>amne</strong></span> <span class='ocrx_word' id='word_1_209' title='bbox 1233 3337 1332 3420; x_wconf 83' lang='lat' dir='ltr'><strong>Chry·</strong></span> 
     </span>
     <span class='ocr_line' id='line_1_30' title="bbox 269 3441 1334 3526; baseline 0 -20"><span class='ocrx_word' id='word_1_210' title='bbox 269 3441 391 3506; x_wconf 87' lang='lat' dir='ltr'><strong>sorrboa</strong></span> <span class='ocrx_word' id='word_1_211' title='bbox 413 3441 457 3506; x_wconf 87' lang='lat' dir='ltr'><strong>ita</strong></span> <span class='ocrx_word' id='word_1_212' title='bbox 479 3442 551 3507; x_wconf 85' lang='lat' dir='ltr'><strong>rivis</strong></span> <span class='ocrx_word' id='word_1_213' title='bbox 581 3443 768 3523; x_wconf 85' lang='lat' dir='ltr'><strong>(conalibus)</strong></span> <span class='ocrx_word' id='word_1_214' title='bbox 791 3461 846 3524; x_wconf 86' lang='lat' dir='ltr'><strong>per</strong></span> <span class='ocrx_word' id='word_1_215' title='bbox 868 3459 956 3526; x_wconf 85' lang='lat' dir='ltr'><strong>agros</strong></span> <span class='ocrx_word' id='word_1_216' title='bbox 979 3442 1085 3516; x_wconf 89' lang='lat' dir='ltr'><strong>diviso,</strong></span> <span class='ocrx_word' id='word_1_217' title='bbox 1116 3445 1151 3507; x_wconf 89' lang='lat' dir='ltr'><strong>ut</strong></span> <span class='ocrx_word' id='word_1_218' title='bbox 1172 3442 1249 3507; x_wconf 89' lang='lat' dir='ltr'><strong>nihil</strong></span> <span class='ocrx_word' id='word_1_219' title='bbox 1271 3441 1334 3523; x_wconf 91' lang='lat' dir='ltr'><strong>ipsi</strong></span> 
     </span>
     <span class='ocr_line' id='line_1_31' title="bbox 270 3548 487 3630; baseline -0.018 -18"><span class='ocrx_word' id='word_1_220' title='bbox 270 3565 356 3630; x_wconf 84' lang='lat' dir='ltr'><strong>aquae</strong></span> <span class='ocrx_word' id='word_1_221' title='bbox 382 3548 487 3612; x_wconf 85' lang='lat' dir='ltr'><strong>restet.</strong></span> 
     </span>
    </p>

    <p class='ocr_par' dir='ltr' id='par_1_10' title="bbox 269 3651 1336 4158">
     <span class='ocr_line' id='line_1_32' title="bbox 368 3651 1334 3740; baseline 0 -22"><span class='ocrx_word' id='word_1_222' title='bbox 368 3651 434 3719; x_wconf 87' lang='lat' dir='ltr'><strong>lbd.</strong></span> <span class='ocrx_word' id='word_1_223' title='bbox 460 3653 532 3722; x_wconf 81' lang='lat'><strong>129:</strong></span> <span class='ocrx_word' id='word_1_224' title='bbox 579 3653 845 3740; x_wconf 84' lang='lat' dir='ltr'><strong>Pamphylium</strong></span> <span class='ocrx_word' id='word_1_225' title='bbox 877 3672 983 3718; x_wconf 88' lang='lat' dir='ltr'><strong>mare</strong></span> <span class='ocrx_word' id='word_1_226' title='bbox 1004 3653 1199 3736; x_wconf 88' lang='lat' dir='ltr'><strong>ignobiles</strong></span> <span class='ocrx_word' id='word_1_227' title='bbox 1222 3653 1334 3718; x_wconf 87' lang='lat' dir='ltr'><strong>insu·</strong></span> 
     </span>
     <span class='ocr_line' id='line_1_33' title="bbox 269 3757 1335 3842; baseline 0.001 -20"><span class='ocrx_word' id='word_1_228' title='bbox 269 3758 325 3822; x_wconf 86' lang='lat' dir='ltr'><strong>las</strong></span> <span class='ocrx_word' id='word_1_229' title='bbox 348 3757 474 3834; x_wconf 89' lang='lat' dir='ltr'><strong>habet,</strong></span> <span class='ocrx_word' id='word_1_230' title='bbox 508 3759 689 3825; x_wconf 84' lang='lat' dir='ltr'><strong>Cilicium</strong></span> <span class='ocrx_word' id='word_1_231' title='bbox 711 3778 752 3824; x_wconf 84' lang='lat' dir='ltr'><strong>ex</strong></span> <span class='ocrx_word' id='word_1_232' title='bbox 775 3761 940 3842; x_wconf 89' lang='lat' dir='ltr'><strong>quinque</strong></span> <span class='ocrx_word' id='word_1_233' title='bbox 961 3759 1140 3825; x_wconf 81' lang='lat' dir='ltr'><strong>maximis</strong></span> <span class='ocrx_word' id='word_1_234' title='bbox 1163 3758 1335 3842; x_wconf 81' lang='lat' dir='ltr'><strong>Cyprum</strong></span> 
     </span>
     <span class='ocr_line' id='line_1_34' title="bbox 269 3863 1336 3949; baseline 0.002 -22"><span class='ocrx_word' id='word_1_235' title='bbox 269 3864 313 3928; x_wconf 90' lang='lat' dir='ltr'><strong>ad</strong></span> <span class='ocrx_word' id='word_1_236' title='bbox 338 3867 461 3928; x_wconf 84' lang='lat' dir='ltr'><strong>ortum</strong></span> <span class='ocrx_word' id='word_1_237' title='bbox 484 3882 741 3947; x_wconf 84' lang='lat' dir='ltr'><strong>occasumque</strong></span> <span class='ocrx_word' id='word_1_238' title='bbox 761 3863 909 3930; x_wconf 84' lang='lat' dir='ltr'><strong>Ciliciae</strong></span> <span class='ocrx_word' id='word_1_239' title='bbox 929 3885 971 3930; x_wconf 89' lang='lat' dir='ltr'><strong>ac</strong></span> <span class='ocrx_word' id='word_1_240' title='bbox 993 3865 1108 3949; x_wconf 82' lang='lat' dir='ltr'><strong>Syriae</strong></span> <span class='ocrx_word' id='word_1_241' title='bbox 1125 3865 1336 3931; x_wconf 89' lang='lat' dir='ltr'><strong>obiectam.</strong></span> 
     </span>
     <span class='ocr_line' id='line_1_35' title="bbox 270 3967 1335 4053; baseline 0.004 -20"><span class='ocrx_word' id='word_1_242' title='bbox 270 3967 363 4034; x_wconf 86' lang='lat' dir='ltr'><strong>Nulla</strong></span> <span class='ocrx_word' id='word_1_243' title='bbox 385 3973 453 4036; x_wconf 88' lang='lat' dir='ltr'><strong>erat</strong></span> <span class='ocrx_word' id='word_1_244' title='bbox 474 3987 510 4034; x_wconf 85' lang='lat' dir='ltr'><strong>ex</strong></span> <span class='ocrx_word' id='word_1_245' title='bbox 532 3971 641 4035; x_wconf 86' lang='lat' dir='ltr'><strong>ceteris</strong></span> <span class='ocrx_word' id='word_1_246' title='bbox 663 3987 784 4053; x_wconf 83' lang='lat' dir='ltr'><strong>magna,</strong></span> <span class='ocrx_word' id='word_1_247' title='bbox 807 3971 921 4035; x_wconf 88' lang='lat' dir='ltr'><strong>nedum</strong></span> <span class='ocrx_word' id='word_1_248' title='bbox 945 3972 1095 4047; x_wconf 81' lang='lat' dir='ltr'><strong>manima3</strong></span> <span class='ocrx_word' id='word_1_249' title='bbox 1119 3970 1245 4053; x_wconf 86' lang='lat' dir='ltr'><strong>etquid</strong></span> <span class='ocrx_word' id='word_1_250' title='bbox 1268 3975 1335 4037; x_wconf 68' lang='lat' dir='ltr'><strong>estc</strong></span> 
     </span>
     <span class='ocr_line' id='line_1_36' title="bbox 270 4072 1336 4158; baseline 0.002 -20"><span class='ocrx_word' id='word_1_251' title='bbox 270 4093 308 4138; x_wconf 87' lang='lat' dir='ltr'><strong>ex</strong></span> <span class='ocrx_word' id='word_1_252' title='bbox 346 4072 523 4140; x_wconf 80' lang='lat' dir='ltr'><strong>maximis</strong></span> <span class='ocrx_word' id='word_1_253' title='bbox 557 4075 677 4140; x_wconf 90' lang='lat' dir='ltr'><strong>habet</strong></span> <span class='ocrx_word' id='word_1_254' title='bbox 709 4075 894 4158; x_wconf 71' lang='lat' dir='ltr'><strong>Cyprum?</strong></span> <span class='ocrx_word' id='word_1_255' title='bbox 954 4074 1255 4158; x_wconf 83' lang='lat' dir='ltr'><strong>Scriptum-fuerat:</strong></span> <span class='ocrx_word' id='word_1_256' title='bbox 1290 4094 1336 4140; x_wconf 85' lang='lat' dir='ltr'><strong>ex</strong></span> 
     </span>
    </p>
   </div>
   <div class='ocr_carea' id='block_1_8' title="bbox 0 0 1486 4648">
    <p class='ocr_par' dir='ltr' id='par_1_11' title="bbox 0 0 1486 4648">
     <span class='ocr_line' id='line_1_37' title="bbox 0 0 1486 4648; baseline 0 0"><span class='ocrx_word' id='word_1_257' title='bbox 0 0 1486 4648; x_wconf 95' lang='lat' dir='ltr'><strong> </strong></span> 
     </span>
    </p>
   </div>
  </div>
 </body>
</html>
