3000 4638
592 249 717 306 Valerius
734 249 805 304 Mar.
1126 251 1188 314 323

161 451 286 516 tertia
321 446 493 530 ancipiti
523 448 679 513 fortuna
710 447 926 530 prestatur.
982 447 1065 516 Vitia
1090 449 1152 516 iam
1176 451 1231 516 alii

163 559 338 622 senserunt.
380 553 520 619 Primum
554 551 637 618 enim
673 552 800 618 ablativi
832 569 956 636 prorsus
986 557 1122 636 perversi
1147 559 1229 635 eunt,

163 662 309 746 quoniam
330 659 498 728 liberalibus
527 675 587 722 nnn
620 656 749 740 inopia
775 660 946 741 praestetur,
980 660 1034 724 sed
1066 662 1148 746 inopi
1181 665 1231 728 vel

159 767 283 851 inopia,
315 765 520 847 'similiterque
552 762 621 828 dnae
651 763 775 847 reliqua
803 763 953 838 virtutem
984 765 1116 832 debebat
1136 767 1231 852 igitur

161 875 275 940 saitem
297 874 335 939 in
356 871 438 939 addi.
496 867 614 934 Deinde
636 869 876 952 supramodum
898 870 1029 936 ridieula
1051 875 1099 936 ast
1120 892 1231 938 oenu-

160 978 335 1060 petionis
366 977 401 1040 ‘in
423 976 482 1041 hae
502 993 536 1041 re
556 975 638 1040 iuter
657 975 793 1057 inopium
822 977 856 1041 et
886 976 1055 1059 anoipitem
1076 978 1229 1043 fortunam

161 1083 379 1162 montanino
414 1081 444 1146 ei
465 1080 690 1146 humanitatem
725 1081 790 1146 eive
818 1081 1016 1147 elementiam
1048 1085 1230 1168 respondere

162 1189 271 1273 putem
294 1189 361 1272 qnia
384 1189 433 1254 eet
454 1187 537 1253 euim
556 1187 585 1251 is
606 1186 735 1251 fortuna
756 1187 867 1263 statua
890 1187 1007 1271 etquid
1029 1189 1058 1253 ei
1078 1189 1230 1271 praecipue

161 1293 291 1359 detetur
337 1295 560 1376 praesnnrvea
612 1291 818 1358 Seribandum·
858 1293 1009 1376 primum:
1064 1293 1228 1372 Quarum

160 1400 288 1483 prime
321 1399 429 1484 inopi
553 1396 869 1481 tertie'anoipiti
909 1399 1117 1482 praestatur
1143 1399 1230 1482 for-

163 1503 278 1582 tunam
301 1501 370 1570 tum
391 1503 630 1596 intelligendum
662 1504 871 1586 proximam
896 1521 973 1581 eoae,
1003 1521 1070 1587 quoe
1091 1506 1230 1587 proxima

160 1611 193 1675 et
213 1612 369 1693 postrema
390 1612 549 1676 nominata
571 1610 622 1684 sit,
645 1609 909 1688 elementiam,
936 1610 1061 1676 tertiam
1084 1610 1229 1676 humani-

158 1717 269 1794 tatem,
291 1733 359 1799 quae
381 1717 507 1800 ancipiti
535 1735 593 1782 noe
621 1719 728 1782 tamen
749 1714 843 1798 lupera
865 1716 897 1779 et
917 1714 1073 1781 oeoidenti
1102 1715 1228 1780 fortuna

161 1821 298 1901 debetur,
312 1891 320 1908 ,
333 1823 371 1887 ad
404 1839 498 1904 quam
529 1823 652 1906 spumat
682 1819 855 1896 eminentia.
913 1819 1021 1904 Itaque
1052 1821 1143 1886 huiurs
1167 1822 1229 1886 ior·-

160 1930 243 1992 tnua
266 1928 388 2012 generis
410 1927 595 2012 significatio
622 1927 702 1994 latet
723 1945 780 1992 neo
798 1927 905 1992 tarum
926 1926 1017 1992 raldo
1038 1927 1175 1992 involuta
1197 1929 1228 1991 in

157 2033 214 2100 itio
246 2034 508 2117 oooupetioue.
562 2033 735 2117 Scripserat
769 2033 852 2098 enim
874 2032 1031 2097 Valerius:
1068 2042 1228 2114 quarum

157 2139 286 2222 prime
320 2139 442 2222 inopi,
469 2138 648 2222 'proxima
679 2137 901 2213 occubanti,
919 2138 1040 2204 tertia
1061 2138 1228 2220 ancipiti
1296 2133 1298 2137 ’

157 2245 324 2310 fortune
344 2246 599 2329 praetatur.¹)
622 2269 624 2277 ·

259 2351 326 2418 rua.
353 2351 402 2430 (v,
434 2351 466 2430 u)
489 2351 525 2416 a.
558 2352 594 2415 1:
638 2348 734 2428 aar
773 2350 899 2442 autem
933 2349 1044 2414 arram
1088 2311 1226 2430 (aarum

157 2456 342 2536 alexandri)
377 2456 553 2523 oseulari
582 2473 655 2522 non
685 2455 844 2538 cuperet
876 2455 932 2531 (nia
967 2454 1145 2522 Perizonius
1173 2476 1227 2540 pro

14 2617 22 2638 ,
159 2562 362 2639 curreret),
397 2581 477 2646 quae
500 2563 582 2632 ,iam
612 2562 695 2626 fato
724 2577 910 2644 oppressa
935 2561 1091 2627 maximi
1121 2571 1226 2628 exer·

158 2667 261 2732 eitue
291 2668 508 2751 complexui
535 2668 780 2734 humanitate
815 2684 922 2749 quam
955 2666 1105 2750 erriritu⁴
1127 2667 1226 2733 niri-

14 2835 23 2862 ·.
157 2771 272 2837 dioro
292 2773 464 2838 suffecit.
509 2773 579 2840 Non
602 2773 704 2858 agitur
733 2773 773 2837 de
790 2771 985 2838 humanitate
1008 2772 1158 2854 spiritate
1179 2773 1226 2837 vi·

156 2875 239 2956 vido
259 2877 315 2942 aad
337 2877 376 2943 de
400 2895 495 2944 manu
515 2880 675 2947 morientis
697 2878 809 2957 vivida,
842 2896 904 2943 non
930 2879 997 2943 tem
1017 2877 1139 2960 spiritu,
1172 2879 1224 2961 qni

16 3031 24 3087 ‘s
158 2997 250 3066 pane
268 2983 433 3060 teteoerat
458 3001 551 3068 quam
572 2983 777 3050 humanitate.
832 2983 942 3049 Soriha
977 2983 1225 3050 humanitate

17 3137 26 3194 ,ἐ
157 3101 272 3172 quam
295 3090 440 3173 spiritu
461 3090 630 3154 vividior
651 3089 825 3158 suffecit
1055 3093 1057 3098 ’

259 3195 326 3260 Ibd.
348 3197 383 3260 a.
406 3196 443 3261 t:
476 3195 568 3262 Nam
592 3214 678 3260 eum
785 3194 977 3262 abscisum
992 3185 1226 3280 ernsoryrrnr)

158 3301 281 3383 eaput
311 3301 545 3386 Alcyoneus,
579 3301 773 3386 Antigoni
803 3300 908 3386 regie
940 3299 1064 3376 filius,
1086 3300 1130 3365 ad
1158 3317 1225 3384 pa-

157 3521 359 3537 »nunqu-w..—

245 3538 258 3560 'a

188 3671 210 3740 ¹)
229 3662 304 3738 le,
325 3675 339 3727 1
359 3687 451 3726 verum
471 3687 527 3725 esse
546 3669 641 3739 nequit
658 3669 689 3722 si
714 3667 807 3724 modo
826 3681 941 3720 verum
960 3669 1042 3732 (ast).
1079 3665 1223 3735 Nunquam

187 3768 190 3776 ⁴
231 3765 301 3818 enim
321 3765 360 3820 sie
377 3763 502 3819 Valerius
531 3762 617 3818 critici
635 3775 775 3831 personam
794 3759 886 3822 sumit,
907 3758 1026 3812 omnium
1045 3758 1156 3811 minime
1174 3759 1223 3811 du·

225 3852 368 3920 ¹iritaturne
390 3852 427 3911 'de
440 3855 588 3924 eplendido
616 3849 725 3910 senatun
753 3851 866 3912 Romani
895 3849 974 3905 teoto.
1029 3849 1223 3916 sedquoniam

180 3955 186 3964 '
228 3947 318 4004 dolata
337 3952 408 4004 veunt
436 3949 534 4004 veteris
562 3951 699 4018 scripturae
725 3946 754 3999 in
781 3945 804 3998 B
831 3944 960 4014 vestigia,
992 3941 1116 3996 mendum
1136 3941 1223 3996 ‚relin-

228 4039 367 4110 quendum
382 4044 431 4096 est.

972 4150 1020 4201 21*
