2956 4648
142 288 146 295 ·
277 270 339 332 474
628 271 688 327 ure.
697 270 774 326 v111.
794 269 859 340 usp.
871 272 919 328 rr.

234 467 363 531 Eresmo
400 467 562 532 edebatur:
593 467 633 533 in
663 469 747 535 dies
778 469 963 536 deterius.
1006 468 1223 536 Revoeendum
1253 471 1299 533 est

238 591 307 654 ep,
328 572 389 649 Ab,
415 573 543 651 ceteris,
577 574 658 656 quod
679 576 785 656 primae
808 575 959 640 editiones
986 577 1169 642 tenuerunt:
1193 574 1300 658 ·qnod

236 697 309 743 nou
330 680 408 744 -fiet
439 680 476 743 in
508 679 591 746 dies
622 681 716 756 eius,
749 681 808 745 oni
829 699 897 747 uun
920 682 1045 764 possit
1068 681 1234 758 obstari,
1267 680 1299 745 id

233 786 292 860 est,
314 786 491 862 vetustatis3
518 787 608 851 huius
641 787 723 852 euim
751 787 853 852 omniu
889 787 999 869 prester
1020 786 1156 852 enimuur
1182 787 1297 854 sensim

232 889 321 953 fiunt.
389 890 573 956 Dormiterit
611 892 767 957 Erasmus.
833 893 880 969 (In
915 911 959 975 ep.
1010 891 1068 970 32,
1112 892 1132 955 3
1175 895 1318 977 egregie·

234 994 381 1073 Gronov.)

331 1101 386 1184 Ep.
413 1101 465 1175 33,
498 1102 532 1166 5:
558 1103 681 1182 Quare
705 1103 851 1186 depone
882 1105 997 1168 istem
1028 1123 1144 1186 spem,
1180 1121 1294 1186 poese

230 1211 270 1270 te
292 1209 510 1273 summatim
533 1208 915 1293 degustareingeuie
937 1211 1184 1274 maximorum
1199 1210 1297 1274 viro-

233 1331 329 1387 rum;
361 1315 443 1380 tuto
472 1315 547 1380 tibi
568 1315 811 1400 inspicienda
834 1315 937 1392 sunt,
978 1319 993 1380 t
1021 1317 1060 1380 ts
1082 1314 1296 1380 treetends.

230 1418 307 1482 Res
339 1421 497 1502 geritur
519 1422 557 1484 et
580 1439 646 1504 per
666 1421 899 1486 lineamenta
930 1441 998 1486 sua
1025 1420 1177 1504 ingenii
1199 1440 1295 1503 opus

232 1525 420 1601 nectitur,
455 1545 497 1590 ex
519 1544 589 1608 qno
610 1525 707 1590 nibil
729 1526 891 1591 subduci
912 1527 998 1592 sine
1020 1528 1131 1592 ruine
1151 1528 1293 1610 potest.

232 1629 318 1695 Nihil
339 1632 470 1706 omnino,
503 1633 581 1719 quod
614 1632 654 1697 ed
686 1631 767 1696 huno
788 1631 1030 1698 indissolubilem
1054 1633 1148 1698 totius
1171 1635 1203 1698 et
1224 1651 1295 1714 per·

229 1737 309 1803 tium
331 1755 441 1802 nexum
463 1737 626 1819 pertineat,
648 1737 821 1820 signifioere
843 1740 973 1821 possunt
993 1740 1086 1804 verbe
1107 1758 1169 1804 ree
1191 1740 1293 1822 geri·

228 1844 309 1920 tur,
346 1843 385 1908 ed
407 1846 511 1908 netum
544 1844 576 1908 et
610 1861 744 1926 pugnem
776 1846 953 1926 speoteutie.
1005 1844 1206 1911 Soribendum
1229 1847 1293 1910 est:
1377 1863 1380 1870 ·

232 1949 303 2013 Res
335 1951 480 2010 seritur
513 1947 780 2027 (conaerentes).
832 1951 928 2016 Paule
950 1955 1020 2034 poet
1041 1951 1062 2036 ξ
1084 1951 1103 2010 7
1126 1951 1224 2015 oratio
1247 1951 1291 2016 sio

227 2055 430 2136 dispesoende
464 2057 528 2119 est:
572 2053 661 2119 Ideo
704 2057 834 2136 pueris
869 2062 909 2123 et
951 2057 1174 2123 sententies
1211 2056 1294 2120 edi-

228 2160 389 2226 scendas
412 2161 547 2225 demus
573 2208 641 2240 ...,
675 2163 762 2244 quia
783 2164 989 2246 eompleeti
1010 2163 1104 2228 illus
1124 2163 1293 2244 puerilis

227 2266 379 2332 enimus
401 2269 546 2349 potest,
569 2267 656 2350 quie
677 2268 762 2348 plus
785 2269 905 2334 edbno
926 2286 997 2332 nou
1022 2269 1135 2349 oepit.
1189 2267 1293 2334 Certi

227 2374 429 2456 profectus
465 2374 547 2437 viro
582 2372 741 2454 eeptsre
773 2373 958 2440 flosculos
994 2378 1107 2456 turpe
1138 2375 1207 2442 eet.
1243 2375 1292 2440 ,ln

228 2497 323 2563 puero
345 2480 480 2544 nondum
503 2480 551 2543 est
574 2479 861 2560 nortus-profectus.
895 2480 974 2544 Tum
997 2479 1018 2566 ᾗ
1039 2480 1059 2544 8
1081 2479 1292 2546 scribendum:

227 2588 277 2650 At
298 2587 434 2650 eontre
466 2585 565 2650 seire
599 2586 662 2650 est
689 2605 759 2650 sua
787 2586 913 2651 faeere
936 2587 1055 2669 (vulget
1079 2590 1140 2652 est
1162 2590 1202 2652 et
1222 2604 1293 2651 sue

227 2691 310 2770 feo.)
333 2710 492 2774 quaeque
515 2702 583 2755 beo
606 2690 649 2755 ed
678 2693 872 2773 exemplar
895 2692 1072 2774 pendere.

327 2797 382 2880 Ep.
412 2796 464 2870 34,
490 2797 509 2858 2
539 2799 571 2861 et
593 2795 628 2860 3:
662 2797 700 2860 et
728 2815 824 2862 nuno
851 2798 951 2863 idem
979 2797 1095 2874 ieeio;
1129 2797 1292 2863 sedium

228 2906 445 2969 currentem
467 2903 599 2967 hortor
621 2904 657 2966 et
678 2901 843 2968 invicem
867 2902 1097 2968 hortantem.
1142 2903 1192 2971 nd
1212 2903 1291 2968 huno

230 3007 354 3073 Seneoae
374 3009 497 3073 landem
529 3009 665 3073 Imoilius
687 3007 827 3072 subiicit:
872 3009 968 3089 Quid
995 3008 1115 3087 uliud,
1146 3009 1290 3092 inquis,

227 3115 347 3180 edbue
369 3115 474 3177 volo?
496 3113 589 3189 mire,
614 3114 700 3197 qussi
723 3113 840 3178 Seneca
860 3115 1079 3200 significaverit
1100 3116 1289 3182 voluntatem

227 3221 292 3286 eins
325 3222 477 3285 mutatum
521 3221 553 3284 et
594 3239 673 3285 nune
705 3221 807 3286 minus
828 3221 859 3286 in
894 3241 928 3288 eo
961 3222 1056 3288 studii
1091 3241 1168 3288 esse.
1212 3221 1292 3286 Mire

227 3329 322 3392 etiem
366 3328 482 3390 Seueoe
519 3327 725 3409 persequitur:
770 3327 811 3390 In
856 3327 927 3392 hoo
969 3328 1175 3410 plurimum
1218 3329 1290 3403 est3

321 3450 408 3515 pars
438 3450 574 3515 magna
603 3433 795 3497 bonitatis
818 3436 878 3498 est
898 3435 998 3498 velle
1020 3432 1111 3498 fieri
1144 3433 1290 3497 bonum.

228 3540 366 3620 Apparet
387 3537 539 3612 Lucilium
569 3538 707 3604 modeste
729 3539 853 3604 laudem
879 3538 1076 3622 deprecatum
1111 3557 1189 3616 esse,
1219 3557 1292 3602 enm

226 3643 342 3708 dioeret
373 3662 406 3707 se
429 3643 527 3708 adhue
547 3645 626 3709 nelle
648 3645 782 3718 tautum,
804 3662 864 3708 nou
886 3644 1061 3726 perfodisse,
1082 3644 1164 3727 qued
1186 3644 1291 3720 uellet,

227 3748 374 3813 Senonum
413 3749 444 3811 in
490 3751 558 3832 ipsu
598 3751 756 3817 voluntate
800 3749 933 3818 multum
966 3751 1028 3816 iarn
1066 3769 1133 3816 esee
1180 3749 1291 3815 dicere.

226 3852 396 3936 Sumpserat
430 3854 524 3937 igitur
557 3856 685 3920 Seneca:
730 3855 829 3935 Quid
865 3855 990 3930 uliud,
1028 3855 1177 3939 inquis,
1223 3855 1292 3920 ed-

214 3959 296 4024 ·huo
316 3959 392 4022 nisi
411 3961 520 4025 volo?
