3018 4634
309 261 378 324 w
674 259 936 331 mmmm

269 457 1340 546 silistemporumsuntqueinhorescommuterividcs.

274 569 420 635 Latinum
438 567 557 633 nonest
576 585 718 649 quere-c,
733 574 768 626 ιιι
787 565 855 649 quio
864 563 979 649 focius
1000 583 1055 648 pro
1070 583 1116 640 eo,
1131 565 1213 650 quod
1224 567 1341 650 estpo-

264 673 400 749 ,ιιιιιιιιις
432 673 537 755 iteque
558 665 700 736 Balteus
722 670 829 736 obesse
848 671 939 736 molit
959 671 1030 736 illu:
1052 673 1097 736 ub
1120 672 1340 755 suscipiam

276 781 559 866 cogitationem,
581 793 752 860 queencmo
773 775 932 842 additurus
953 780 1030 855 erut,
1051 781 1116 844 tum
1128 778 1240 844 Latine
1261 797 1341 862 pm·

278 887 388 953 sertim
422 888 454 950 ιι
474 884 604 967 proprie.
662 881 828 948 Sententiae
858 883 991 949 formem
1011 876 1144 950 ¹videret
1170 883 1341 950 Lambinus

279 992 396 1078 (qnod
417 991 554 1074 rogus),
576 988 631 1054 sed
651 1006 672 1052 u
691 989 827 1071 proximo
848 991 881 1054 et
901 1008 972 1055 uero
997 990 1158 1066 aberravit,
1183 990 1262 1074 qued
1283 989 1340 1056 boc

268 1101 343 1167 est:
393 1095 592 1176 Quodvis,
629 1097 671 1158 ut
694 1094 909 1178 suscipiam
931 1113 1017 1178 cog,
1040 1115 1070 1178 q.
1099 1095 1120 1162 i.
1148 1095 1341 1180 egendum

277 1207 425 1288 putem,
454 1201 623 1268 consiliu
645 1202 862 1284 temporum
884 1202 996 1279 sunt,
1032 1203 1092 1266 cet.
1138 1202 1210 1285 (ιιι.
1232 1202 1288 1282 21,
1321 1201 1342 1264 2

276 1310 426 1378 utendum
457 1328 524 1376 esse
546 1310 649 1374 vetere
671 1306 862 1374 coniectum:
896 1309 937 1370 ut
968 1329 1075 1370 armo
1109 1325 1238 1374 omues
1271 1308 1342 1372 bu-

277 1418 428 1490 berent,
461 1417 493 1480 et
525 1433 574 1481 res
603 1414 636 1480 ct
670 1414 799 1480 verbum
832 1413 877 1478 rei
907 1413 1063 1496 proprium
1095 1413 1343 1496 inspicerent

270 1522 434 1598 ostendit.)

378 1627 447 1693 Lib.
481 1624 548 1702 XV,
583 1624 603 1688 6
634 1624 723 1690 initio
749 1624 902 1708 epistole,
935 1625 1080 1692 restituta
1111 1624 1176 1689 cod.
1209 1624 1342 1691 Modicoi

278 1733 440 1816 scriptura,
461 1731 572 1796 lacnne
592 1729 637 1815 sic
658 1729 823 1806 indicendo
844 1733 907 1796 est:
946 1729 1034 1796 Cum
1055 1730 1102 1796 ad
1117 1749 1173 1796 me
1195 1731 1344 1796 Brutus
1429 1795 1435 1804 ,

279 1840 414 1906 ιοιιιι
434 1837 668 1921 scripsisset
699 1839 737 1914 ot
764 1835 938 1916 Gnosius,
969 1840 1011 1902 ut
1043 1837 1237 1912 Hirtium,
1273 1836 1344 1920 qui

279 1946 398 2012 adhuc
428 1944 548 2010 bonus
583 1942 745 2017 luisset,
780 1941 877 1981 *²³*
913 1943 1081 2012 sciebam
1114 1962 1235 2026 neque
1258 1961 1344 2008 eum

279 2051 520 2117 confidebam
546 2049 627 2114 fore
654 2067 739 2114 mee
767 2049 1006 2115 auctoritate
1028 2047 1231 2116 meliorem
1253 2050 1345 2131 (Διι-

273 2156 388 2221 tonio
410 2155 473 2219 est
495 2154 596 2221 enim
617 2154 788 2220 fortusse
808 2154 967 2235 iratior,
994 2175 1116 2222 causus
1139 2175 1232 2222 vcro
1254 2158 1344 2222 umi-

279 2261 490 2338 eissimus),
522 2261 653 2326 temen
690 2261 735 2326 ad
767 2279 850 2326 eum
877 2262 1021 2346 scripsi
1052 2263 1111 2328 cet.
1162 2261 1237 2341 Quo
1264 2262 1345 2327 erci-

279 2367 400 2441 dernnt
422 2366 598 2434 huiusmodi
619 2366 682 2434 iere
703 2367 843 2432 fuerunt:
889 2366 1180 2453 [confirmarem
1215 2376 1248 2430 ιι
1282 2389 1345 2430 ιι-

281 2475 457 2553 citorcm,
489 2474 560 2538 ctsc'
590 2472 715 2536 alieno
748 2493 769 2536 a
791 2495 907 2538 causa
928 2475 1055 2538 animo
1070 2473 1208 2560 fuisse]
1232 2475 1347 2540 seie-

276 2581 379 2656 -bum,
403 2582 461 2646 cet.
505 2579 556 2646 Sic
578 2579 704 2645 demum
724 2579 911 2664 intelligitur
931 2581 1072 2646 tomen.

380 2686 446 2753 lbd.
469 2685 520 2761 20,
547 2686 586 2750 4:
623 2706 701 2771 quoe
723 2687 894 2765 (mercedes
917 2687 1068 2752 dotalium
1089 2683 1286 2769 prediorum)
1310 2685 1347 2752 si

218 2799 225 2822 ³
279 2792 470 2858 fideliter
501 2791 680 2858 Ciceroni
710 2792 964 2868 curabuntur,
997 2809 1223 2878 quemquem
1258 2791 1347 2856 uolo

279 2897 425 2974 larius,
459 2899 589 2964 temon
621 2897 656 2962 ei
681 2899 952 2980 propemodum
978 2897 1080 2963 nihil
1101 2897 1239 2964 deerit.
1282 2897 1347 2962 Vc·

271 3021 353 3080 neor,
377 3022 415 3069 ne
438 3002 588 3066 lautius
609 3003 701 3068 scribi
723 3004 843 3070 debeat.

381 3107 448 3172 lbd.
481 3108 531 3186 26,
564 3109 585 3172 4
607 3128 624 3175 e
656 3108 771 3175 codicis
792 3109 878 3177 Med.
902 3109 1041 3196 vestigiis
1068 3109 1134 3175 been
1155 3109 1347 3174 efficiuntur:

281 3212 326 3278 M.
348 3213 486 3280 AElium
519 3233 608 3280 cure
628 3216 838 3294 liberabis3
872 3235 927 3282 me
958 3234 1102 3301 peuces
1133 3233 1278 3300 specus
1307 3215 1348 3280 iu

273 3322 448 3386 extreme
469 3319 601 3399 funde,
624 3323 661 3386 et
683 3341 744 3387 eos
766 3320 919 3407 quidem
943 3324 1235 3400 subterraneos,
1257 3339 1348 3386 ser-

281 3426 423 3491 vitutis
476 3435 634 3512 putasse
676 3427 831 3511 aliquid
874 3429 957 3512 (cod.
1004 3428 1191 3514 spudtele
1240 3426 1347 3512 quid)

276 3529 508 3610 .hsbituros;
561 3535 603 3600 id
654 3553 710 3600 me
758 3535 915 3600 iemium
969 3535 1080 3600 nelle
1135 3533 1222 3612 (iem
1276 3550 1348 3597 non
1471 3605 1476 3610 ,

276 3637 426 3721 ιιιΠιι)
448 3644 507 3711 ιιι.

382 3745 432 3810 Ad
454 3745 608 3814 Ciceronis
630 3744 670 3813 do
691 3744 892 3840 pbilosophis
914 3745 1007 3813 libros
1030 3765 1098 3833 quae
1120 3743 1269 3812 annotato
1290 3743 1347 3808 be·

282 3851 392 3917 bebam
426 3873 482 3919 nec
503 3857 595 3920 antea
617 3853 782 3929 edideram,
816 3872 852 3919 ιι
875 3854 988 3936 purtim
1021 3873 1049 3920 ι.
1081 3851 1161 3916 1857
1192 3849 1244 3932 (ed
1265 3851 1348 3915 Aee-

282 3957 412 4037 demice,
435 3959 634 4040 Tusculanus,
655 3961 817 4044 peredeus,
839 3959 934 4026 libres
957 3960 995 4024 de
1017 3979 1080 4044 rep.
1102 3961 1133 4026 et
1147 3957 1185 4024 de
1200 3942 1347 4042 legibus),

276 4064 396 4149 partim
434 4064 514 4128 1859
553 4066 604 4147 (ed
637 4065 729 4132 libres
768 4065 805 4130 de
834 4067 897 4130 nat.
928 4066 1072 4145 deorum,
1105 4066 1143 4130 de
1174 4064 1279 4143 divin,
1309 4064 1348 4129 de
