3000 4638
332 225 395 288 322
688 227 750 292 lib.
763 227 841 286 vm.
852 227 919 300 cop.
935 229 959 286 l.

290 426 374 490 aliud
411 428 555 492 notatum
587 429 636 492 est
665 426 719 502 Vl,
753 411 788 502 1,'
817 428 866 508 ll,
896 445 958 493 non
984 432 1142 514 receptum
1164 433 1235 512 Vll,
1263 436 1294 514 6,
1319 439 1361 506 l:

289 533 493 615 impeturn.
536 531 617 598 suu.
640 532 724 608 VIII,
750 533 768 594 7
789 533 825 596 ll.
848 534 890 610 5.)

389 637 456 701 lbd.
493 637 522 714 7,
560 637 595 702 7:
619 639 784 704 ¹uestros
809 637 910 704 enirn
944 641 1169 708 constantes
1201 645 1362 726 animos-r

292 744 425 808 vestra
454 745 615 808 strenua
643 742 885 820 misteria,
916 746 1084 815 vestram
1115 748 1355 836 inexpugna-

289 848 412 913 bilem
444 848 768 914 taciturnitatem
806 865 952 932 proquo
989 850 1188 936 dignitate
1222 858 1362 924 cissa*
1457 915 1458 920 ,

293 953 379 1018 luto
416 953 629 1020 amicornm
671 954 907 1036 perpetuam
948 955 1262 1039 excubationem,
1293 963 1354 1028 te-

288 1060 498 1124 stationem
539 1059 838 1137 benovolentia,
975 1062 1168 1143 posterior
1202 1063 1354 1135 intuens
1457 1125 1458 1144 p

286 1155 377 1232 aetas
399 1168 458 1230 cot
513 1166 629 1250 Ignavc
659 1167 691 1230 et
718 1164 822 1246 inopte
854 1165 990 1232 extmmo
1016 1168 1155 1234 membro
1176 1169 1356 1255 uffiungibn
1457 1153 1458 1230 i

287 1272 478 1354 appositione
510 1270 567 1335 illa
598 1268 768 1334 testatio
803 1269 1102 1348 benevolentia,
1134 1293 1210 1357 qua,
1246 1277 1276 1342 si
1306 1277 1358 1344 lo-

288 1377 400 1460 quenti
421 1393 512 1442 nsum
534 1375 702 1459 sequimur,
724 1374 803 1440 nihil
816 1375 901 1440 eliud
923 1378 971 1442 est
992 1376 1052 1442 nisi
1074 1379 1182 1456 oratio,
1204 1384 1358 1465 qusquis

289 1499 322 1546 se
344 1482 526 1548 benevolum
551 1500 618 1548 esse
641 1482 787 1546 testetur.
842 1479 1047 1550 Scribonium
1078 1487 1129 1549 est
1159 1483 1278 1552 daubus
1301 1488 1353 1552 lit·

287 1587 362 1652 teris
419 1585 631 1669 uansposilis:
689 1588 917 1670 perpetuam
974 1589 1268 1658 excubationem
1323 1603 1354 1655 ct

285 1691 488 1754 stationem
520 1692 810 1759 benevolentiae.
866 1692 1089 1762 Benevolsntiu
1119 1697 1289 1764 excubebat
1323 1701 1354 1766 et

286 1795 451 1862 stationem
472 1798 586 1880 egebat
606 1817 661 1880 pro
684 1798 836 1881 dignitate
857 1799 890 1864 et
909 1798 1009 1866 salute
1031 1801 1211 1868 amicorum.
1249 1833 1252 1840 ⁴

384 1902 493 1967 Inar
516 1903 551 1967 ll.
583 1904 619 1966 1:
662 1902 800 1968 llodcnr
827 1904 956 1972 autem
977 1911 1167 1975 momento
1196 1909 1237 1974 ct
1265 1909 1355 1976 hera

283 2027 303 2072 a
348 2008 533 2092 Dionysio
578 2009 795 2074 constituta
849 2012 869 2052 *
913 2027 992 2076 eam
1034 2011 1099 2094 qui
1146 2018 1357 2097 acceperat
1457 2011 1458 2102 l

284 2115 529 2196 supervenit
574 2114 635 2180 Ubi
668 2115 773 2179 uotam
805 2115 912 2197 posui,
944 2115 1012 2182 ‹luae
1041 2116 1208 2184 litturesiu
1229 2118 1258 2184 B
1280 2138 1355 2186 era·
1457 2105 1458 2148 ³

282 2221 425 2284 suerunt
463 2219 661 2286 Scribonium
686 2221 750 2284 cst:
780 2220 921 2286 Eodem
945 2221 1070 2290 autem
1092 2226 1290 2292 memento
1315 2227 1355 2292 et
1457 2211 1458 2276 }

282 2326 372 2390 hora
408 2343 427 2390 a
463 2325 645 2410 Dionysio
680 2325 902 2390 constituta
932 2336 978 2400 et,
1017 2345 1097 2394 esm
1131 2329 1198 2412 qui
1235 2348 1351 2398 acoe-

282 2433 408 2514 pcust,
441 2432 668 2514 supervenit
701 2430 746 2514 (id
780 2433 843 2507 est,
875 2432 929 2514 qui
959 2433 1066 2500 boram
1099 2437 1269 2516 acceperat,
1302 2436 1352 2502 cui

281 2537 451 2602 constituto
485 2539 574 2616 eret).
644 2537 704 2602 Pto
743 2536 880 2604 ablativo
920 2540 1079 2620 acceptum
1111 2537 1202 2606 hore
1235 2539 1350 2608 fetam

279 2643 354 2708 iacit
374 2643 586 2727 tautologiam.

379 2750 448 2815 lbd.
470 2749 500 2829 8,
524 2751 560 2813 l:
593 2750 760 2833 pretium
783 2748 995 2816 Hannibali
1015 2750 1196 2833 protinus
1217 2770 1351 2818 nurne-
1431 2795 1436 2806 ·

279 2857 401 2932 ravit,
422 2857 454 2921 si
478 2856 525 2925 ud
547 2856 723 2922 calculos
744 2858 975 2931 revocetur,
1007 2875 1180 2939 parrum,
1213 2858 1350 2939 utpote

278 2963 431 3045 septem
452 2961 679 3046 iugeribus,
714 2966 753 3028 et
783 2963 854 3038 boo
885 2961 925 3028 in
950 2959 1136 3043 Pupinia,
1170 2961 1351 3030 addictis

277 3067 492 3145 redactum,
535 3067 570 3132 si
611 3069 737 3134 animo
781 3068 997 3153 erogantis,
1037 3066 1140 3134 omui
1181 3068 1351 3150 pecunie

277 3173 410 3240 maius.
466 3172 518 3238 Ad
549 3173 719 3239 ablativum
751 3175 875 3240 animo
910 3173 1110 3256 erogantis
1139 3172 1225 3242 nullo
1255 3174 1349 3256 pacto

277 3279 376 3344 audiri
402 3280 506 3362 potest
542 3282 757 3358 revocetur,
795 3298 893 3365 neque
926 3280 959 3344 iu
986 3278 1045 3344 hac
1074 3278 1218 3366 diligenti
1247 3297 1349 3348 mem-

276 3387 400 3450 brorum
424 3385 649 3468 comparatione
673 3386 723 3468 (si
829 3387 1053 3464 revocetur,
1086 3385 1118 3450 si
1148 3391 1218 3464 ···)
1242 3386 1348 3451 nescio

275 3493 355 3575 quod
381 3491 546 3557 artificium
580 3491 727 3557 adhiberi.
771 3491 797 3555 B
834 3491 945 3556 habet:
985 3492 1019 3556 si
1040 3491 1169 3555 animo
1205 3507 1348 3574 praero·

272 3598 415 3682 gantis.
454 3599 561 3678 Latet,
584 3598 704 3681 opinor:
728 3597 760 3661 si
782 3597 908 3662 animo
928 3617 1067 3682 penses
1090 3598 1302 3681 erogantis.

373 3705 440 3770 Lib.
474 3703 511 3782 V,
556 3705 571 3766 l
610 3705 692 3770 init:
735 3693 992 3768 Liberalitati
1036 3707 1140 3785 quas}
1172 3703 1347 3786 aptiores

273 3811 433 3876 comites
469 3821 579 3893 quam
610 3809 904 3877 humanitatem
932 3811 970 3874 et
997 3808 1248 3884 clementiam
1276 3808 1348 3874 dc-

272 3917 406 3996 dorim‚
444 3916 620 4000 quoniam
664 3915 766 3980 idem
807 3935 929 4001 genus
974 3915 1103 3982 laudis
1139 3913 1347 3997 expetunt?

273 4022 435 4102 Quarum
481 4022 602 4104 prima
653 4018 796 4105 iuopia,
848 4021 1024 4105 proxima
1074 4019 1346 4104 occupatione,
