2924 4660
303 224 366 290 ooo
679 229 897 301 moinum.

364 428 430 496 Lib.
453 428 555 503 XVII,
580 429 610 504 2,
634 427 675 494 10
695 431 728 494 in
753 428 823 512 lege
844 429 906 494 XII
928 430 1104 499 obulorum
1126 435 1221 502 verbo
1243 454 1330 519 quae·

262 531 337 598 dom
360 534 417 600 -bis
453 534 570 616 scriptu
601 533 757 610 videntur,
793 535 874 618 quod
906 535 1041 618 primum
1077 539 1213 604 srrotnm
1250 541 1334 605 esset

261 639 379 706 omisso
411 641 571 724 porticulo.
631 640 817 708 Huiusmodi
858 642 939 708 euim
983 642 1032 707 lor
1064 642 1159 709 inisse
1191 644 1329 710 videtur:

262 745 371 812 Ante
392 746 595 814 meridiem
619 765 773 812 censum
795 747 1186 826 coniicinncopicicn
1208 750 1329 832 superi·

261 867 329 917 oros
350 869 404 934 pro
426 854 679 932 coniiciunt);
703 862 793 914 tunc
808 864 1024 936 perorante
1041 853 1143 933 (codd.
1167 873 1250 920 cnm
1267 875 1333 938 pe-

260 959 415 1036 rorent),
437 960 472 1022 ci
491 961 600 1025 ambo
623 965 848 1042 presentes.
892 958 986 1022 Post
1008 959 1218 1026 merediem
1241 981 1331 1042 prae·

248 1064 364 1128 ‹ocnti
385 1065 500 1146 litem
522 1065 711 1134 addicito.
756 1063 819 1130 Sol
841 1081 1007 1130 ooousus
1029 1067 1088 1129 cet.
1124 1065 1195 1146 §16
1207 1065 1333 1131 Polste-

261 1188 313 1234 rus
350 1171 394 1248 (in
417 1173 556 1256 exemplo
585 1190 677 1256 supro
705 1171 957 1242 commemorato)
990 1173 1074 1236 recto
1108 1171 1201 1238 scribi
1223 1172 1330 1238 iussit:

259 1293 381 1358 neque
417 1279 608 1360 optimum
643 1297 826 1361 quemque
858 1282 924 1356 (pro
947 1281 1184 1360 quemquem)
1221 1279 1333 1358 inter

259 1399 329 1446 nos
367 1383 508 1448 sinunt
543 1384 737 1449 diurnare.
802 1381 928 1463 Alioqui
963 1383 1159 1448 scriberetur:
1203 1403 1331 1468 nequo

259 1487 405 1554 bonum
429 1507 666 1573 quemquem.
717 1487 750 1570 (ᾗ
776 1488 812 1550 17
838 1489 1013 1554 revocatum
1036 1488 1134 1554 altero
1155 1491 1221 1556 loco
1243 1511 1332 1556 roc-

135 1581 137 1586 ’
258 1593 342 1658 tius
375 1613 429 1676 pro
462 1595 646 1660 crebrius
669 1595 750 1658 inter
778 1593 968 1658 incredibilia
1001 1598 1074 1672 est.)
1116 1593 1137 1681 ξ
1168 1596 1331 1674 ¹19miror

258 1717 317 1766 oon
339 1700 460 1782 pridem
483 1701 619 1766 editum:
642 1699 707 1766 sed
731 1697 863 1764 nescio
886 1699 954 1783 qni
985 1705 1051 1782 (pro
1075 1701 1177 1784 quid)
1201 1704 1330 1769 maio·

257 1807 313 1872 ri's
336 1807 546 1891 dignitatis
568 1809 629 1873 ost
650 1806 808 1872 uerbum
836 1805 1077 1872 sanctitudo.
1122 1807 1153 1893 (ξ
1175 1807 1215 1870 23
1241 1811 1328 1874 recte

247 1912 320 1980 ium
343 1913 550 1988 Lcmbscino.)

358 2021 425 2088 lbd.
469 2019 499 2097 3,
544 2019 578 2084 3:
638 2019 729 2082 Tum
772 2017 847 2082 illo
892 2037 1069 2101 prorsum
1114 2019 1328 2099 irritatus,

256 2123 360 2204 Non,
394 2127 538 2209 inquit,
570 2143 649 2190 mco
673 2126 776 2192 libro
802 2144 942 2190 versus
964 2125 1048 2206 ipse
1072 2125 1185 2190 vobis
1208 2127 1325 2209 plene

257 2231 451 2314 magister
488 2232 626 2297 defuit.
685 2230 735 2295 Sic
769 2231 861 2296 codex
897 2250 960 2315 reg.
983 2231 1053 2295 Pur.
1110 2231 1225 2298 Verum
1259 2237 1326 2298 est:

255 2336 352 2413 Non,
381 2338 533 2420 iuquit,
568 2355 649 2402 meo
684 2337 790 2404 libro
823 2355 963 2402 versus
991 2337 1075 2412 icoc,
1112 2339 1174 2400 scd
1207 2339 1327 2403 vobis

255 2443 372 2524 pleno
393 2448 591 2528 magister
613 2442 753 2509 defuit.
791 2443 832 2508 lit
852 2444 918 2508 sed
940 2444 1024 2510 recto
1046 2445 1219 2526 superiores
1242 2443 1326 2518 edd„
1437 2453 1438 2476 *

255 2549 310 2614 sed
332 2549 445 2617 omisso
466 2549 653 2632 pronomine.
1437 2587 1438 2636 p

354 2655 420 2720 Ibd.
445 2657 473 2732 7,
496 2657 515 2718 6
538 2655 617 2739 quod
639 2654 785 2720 Hertziuo
822 2673 838 2719 e
872 2656 1028 2720 codicibus
1050 2655 1162 2720 edidit:
1206 2656 1327 2724 Vide·

254 2761 369 2826 batur
411 2763 539 2826 tomen
583 2762 655 2826 boc
699 2760 831 2826 dicere
875 2779 982 2826 suum
1017 2762 1200 2836 verbum.
1232 2780 1327 2827 senon

256 2883 378 2934 cassum
401 2869 457 2942 ost
491 2868 551 2935 nisi
573 2867 642 2952 puis
666 2867 788 2938 fortiter
812 2870 951 2940 enarret:
989 2867 1109 2942 „Verbo
1131 2869 1197 2934 eius
1220 2868 1323 2952 (Nigi
1437 2905 1438 2970 ι

253 2973 311 3054 dii)
348 2973 529 3041 videbuntur
561 2973 639 3038 benc
658 2973 785 3040 'hebere
819 2973 1036 3040 sententium“.
1080 2974 1235 3040 Praetercs
1264 2993 1324 3038 non

252 3079 415 3161 agiturdo
449 3081 588 3146 essect
615 3079 711 3156 erit,
751 3079 805 3144 scd
841 3078 879 3142 do
912 3082 971 3145 est
1004 3080 1036 3144 et
1068 3080 1155 3144 erit.
1211 3080 1324 3164 Itaque
1437 3131 1438 3134 ,

252 3185 447 3252 scribendum
486 3188 575 3268 puto:
620 3185 838 3252 Videbatur
876 3187 1006 3250 tamen
1052 3185 1125 3252 hoc
1168 3185 1324 3250 dicere:
1437 3259 1438 3264 ἵ

252 3289 367 3354 Suum
390 3303 447 3354 esc
469 3293 628 3357 verbum
651 3293 689 3356 et
722 3299 815 3367 „eco‘
849 3293 887 3356 st
909 3291 1043 3370 „oriti3
1076 3291 1326 3375 quandoper

251 3414 340 3461 sese
362 3400 572 3479 ponuntur,
597 3397 742 3462 hebent
764 3400 824 3462 cet.

352 3503 420 3569 Ibd.
454 3503 494 3581 8,
522 3504 558 3568 4:
601 3503 768 3568 Puerum
802 3503 915 3568 iubet
940 3502 1098 3568 Taurus
1132 3502 1262 3568 oleum
1283 3503 1322 3566 in

250 3608 380 3673 aulam
417 3609 557 3676 indere
592 3610 650 3689 (sic
687 3613 771 3673 recte
805 3608 991 3692 superiorem
1025 3611 1202 3689 corruptum
1225 3627 1325 3692 nuper
1437 3653 1438 3676 2

251 3713 389 3778 codicum
423 3716 552 3790 auxilio,
589 3716 625 3779 ut
656 3715 739 3778 essct
770 3713 928 3794 uidere).
1046 3713 1207 3780 Guttum
1248 3713 1321 3779 Ss-

207 3889 209 3893 ,
250 3820 361 3885 mium
388 3839 451 3885 ore
479 3823 593 3887 tenos
623 3821 855 3904 imprudens
876 3821 1043 3900 inencm,
1080 3820 1263 3902 tunquam
1284 3819 1319 3884 si

250 3926 406 3992 inesset
440 3928 586 4010 oleum.
631 3927 769 3992 adfert.
828 3927 908 4006 Quid
943 3917 1115 4010 e'itguttus
1144 3943 1195 3990 ore
1228 3927 1321 3991 tenos
1437 3931 1438 3944 ¹

248 4031 368 4113 plenus,
390 4033 466 4109 scio;
507 4033 578 4116 quid
603 4034 644 4098 sit
675 4051 725 4097 ore
750 4033 840 4098 tenus
862 4032 972 4108 ironis,
1005 4050 1127 4114 prorsus
1150 4032 1264 4110 nescio,
1286 4033 1320 4096 st
