2970 4648
254 343 315 410 396
612 343 877 416 alamuosan.

216 560 336 626 quoque
364 543 503 626 quaetio,
539 541 576 608 ut
605 543 723 618 cetera,
758 541 790 608 in
826 542 886 608 duo
922 537 1078 606 contraria
1105 536 1276 604 dividatur:

214 648 380 714 confusa
400 648 503 723 sint,
525 648 564 712 in
587 666 736 742 omnem
758 667 789 730 p.
805 647 904 714 tant
933 645 1015 712 loci
1036 643 1277 723 obtinentia,

214 771 262 818 an
284 755 324 819 at
343 754 421 819 illa
441 755 497 820 cot.
540 752 687 838 Alioquin
718 753 903 820 scriberetur
929 751 1024 817 otiam
1054 749 1278 818 obtineant.

215 858 351 942 (Lipsius
379 876 423 923 ac
447 860 488 924 in
514 878 681 936 omnam,
714 859 791 925 vitio
817 859 1053 934 animadverso.)
1103 855 1134 940 (ἓ
1156 855 1176 918 5
1197 857 1278 920 recte

214 964 303 1030 uncis
338 965 462 1030 notatur
490 964 628 1032 sidera
656 965 689 1030 in
718 965 747 1030 A
780 965 940 1038 omissum,
971 981 1066 1046 pravo
1097 959 1279 1028 attrectatur

214 1070 356 1135 nisum·
381 1070 634 1155 pondusque,
667 1089 795 1155 quorum
826 1071 910 1155 prius
942 1069 981 1135 ad
1015 1067 1157 1134 avolandi
1184 1065 1278 1132 altius

218 1175 364 1242 conatum
395 1177 540 1258 pertinet
584 1178 676 1244 ·Gum
708 1179 740 1242 in
777 1179 806 1242 A
845 1175 997 1258 scriptum
1032 1176 1117 1240 assat
1149 1167 1279 1239 visum

215 1281 467 1364 pondusque,
500 1283 532 1347 in
562 1284 588 1348 B
621 1287 654 1352 ot
681 1285 791 1352 ceteris
818 1283 955 1350 deletum
978 1281 1026 1348 ast
1046 1298 1124 1364 que.
1157 1277 1279 1344 Melius

215 1385 317 1454 iuerat
337 1387 462 1472 egregia
482 1389 579 1473 Lipsii
600 1391 812 1458 emendatione
832 1389 904 1456 utin
930 1386 1145 1455 scintillas
1167 1401 1280 1468 qnas-

216 1492 304 1559 dam
326 1495 553 1579 astrorum.)
582 1497 662 1564 Tum
683 1496 704 1583 ξ
726 1497 745 1558 7
767 1497 832 1562 baeo
853 1495 1046 1563 scribuntur:
1092 1489 1280 1568 Eutime,

218 1617 332 1681 quam
354 1619 428 1666 nou
450 1599 621 1669 multum
643 1605 853 1686 acceperit
876 1598 1092 1683 temporis,
1115 1593 1280 1662 etiamsi

182 1713 185 1718 ·
214 1703 322 1769 illud
354 1706 481 1772 totum
514 1709 595 1775 sibi
622 1710 821 1791 vindicat,
854 1707 918 1775 oui
954 1705 1058 1772 licet
1083 1702 1191 1768 nihil
1217 1702 1279 1767 ia-

215 1810 384 1877 ciiitate
405 1813 529 1896 oripi,
556 1815 660 1882 nihii
681 1810 1148 1902 negligentiapatiatur
1168 1803 1278 1874 erci-

217 1915 331 1995 dare,
362 1917 467 1984 licet
500 1919 618 1986 horas
650 1941 744 1991 suas
765 1919 1010 1989 avarissime
1031 1914 1186 1991 servet,
1214 1961 1279 1992 ...,

216 2023 352 2087 tamon
401 2023 515 2090 homo
563 2027 610 2092 ad
658 2027 952 2096 immortalium
1003 2021 1279 2108 cognitionem

215 2127 336 2193 nimia
376 2132 567 2199 mortalia
610 2135 680 2202 est.
731 2135 863 2202 Dativus
901 2131 967 2197 oui
1003 2129 1089 2195 nullo
1123 2128 1215 2194 modo
1247 2127 1280 2191 in

215 2233 399 2302 abumarum
420 2237 538 2304 includi
558 2239 668 2324 potest
722 2221 924 2307 Scribandum
945 2237 1010 2304 est:
1045 2235 1157 2298 caiae
1176 2235 1281 2300 lieet

216 2340 323 2405 nihil
343 2341 558 2411 facilitate
579 2347 684 2431 eripi
789 2348 992 2432 patiatur,
1016 2348 1076 2414 cat.
1126 2345 1278 2412 Oumnon

217 2447 511 2517 animadverteretur
543 2453 657 2520 cuius
688 2455 792 2521 nihil
828 2445 988 2529 cohaerere}
1024 2455 1149 2538 propter
1179 2451 1279 2517 lieet

216 2553 297 2618 malo
318 2555 510 2624 intellectum
532 2561 640 2625 natum
663 2561 712 2626 est
731 2559 804 2626 oui.

263 2687 265 2692 ·
315 2659 383 2726 Ibd.
404 2661 440 2741 8,
475 2664 491 2727 1
519 2666 632 2744 oratio,
665 2667 701 2732 ut
730 2685 835 2733 veram
861 2667 1047 2733 sententiam
1077 2666 1202 2746 habeat,
1235 2664 1280 2730 sic

217 2763 460 2852 interpungenda
482 2774 544 2837 est:
587 2771 688 2852 Quid
710 2773 1061 2851 meminissent,
1084 2771 1279 2857 quomodo

217 2873 380 2954 sapiens
401 2877 448 2942 ad
470 2878 597 2943 otium
620 2879 776 2958 veniat,
813 2882 946 2946 utrum
968 2879 1062 2964 quia
1083 2897 1185 2962 resp.
1213 2875 1281 2943 illi

218 2978 350 3058 deest,
374 2999 419 3046 an
442 2984 536 3066 quia
565 2985 652 3067 ipse
673 2984 778 3069 reip..
811 2985 846 3051 ai
879 2985 1067 3053 omnibus
1088 2983 1281 3050 defutura

221 3085 321 3163 (codd.
343 3087 499 3164 futura)
530 3092 742 3174 saepest?
785 3091 949 3175 Semper
982 3091 1114 3157 autem
1148 3087 1281 3154 deerit

217 3191 440 3260 fastidiose
472 3195 758 3276 quaerentibus.
812 3199 1049 3282 Interrogo,
1088 3195 1135 3261 ad
1169 3213 1281 3280 quam

220 3315 339 3383 remp.
361 3302 420 3365 cet.
443 3298 503 3364 Sed
521 3300 644 3368 initium
657 3301 845 3386 capitisfiovi
867 3302 958 3368 debet
979 3323 997 3368 a
1018 3302 1088 3370 novi
1109 3301 1282 3386 argumenti

222 3405 361 3470 exordio:
404 3403 547 3472 Adiioe
569 3410 752 3474 nuncoet.

320 3595 366 3662 no
387 3596 550 3664 baculata
572 3598 647 3666 viia
670 3601 697 3676 1,
729 3601 765 3665 2:
810 3601 906 3666 Indo
928 3597 1175 3666 Aristotelis
1198 3615 1283 3663 oum

221 3723 355 3771 rerum
376 3707 523 3771 natura
545 3705 750 3790 exigentia
855 3707 910 3772 lis
933 3708 1012 3784 ost;
1047 3706 1088 3771 at
1110 3702 1186 3771 isti
1206 3703 1283 3769 iam

223 3813 473 3881 animalibus
505 3810 664 3879 tantiam
695 3811 941 3891 indulsisse,
990 3813 1034 3877 ut
1065 3809 1189 3896 quina
1217 3809 1286 3874 ant

223 3922 324 3988 dena
357 3920 497 3986 secula
528 3919 759 3986 educerent.
806 3918 857 3985 Sic
890 3917 1010 3984 codices
1044 3918 1087 4000 (A
1108 3915 1284 3998 cutemquoia

222 4031 257 4095 In
278 4027 347 4094 illis-
364 4029 405 4092 at
427 4025 513 4105 isti,
535 4042 590 4109 pro
605 4043 665 4108 quo
680 4024 904 4092 substituerunt
925 4024 985 4090 ait
1004 4023 1127 4090 iatam
1139 4019 1286 4100 (Haaaius
