2970 4648
544 291 576 348 la
594 291 693 348 &naua
711 290 745 348 de
761 291 848 348 neum
1124 289 1186 356 407

162 490 351 560 nonhabet
403 490 474 574 Ipse
495 491 600 556 autom
622 488 811 556 Nazarianns
833 509 926 574 quam
949 490 991 556 eit
1017 490 1080 558 iam
1102 491 1230 558 mando·

163 615 228 670 sus,
254 596 354 680 prime
374 594 468 679 primi
498 593 570 660 libri
603 596 746 679 periodus
773 595 909 662 ostendit
940 595 1055 679 (nihil
1084 615 1229 681 prope·

164 701 337 776 modum,
380 701 441 767 vir
484 701 625 783 optime
670 701 878 780 Liberalis,
920 700 1086 778 dixerim
1131 701 1230 786 quod

166 806 368 874 beneficia
390 810 473 886 oet),
494 808 607 874 omisso
629 806 676 872 bis
699 805 801 872 rerbo.
845 807 948 892 Atque
966 807 1026 874 hoo
1045 809 1148 893 ipsum
1169 827 1230 874 non

164 929 344 996 pannorum,
357 912 494 980 looornm
516 913 735 978 eorreptionem
756 911 905 978 incertam
928 913 1010 993 sarit,
1046 914 1126 997 quod
1147 911 1231 980 eroi-

164 1017 253 1084 disse
273 1019 367 1086 rerba
386 1018 560 1101 potuerunt.
611 1018 647 1083 In
679 1018 736 1084 tuli
756 1018 962 1088 instmmouto
984 1019 1083 1086 multa
1104 1019 1251 1104 praestat·

164 1123 287 1191 intaeta
316 1123 488 1208 relinquero
515 1123 558 1200 (in
588 1123 706 1189 edendo
727 1123 857 1189 tortasse
878 1125 998 1203 notare)
1021 1142 1113 1207 qnam
1137 1123 1231 1189 norri-

169 1229 264 1314 gendi
295 1230 407 1296 oonatn
434 1228 595 1314 attingere.
639 1228 747 1312 Neque
768 1230 852 1294 enim
872 1229 950 1296 mihi
972 1227 1148 1312 persuadeo,
1173 1229 1228 1296 Se-

164 1353 280 1402 neoam
311 1335 349 1401 de
377 1334 477 1400 benef.
501 1333 532 1411 i,
567 1333 602 1411 2,
638 1334 657 1397 5
685 1334 826 1400 offieia
853 1333 1037 1417 appellasse,
1070 1353 1137 1417 qnae
1158 1333 1231 1400 ferie

164 1441 366 1525 prestantur,
387 1440 441 1505 aut
461 1439 535 1515 VII,
572 1437 610 1516 8,
639 1439 658 1502 2
688 1438 864 1522 scripsisse:
892 1440 930 1504 ot
951 1439 1103 1505 eeteros
1124 1459 1231 1524 mag-

167 1565 238 1613 nos
260 1545 412 1630 quidem
433 1545 553 1621 viros,
581 1545 747 1610 maiores
780 1544 950 1628 quidem.
978 1544 1066 1627 qnia
1087 1544 1126 1610 in
1148 1544 1232 1610 lau·

165 1652 251 1718 dem
273 1652 518 1719 vetustorum
550 1648 699 1716 invidia
730 1667 802 1713 nou
832 1650 979 1724 obstat,
1011 1649 1070 1714 etsi
1091 1648 1231 1714 ibisatis

166 1757 288 1824 oonfido
319 1758 405 1840 prins
426 1756 597 1840 quidem,
630 1753 710 1838 quod
730 1773 785 1838 per
813 1771 846 1819 so
868 1753 1036 1819 absurdum
1069 1757 1131 1830 est,
1170 1773 1232 1820 non

166 1862 270 1928 solnm
293 1863 332 1928 ob
353 1861 494 1939 altorum,
515 1859 698 1944 simpliciter
718 1858 890 1924 tollendum
911 1877 997 1934 esso,
1027 1877 1045 1924 a
1067 1858 1232 1925 maiores

167 1967 211 2034 ad
232 1986 389 2051 magnos
415 1967 600 2032 translatum
629 1967 672 2044 (et
694 1965 788 2031 simul
810 1964 1022 2030 seribendum:
1043 1964 1080 2029 in
1101 1963 1232 2039 laude,

169 2075 227 2140 hoo
252 2075 310 2154 est,
333 2091 404 2139 oum
425 2071 604 2146 landertun
639 2071 773 2154 alioquin
795 2069 903 2136 laudi
924 2070 1130 2148 scriberetur).

270 2179 316 2246 oe
337 2177 500 2246 benefieiis
520 2177 574 2244 lib.
597 2177 620 2255 l,
643 2176 674 2255 3,
697 2175 733 2241 3:
776 2176 860 2241 Alii
894 2174 1004 2254 (videri
1024 2175 1131 2242 nolunt
1153 2181 1233 2251 esse)

167 2284 456 2351 benoiioiorum
486 2283 566 2348 tria
599 2300 758 2366 genera,
794 2281 1114 2364 promerentium,
1146 2277 1234 2344 rod·

168 2389 358 2468 dentium,
392 2388 568 2455 simulet
601 2385 882 2469 aeoipiontium
911 2387 948 2452 et
976 2385 1233 2452 reddentium.
1320 2377 1322 2382 ’

168 2493 271 2562 Nemo
291 2513 428 2578 unquam
451 2493 638 2565 Graeoorum,
659 2509 789 2574 quorum
811 2491 862 2556 hio
884 2490 922 2556 de
934 2490 1051 2558 Gratiis
1072 2491 1235 2558 sonantis

170 2602 374 2685 exponuntur,
407 2598 557 2665 benefioie
589 2597 813 2680 promerentis,
850 2596 1040 2680 aooipientia,
1075 2594 1235 2662 reddentia

170 2705 278 2783 tinxit3
299 2705 558 2789 beneficorum
568 2702 624 2767 illa
633 2719 747 2786 genera
757 2703 839 2775 sunt,
852 2720 980 2784 quornm
994 2701 1047 2766 alii
1058 2718 1235 2784 promeren-

167 2813 231 2890 tur,
266 2812 318 2877 elii
339 2810 489 2876 beneficia
509 2807 655 2899 reddunt,
687 2808 741 2872 alii
767 2807 860 2873 simul
883 2809 915 2873 ot
936 2806 1091 2888 aooipiunt
1112 2808 1145 2872 et
1164 2805 1235 2870 red·

169 2916 259 2983 dunt.
305 2917 399 2981 Paulo
430 2915 502 2998 post
532 2913 569 2999 (ξ
601 2912 635 2998 5)
670 2912 805 2996 proxime
835 2911 876 2978 ad
908 2910 1017 2977 Nazar.
1052 2915 1084 2976 et
1118 2913 1234 2978 eeteros

170 3023 316 3088 meliores
341 3019 537 3088 scribendum
564 3021 627 3086 ost:
670 3017 716 3080 Ia
747 3037 785 3080 oo
812 3017 934 3100 (ohoro,
969 3036 1023 3100 pro
1055 3015 1153 3095 ideo)
1177 3020 1236 3084 ast

168 3124 304 3210 aliqua
334 3127 469 3192 tamon
506 3125 666 3192 maioris
701 3124 837 3202 (sororis,
880 3123 1008 3204 Gratiae)
1041 3122 1234 3206 dignatio,

169 3223 276 3298 siout
296 3233 608 3318 promerentium.
653 3231 796 3297 Voltus
817 3228 937 3300 hilari
962 3228 1068 3304 snut,
1099 3228 1235 3312 qualos

165 3338 301 3410 ,solent
337 3353 438 3412 esse,
477 3337 540 3421 qui
572 3336 670 3402 dant
702 3336 761 3401 vel
803 3334 1000 3418 aoaipiunt
1033 3334 1235 3400 beneficia.

170 3443 248 3522 (Hie
282 3442 407 3508 demum
424 3442 618 3534 explicatur,
654 3460 709 3506 our
740 3440 875 3508 ridentes
909 3439 1024 3506 Gratias
1056 3440 1233 3524 fingantur.)

171 3550 317 3615 Extremo
350 3550 449 3632 eapite
477 3548 543 3628 (10)
571 3546 765 3613 scribendum
794 3548 856 3613 est:
883 3535 950 3611 nee
982 3544 1068 3610 illis
1100 3544 1236 3610 fraudi

169 3657 247 3732 est,
270 3655 302 3722 si
325 3653 437 3718 aliud
458 3655 597 3738 (nomon)
619 3653 658 3718 in
681 3669 835 3718 oensnm
857 3649 1093 3717 detulerunt.

273 3760 340 3830 Ibd.
365 3759 413 3837 10,
443 3759 488 3826 5:.
524 3759 732 3845 Tanquam,
763 3757 793 3822 si
827 3756 933 3824 lilios
967 3753 1085 3822 alieni
1112 3753 1236 3820 resti·

169 3869 285 3932 tuere
306 3868 443 3950 potero
464 3885 602 3952 magno
627 3863 804 3948 perionlo
835 3861 1028 3926 liberatos
1051 3859 1134 3925 sine
1155 3859 1235 3925 ullo

170 3992 272 4052 meo,
292 3991 363 4038 non
384 3970 583 4038 dubitabo.
627 3971 664 4036 ln
685 3969 733 4034 his
754 3967 840 4034 nulla
861 3967 909 4034 est
930 3965 1113 4050 significatio
1137 3965 1237 4030 homi·

172 4080 222 4145 nis
255 4078 401 4146 benetioio
433 4079 553 4163 indigni
588 4079 620 4144 ot
651 4075 767 4160 ingrati
786 4073 897 4151 futuri,
936 4090 1001 4148 neo,
1035 4089 1089 4136 our
1120 4070 1239 4137 Soneoa
