2970 4648
671 290 733 350 lib.
746 291 957 362 wisorem

718 489 802 574 (lap.
824 489 893 556 III.

345 657 453 714 Seneca
471 658 537 714 libri
567 658 601 714 de
623 656 759 713 benefleiis
782 659 811 712 et
833 656 868 713 de
889 657 1031 713 elementia
1054 659 1083 712 et
1106 658 1267 728 questiones

670 791 674 796 ·
735 761 880 818 mtursles

372 914 534 982 Librorum
561 915 600 980 de
626 913 782 980 benefieiis
811 915 843 992 et
865 913 902 978 de
926 913 1090 980 elementia
1112 915 1332 984 emendationis

272 1017 506 1086 fundamentum
539 1040 633 1087 unum
666 1020 797 1086 solidum
820 1021 868 1085 est
889 1019 982 1086 codex
1006 1021 1167 1088 Palatinus
1188 1023 1334 1090 Nazario·

269 1143 338 1201 nus,
360 1126 399 1190 de
421 1125 509 1191 euius
530 1127 680 1210 scriptura
704 1126 825 1192 tontum
848 1126 973 1206 seimus,
1008 1127 1156 1211 quantum
1179 1147 1234 1196 nos
1257 1129 1334 1197 Gru·

269 1232 355 1297 torus
377 1231 456 1297 seire
478 1231 583 1312 voluit,
613 1233 671 1299 hoe
693 1235 760 1311 est,
793 1232 891 1296 multo
923 1233 1024 1298 minus
1047 1253 1138 1318 quam
1160 1235 1220 1319 ipsi
1242 1235 1334 1303 nelle*

268 1343 348 1402 mus.
356 1337 380 1415 ¹)
433 1337 573 1404 Eundem
608 1339 690 1404 enim
721 1335 928 1422 principatum
962 1337 989 1404 is
1011 1339 1061 1405 hie
1082 1341 1209 1420 obtinet,
1244 1360 1334 1426 quem

268 1440 303 1507 in
331 1441 459 1532 dialogis
493 1444 534 1524 (si
569 1444 628 1510 hoe
660 1444 782 1510 nomine
819 1444 967 1510 utendum
1002 1446 1061 1525 est)
1102 1447 1332 1513 Ambrosianus.

270 1553 452 1621 Ceterorum
487 1553 526 1619 ab
558 1553 623 1618 eius
655 1551 777 1618 mendis
814 1550 936 1636 longius
967 1571 1126 1637 progressa
1160 1551 1334 1636 depravatio

265 1643 481 1745 horribilisque
513 1657 710 1742 interpolatio
738 1675 808 1723 oum
837 1657 966 1724 infinitis
994 1658 1064 1724 aliis
1092 1657 1168 1724 loeis
1201 1657 1333 1742 perspici

267 1766 374 1850 potest
395 1766 495 1843 (velut
523 1765 630 1830 statim
652 1765 690 1829 de
712 1761 812 1830 benei.
834 1762 887 1828 lib.
911 1763 940 1840 1,
965 1764 997 1841 1,
1020 1763 1040 1828 3
1063 1783 1100 1830 ex
1120 1763 1158 1830 iis
1180 1764 1333 1838 monstris,

269 1889 336 1956 quae
347 1871 484 1956 plerique
496 1889 531 1936 11
547 1870 759 1953 decoquere
775 1888 866 1935 vero
883 1867 1075 1948 effecerunt),
1097 1870 1163 1934 tum
1175 1869 1332 1935 luculento

269 1976 408 2058 exemplo
433 1975 464 2040 in
488 1976 542 2054 VI,
564 1975 615 2054 42,
640 1975 667 2051 1,
689 1976 743 2042 nbi
763 1977 795 2040 in
817 1975 989 2041 Nazariano
1011 1977 1134 2041 tantum
1156 1975 1258 2059 quod
1279 1993 1331 2058 pro

269 2099 380 2164 quam
410 2075 564 2164 'seriptum
597 2083 645 2146 est
675 2081 1027 2160 (Tamleonvioium
1062 2081 1123 2146 est
1156 2079 1333 2145 Rlllell

269 2185 633 2272 quodDEBliSproz
671 2205 779 2271 quam
812 2185 1031 2270 DllssllS)²);
1069 2187 1121 2270 qui
1148 2187 1177 2251 ei
1203 2185 1332 2270 proximi

268 2293 342 2356 snut
380 2277 513 2359 tumen
544 2311 599 2376 pro
643 2294 721 2358 tam
763 2294 965 2374 seripserunt3
1006 2287 1121 2358 'deinde
1155 2291 1333 2376 resipere

270 2396 387 2462 fantum
410 2401 474 2475 est;
506 2400 574 2465 tum
596 2401 769 2464 monstrum
790 2400 914 2464 natum:
937 2399 1012 2464 tem
1038 2397 1252 2463 eonvicinm
1276 2397 1333 2462 est
1465 2473 1466 2476 Ἴ

270 2505 446 2588 resipere
479 2503 575 2591 quod
607 2522 679 2569 non
707 2503 844 2580 debes,
877 2523 985 2589 quam
1013 2522 1086 2570 non
1115 2503 1202 2568 dare
1232 2501 1333 2586 quod

268 2609 381 2674 debes
403 2611 480 2688 (Pal.
515 2609 665 2694 dmarg„
687 2609 730 2685 V,
753 2609 803 2688 Τ).
851 2608 996 2675 inlibris
1026 2608 1064 2674 de
1093 2609 1250 2675 benefieiis
1283 2608 1334 2700 ubi

269 2711 432 2781 Numeriani
463 2715 641 2781 testimonio
672 2716 796 2798 propter
824 2715 949 2782 Gruteri
977 2715 1134 2780 silentium
1165 2715 1333 2790 deficimur,

268 2821 403 2889 vicarius
452 2822 485 2886 in
534 2821 598 2886 eius
645 2822 748 2885 locum
796 2821 932 2886 suodedit
978 2821 1250 2887 Rottendorfianus
1294 2819 1333 2896 (R

268 2927 350 3010 apud
372 2927 578 3005 uiolentam„
615 2945 707 3010 quam
729 2927 833 2990 tomen
865 2926 986 3001 infidus,
1018 2926 1068 2991 vel
1097 2945 1133 2991 es
1163 2926 1269 2992 addito
1293 2925 1332 3003 ΙΙ,
1467 2907 1468 2932 ³

267 3033 319 3111 27,
354 3034 370 3095 l
401 3034 440 3098 nd
474 3032 621 3097 mendum
644 3031 875 3098 occultandum
908 3030 1055 3097 vocabulo
1093 3033 1170 3098 oris
1201 3030 1334 3115 intelligi
1467 3113 1468 3120 ἵ

269 3139 380 3222 potest.
424 3137 505 3203 Nam
528 3137 675 3203 Gronovii
706 3137 825 3203 oodioes
847 3155 955 3220 parum
978 3138 1134 3212 novimus3
1178 3138 1332 3203 Parisien·

206 3241 212 3250 '
268 3243 360 3316 sium,
383 3262 458 3326 quos
480 3242 639 3308 liiolrertus
669 3261 702 3310 se
727 3243 878 3326 „purtim“
903 3243 1069 3309 contulisse
1091 3242 1182 3321 dicit,
1216 3242 1333 3326 pereri-

267 3363 363 3429 guum
388 3346 475 3412 dedit
495 3347 657 3431 specimen.
690 3348 797 3414 Libros
820 3347 858 3412 de
882 3348 1047 3414 elementia
1063 3346 1333 3415 Rottendorfianus

267 3567 468 3588 ...u-..hm

294 3725 317 3794 Ι)
336 3724 376 3780 Ex
394 3725 499 3782 Hermu
525 3727 577 3783 vol.
596 3727 639 3782 111
658 3743 686 3796 p.
704 3729 755 3784 151
784 3724 862 3781 video
882 3724 1031 3796 Hanptium
1053 3726 1111 3780 eius
1135 3724 1234 3782 eodiois
1254 3725 1336 3782 eolla·

337 3819 439 3873 tionem
468 3819 575 3875 habere.
617 3819 685 3872 Eam
715 3818 820 3873 utinam
851 3818 913 3873 edat
943 3819 999 3873 suis
1025 3817 1137 3874 adiectis
1166 3818 1332 3874 emendatio·

338 3929 356 3966 n
406 3929 428 3966 s

255 4061 257 4067 ,
293 4001 318 4071 ²)
335 3912 521 4060 Eloblllib’eutius
534 4003 584 4058 hoo
597 4000 717 4072 exemplo
730 4004 798 4066 utor,
818 4000 889 4072 quod
906 4001 993 4074 ipsam
1011 4001 1232 4068 emendationem,
1253 4019 1336 4072 quarn

340 4095 406 4150 olim
423 4097 621 4161 adnotaveram,
639 4095 779 4165 occupavit
798 4094 934 4165 Hauptius
953 4095 977 4162 (I
996 4111 1021 4164 p.
1041 4097 1077 4162 9).
