2956 4648
308 251 369 316 mn
666 251 944 321 mmmm

368 450 432 518 lbd
476 449 516 512 64
563 447 616 526 (de
663 449 842 534 prodigiis):
904 449 1089 534 lastigio
1138 449 1332 534 Capitolii

267 575 427 624 examen
478 555 608 638 apium
658 555 819 621 insedit.
893 555 1089 622 Biformes
1140 558 1329 622 hominnm

267 665 417 748 portus,
458 665 495 727 et
536 662 618 726 suis
658 661 780 725 letum
814 660 1006 728 ediditnm
1040 664 1118 740 (edd.
1151 662 1330 738 editum),

267 769 328 834 oui
351 767 582 852 accipitrum
604 785 755 850 ungnes
777 766 965 832 inessent.
1003 767 1118 852 'Neque
1139 767 1332 833 aecusativus

266 893 335 940 cnm
358 873 508 940 infinitivo
542 872 616 936 terri
639 875 740 955 potest
762 873 794 936 et
814 871 964 964 violenter
985 875 1022 938 dt
1052 874 1158 938 fetus
1188 871 1330 936 editus.

267 978 468 1046 Scribonium
502 978 692 1042 monstrante
720 977 832 1043 iudioio
854 978 986 1044 eodieis:
1023 980 1062 1043 et
1093 979 1180 1044 suis
1208 977 1331 1041 fetum

267 1086 409 1152 editum
432 1104 509 1148 esse
531 1083 723 1146 creditum
744 1085 828 1160 (est),
851 1085 930 1158 eui,
952 1086 1009 1154 oet.
1054 1083 1114 1150 crs.
1138 1085 1163 1158 I,
1199 1081 1259 1144 28:
1294 1084 1334 1146 et

267 1195 469 1276 postquem
492 1193 584 1256 ortae
606 1190 722 1255 nubes
745 1189 1330 1270 otfeoerenisuicreditnmque

267 1295 461 1364 eonditum
491 1295 624 1376 (lunam)
653 1296 846 1371 tenebris3
880 1295 934 1376 IV,
969 1297 1025 1360 55:
1070 1297 1332 1378 Pergamenos

393 1401 491 1468 sotis
533 1400 695 1484 adeptos
739 1401 948 1466 eruditum.
1014 1403 1063 1466 Ab
1107 1400 1250 1466 editum
1292 1400 1331 1462 ad

267 1507 461 1573 creditum
499 1505 604 1572 ooulus
639 1507 795 1572 aberravit
833 1511 865 1572 et
899 1527 935 1572 er
972 1507 1088 1572 dnobus
1124 1525 1220 1570 unum
1256 1523 1332 1570 eon·

267 1613 372 1680 datum
397 1615 453 1678 est.
929 1629 931 1636 ¹

368 1717 432 1784 lbd.
466 1717 506 1780 65
538 1717 676 1797 recepto,
709 1717 789 1798 qnod
812 1716 969 1782 Ferrarius
1003 1720 1035 1782 ot
1066 1717 1120 1782 alii
1140 1717 1334 1794 invenerunt,

267 1823 406 1888 motum
438 1842 493 1906 pro
536 1821 738 1895 moritum,
773 1822 857 1888 loeus
892 1824 936 1888 sip
971 1822 1234 1906 interpungendus
1269 1825 1333 1886 est:

267 1928 492 1994 Conviotam
515 1927 769 1993 Messalinam
802 1931 838 1994 et
861 1928 1018 2004 Silium;
1052 1947 1164 2010 pares
1185 1928 1334 1992 iterum
1448 2003 1449 2016 χ

267 2033 479 2099 accusandi
500 2051 638 2100 causas
670 2051 774 2112 osse,
802 2031 837 2097 si
857 2032 962 2098 Nero
984 2033 1245 2115 imperitaret
1267 2034 1337 2110 (hoo
1448 2023 1449 2046 ³

268 2141 324 2214 est,
348 2139 375 2204 si
398 2137 598 2206 eistedensis
621 2138 746 2206 daretur
778 2157 848 2204 oum
871 2157 991 2205 summo
1012 2138 1159 2223 periculo,
1183 2157 1220 2202 ne
1243 2137 1335 2202 Olan-
1448 2123 1449 2130 ἶ

270 2243 319 2310 dio
342 2261 423 2310 mors
456 2243 675 2326 lestInareturt3
708 2244 937 2310 Britannico
973 2263 1203 2311 suooessore
1244 2244 1336 2307 uul-

270 2349 346 2416 lum
381 2350 549 2434 priuoipi
586 2351 743 2426 metum;
788 2351 826 2414 at
864 2369 1036 2415 noveroae
1069 2351 1231 2415 insidiis
1267 2333 1336 2414 do*-

270 2473 367 2522 mum
422 2474 569 2522 omnum
616 2455 804 2522 convelli.
872 2455 921 2522 Sio
965 2455 1042 2520 nihil
1094 2457 1176 2530 „fere
1226 2456 1336 2539 despe-

270 2559 347 2628 reti“
374 2563 429 2628 est.

370 2667 438 2734 Lib.
461 2665 555 2745 XIII,
587 2666 627 2730 26
661 2667 725 2747 (ubi
747 2669 907 2750 exponitur
929 2667 1109 2734 deliberatio
1132 2668 1169 2732 de
1191 2685 1281 2749 poena
1301 2665 1335 2728 in

269 2773 395 2839 libertos
417 2773 499 2840 mola
518 2773 643 2838 meritos
666 2774 856 2846 statuendut:
888 2774 1122 2857 quibusdam
1152 2774 1337 2839 coalitam
1446 2793 1447 2806 ¹

269 2879 466 2946 libertato
497 2879 810 2944 inreverentiam
843 2897 882 2944 eo
904 2879 1144 2963 prorupisse
1164 2881 1338 2944 freman-

270 2984 390 3064 tibus,
412 2987 462 3060 ut,
483 2985 811 3062 vinosum-nostrus
823 2985 933 3058 atalii;
949 2984 1014 3049 eod.
1030 2988 1212 3061 om.nt)sn
1228 3003 1338 3069 aeqno

271 3109 350 3156 oum
383 3089 558 3172 patronis
589 3090 674 3155 inre
705 3093 902 3183 agerent,
924 3090 1171 3157 senteutiam
1206 3108 1337 3154 eorum

270 3195 550 3262 consultarent
591 3194 659 3272 (hoo
705 3200 770 3272 est,
824 3197 953 3280 superba
1000 3195 1137 3280 patronis
1180 3195 1339 3276 optionem
1445 3211 1446 3224 ¹

270 3301 425 3380 lacerent,
458 3301 562 3366 utrum
594 3301 625 3366 vi
656 3319 760 3368 seeum
792 3301 920 3368 libertos
952 3320 1043 3385 agere
1071 3320 1111 3366 an
1148 3319 1235 3384 aequo
1270 3302 1339 3366 inre

271 3405 413 3486 mallent)
449 3407 741 3472 desertoribus
769 3425 900 3472 manns
924 3407 1030 3472 ultro
1051 3407 1340 3486 intenderent,
1444 3425 1445 3438 ¹

270 3509 426 3596 impune
444 3511 503 3590 (sio
528 3529 635 3596 margo
657 3510 773 3597 (tryph.
795 3532 849 3595 pro
870 3513 1078 3596 impulere)
1103 3514 1165 3578 val
1185 3533 1339 3596 poenum

257 3633 379 3706 'suam
429 3616 721 3683 dissuadentes.
790 3616 893 3698 Quid
942 3619 1045 3682 enim
1088 3619 1195 3683 aliud
1236 3621 1337 3685 laeso

271 3725 437 3806 patrono
466 3739 698 3787 eoncessum
730 3726 787 3788 oet.
834 3723 893 3787 Pro
919 3724 1219 3800 dissuadentes,
1255 3725 1340 3808 qnod

272 3845 370 3912 nsque
387 3826 425 3891 ad
447 3831 581 3892 ceteram
602 3826 780 3893 libertorum
801 3833 974 3912 protervam
996 3830 1215 3894 contumeliam
1228 3835 1338 3914 aptum

271 3935 320 3999 est
340 3949 437 4017 neque
459 3931 497 3998 ad
519 3931 567 4012 id,
600 3931 681 4016 quod
712 3933 891 4012 subiicitur,
923 3936 1031 4017 opinor
1050 3935 1201 4018 scripturn
1222 3937 1337 4000 fuisso:

271 4053 420 4120 ponam
451 4055 557 4102 suam
594 4038 678 4122 ipsi
714 4038 933 4104 enodantes.
996 4041 1124 4106 Ponam
1167 4042 1268 4107 lovem
1302 4047 1340 4106 et
