<?xml version="1.0" encoding="UTF-8"?>
<!DOCTYPE html PUBLIC "-//W3C//DTD XHTML 1.0 Transitional//EN"
    "http://www.w3.org/TR/xhtml1/DTD/xhtml1-transitional.dtd">
<html xmlns="http://www.w3.org/1999/xhtml" xml:lang="en" lang="en">
 <head>
  <title>
</title>
<meta http-equiv="Content-Type" content="text/html;charset=utf-8" />
  <meta name='ocr-system' content='tesseract 3.04.00' />
  <meta name='ocr-capabilities' content='ocr_page ocr_carea ocr_par ocr_line ocrx_word'/>
</head>
<body>
  <div class='ocr_page' id='page_1' title='image "./adversariacriti03madvgoog/adversariacriti03madvgoog_0071.png"; bbox 0 0 2938 4630; ppageno 0'>
   <div class='ocr_carea' id='block_1_1' title="bbox 303 289 926 361">
    <p class='ocr_par' dir='ltr' id='par_1_1' title="bbox 303 289 926 361">
     <span class='ocr_line' id='line_1_1' title="bbox 303 289 926 361; baseline 0 -15"><span class='ocrx_word' id='word_1_1' title='bbox 303 291 345 356; x_wconf 59' lang='lat' dir='ltr'><em>w</em></span> <span class='ocrx_word' id='word_1_2' title='bbox 662 289 926 361; x_wconf 57' lang='lat' dir='ltr'><strong>mmmm</strong></span> 
     </span>
    </p>
   </div>
   <div class='ocr_carea' id='block_1_2' title="bbox 254 485 1392 3316">
    <p class='ocr_par' dir='ltr' id='par_1_2' title="bbox 260 485 1325 1082">
     <span class='ocr_line' id='line_1_2' title="bbox 260 485 1325 572; baseline -0.001 -18"><span class='ocrx_word' id='word_1_3' title='bbox 260 489 339 555; x_wconf 83' lang='lat' dir='ltr'><strong>iacto</strong></span> <span class='ocrx_word' id='word_1_4' title='bbox 362 489 423 554; x_wconf 89' lang='lat' dir='ltr'><strong>alio</strong></span> <span class='ocrx_word' id='word_1_5' title='bbox 443 489 545 564; x_wconf 84' lang='lat' dir='ltr'><strong>verbo,</strong></span> <span class='ocrx_word' id='word_1_6' title='bbox 576 489 654 572; x_wconf 93' lang='lat' dir='ltr'><strong>qnod</strong></span> <span class='ocrx_word' id='word_1_7' title='bbox 676 489 760 555; x_wconf 92' lang='lat' dir='ltr'><strong>nullo</strong></span> <span class='ocrx_word' id='word_1_8' title='bbox 782 490 873 554; x_wconf 89' lang='lat' dir='ltr'><strong>modo</strong></span> <span class='ocrx_word' id='word_1_9' title='bbox 895 487 962 553; x_wconf 86' lang='lat' dir='ltr'><strong>lieri</strong></span> <span class='ocrx_word' id='word_1_10' title='bbox 982 490 1093 570; x_wconf 71' lang='lat' dir='ltr'><strong>polest·</strong></span> <span class='ocrx_word' id='word_1_11' title='bbox 1152 485 1259 552; x_wconf 75' lang='lat' dir='ltr'><strong>ontio</strong></span> <span class='ocrx_word' id='word_1_12' title='bbox 1281 487 1325 554; x_wconf 85' lang='lat' dir='ltr'><strong>sio</strong></span> 
     </span>
     <span class='ocr_line' id='line_1_3' title="bbox 261 594 590 678; baseline 0.003 -19"><span class='ocrx_word' id='word_1_13' title='bbox 261 594 505 678; x_wconf 81' lang='lat' dir='ltr'><strong>interpungenda</strong></span> <span class='ocrx_word' id='word_1_14' title='bbox 528 598 590 660; x_wconf 88' lang='lat' dir='ltr'><strong>est:</strong></span> 
     </span>
     <span class='ocr_line' id='line_1_4' title="bbox 411 700 1176 784; baseline 0 -20"><span class='ocrx_word' id='word_1_15' title='bbox 411 700 484 765; x_wconf 89' lang='lat' dir='ltr'><strong>dnm</strong></span> <span class='ocrx_word' id='word_1_16' title='bbox 507 701 612 783; x_wconf 84' lang='lat' dir='ltr'><strong>pecori</strong></span> <span class='ocrx_word' id='word_1_17' title='bbox 632 701 722 784; x_wconf 86' lang='lat' dir='ltr'><strong>lupus</strong></span> <span class='ocrx_word' id='word_1_18' title='bbox 745 700 900 767; x_wconf 81' lang='lat' dir='ltr'><strong>abnuatis</strong></span> <span class='ocrx_word' id='word_1_19' title='bbox 921 701 1050 766; x_wconf 81' lang='lat' dir='ltr'><strong>infestus</strong></span> <span class='ocrx_word' id='word_1_20' title='bbox 1073 700 1176 777; x_wconf 82' lang='lat' dir='ltr'><strong>Orion,</strong></span> 
     </span>
     <span class='ocr_line' id='line_1_5' title="bbox 495 807 920 872; baseline 0 -2"><span class='ocrx_word' id='word_1_21' title='bbox 495 807 633 872; x_wconf 75' lang='lat' dir='ltr'><strong>turbaret</strong></span> <span class='ocrx_word' id='word_1_22' title='bbox 654 807 814 872; x_wconf 89' lang='lat' dir='ltr'><strong>hibernum</strong></span> <span class='ocrx_word' id='word_1_23' title='bbox 836 825 920 872; x_wconf 87' lang='lat' dir='ltr'><strong>mare</strong></span> 
     </span>
     <span class='ocr_line' id='line_1_6' title="bbox 410 911 1189 997; baseline -0.003 -20"><span class='ocrx_word' id='word_1_24' title='bbox 410 911 605 994; x_wconf 88' lang='lat' dir='ltr'><strong>intonsosque</strong></span> <span class='ocrx_word' id='word_1_25' title='bbox 627 912 760 997; x_wconf 84' lang='lat' dir='ltr'><strong>agitaret</strong></span> <span class='ocrx_word' id='word_1_26' title='bbox 779 911 932 994; x_wconf 82' lang='lat' dir='ltr'>Apollinis</span> <span class='ocrx_word' id='word_1_27' title='bbox 956 929 1029 976; x_wconf 89' lang='lat' dir='ltr'><strong>aura</strong></span> <span class='ocrx_word' id='word_1_28' title='bbox 1054 911 1189 992; x_wconf 78' lang='lat' dir='ltr'>capillos,</span> 
     </span>
     <span class='ocr_line' id='line_1_7' title="bbox 492 1017 990 1082; baseline 0 -2"><span class='ocrx_word' id='word_1_29' title='bbox 492 1017 557 1082; x_wconf 81' lang='lat' dir='ltr'><strong>fore</strong></span> <span class='ocrx_word' id='word_1_30' title='bbox 578 1018 660 1082; x_wconf 86' lang='lat' dir='ltr'><strong>hunc</strong></span> <span class='ocrx_word' id='word_1_31' title='bbox 681 1035 816 1082; x_wconf 84' lang='lat' dir='ltr'><strong>amorem</strong></span> <span class='ocrx_word' id='word_1_32' title='bbox 839 1019 990 1082; x_wconf 87' lang='lat' dir='ltr'><strong>mutuum.</strong></span> 
     </span>
    </p>

    <p class='ocr_par' dir='ltr' id='par_1_3' title="bbox 261 1120 1325 1417">
     <span class='ocr_line' id='line_1_8' title="bbox 360 1120 1325 1207; baseline 0 -21"><span class='ocrx_word' id='word_1_33' title='bbox 360 1124 427 1188; x_wconf 87' lang='lat' dir='ltr'><strong>Iam</strong></span> <span class='ocrx_word' id='word_1_34' title='bbox 463 1125 545 1188; x_wconf 88' lang='lat' dir='ltr'><strong>recte</strong></span> <span class='ocrx_word' id='word_1_35' title='bbox 577 1123 617 1187; x_wconf 91' lang='lat' dir='ltr'><strong>ad</strong></span> <span class='ocrx_word' id='word_1_36' title='bbox 646 1123 772 1207; x_wconf 74' lang='lat' dir='ltr'><strong>infestus</strong></span> <span class='ocrx_word' id='word_1_37' title='bbox 809 1124 841 1188; x_wconf 93' lang='lat' dir='ltr'><strong>in</strong></span> <span class='ocrx_word' id='word_1_38' title='bbox 868 1123 998 1204; x_wconf 86' lang='lat' dir='ltr'><strong>utroque</strong></span> <span class='ocrx_word' id='word_1_39' title='bbox 1027 1120 1164 1187; x_wconf 87' lang='lat' dir='ltr'><strong>subiecto</strong></span> <span class='ocrx_word' id='word_1_40' title='bbox 1202 1120 1325 1186; x_wconf 88' lang='lat' dir='ltr'><strong>auditur</strong></span> 
     </span>
     <span class='ocr_line' id='line_1_9' title="bbox 261 1225 1323 1312; baseline 0.002 -22"><span class='ocrx_word' id='word_1_41' title='bbox 261 1237 332 1290; x_wconf 79' lang='lat' dir='ltr'><strong>eeeet</strong></span> <span class='ocrx_word' id='word_1_42' title='bbox 365 1228 474 1306; x_wconf 87' lang='lat' dir='ltr'><strong>(multo</strong></span> <span class='ocrx_word' id='word_1_43' title='bbox 492 1227 615 1294; x_wconf 83' lang='lat' dir='ltr'><strong>facilins</strong></span> <span class='ocrx_word' id='word_1_44' title='bbox 637 1247 729 1312; x_wconf 87' lang='lat' dir='ltr'><strong>qnam</strong></span> <span class='ocrx_word' id='word_1_45' title='bbox 751 1247 797 1311; x_wconf 89' lang='lat' dir='ltr'><strong>ep.</strong></span> <span class='ocrx_word' id='word_1_46' title='bbox 822 1229 849 1302; x_wconf 91' lang='grc'><strong>1,</strong></span> <span class='ocrx_word' id='word_1_47' title='bbox 872 1227 892 1289; x_wconf 89' lang='grc'>9</span> <span class='ocrx_word' id='word_1_48' title='bbox 913 1225 1041 1306; x_wconf 82' lang='lat' dir='ltr'><strong>eumue),</strong></span> <span class='ocrx_word' id='word_1_49' title='bbox 1062 1227 1196 1289; x_wconf 69' lang='lat' dir='ltr'><strong>creberet</strong></span> <span class='ocrx_word' id='word_1_50' title='bbox 1220 1227 1323 1292; x_wconf 84' lang='lat' dir='ltr'><strong>autem</strong></span> 
     </span>
     <span class='ocr_line' id='line_1_10' title="bbox 264 1332 1072 1417; baseline -0.004 -19"><span class='ocrx_word' id='word_1_51' title='bbox 264 1337 296 1398; x_wconf 88' lang='lat' dir='ltr'><strong>et</strong></span> <span class='ocrx_word' id='word_1_52' title='bbox 317 1334 448 1417; x_wconf 75' lang='lat' dir='ltr'><strong>epicureo</strong></span> <span class='ocrx_word' id='word_1_53' title='bbox 473 1335 644 1400; x_wconf 90' lang='lat' dir='ltr'><strong>subiectum</strong></span> <span class='ocrx_word' id='word_1_54' title='bbox 667 1335 758 1399; x_wconf 87' lang='lat' dir='ltr'><strong>ambo</strong></span> <span class='ocrx_word' id='word_1_55' title='bbox 781 1334 895 1398; x_wconf 83' lang='lat' dir='ltr'><strong>habent</strong></span> <span class='ocrx_word' id='word_1_56' title='bbox 916 1332 1072 1408; x_wconf 85' lang='lat' dir='ltr'><strong>auram.¹)</strong></span> 
     </span>
    </p>

    <p class='ocr_par' dir='ltr' id='par_1_4' title="bbox 363 1439 577 1522">
     <span class='ocr_line' id='line_1_11' title="bbox 363 1439 577 1522; baseline 0.019 -20"><span class='ocrx_word' id='word_1_57' title='bbox 363 1440 419 1522; x_wconf 76' lang='lat' dir='ltr'><strong>Ep.</strong></span> <span class='ocrx_word' id='word_1_58' title='bbox 445 1439 493 1516; x_wconf 83' lang='lat'><strong>16,</strong></span> <span class='ocrx_word' id='word_1_59' title='bbox 519 1439 577 1506; x_wconf 85' lang='lat'><strong>15:</strong></span> 
     </span>
    </p>

    <p class='ocr_par' dir='ltr' id='par_1_5' title="bbox 345 1543 1233 1628">
     <span class='ocr_line' id='line_1_12' title="bbox 345 1543 1233 1628; baseline -0.005 -19"><span class='ocrx_word' id='word_1_60' title='bbox 345 1545 435 1610; x_wconf 79' lang='lat' dir='ltr'><strong>Forte</strong></span> <span class='ocrx_word' id='word_1_61' title='bbox 462 1544 534 1628; x_wconf 91' lang='lat' dir='ltr'><strong>qnid</strong></span> <span class='ocrx_word' id='word_1_62' title='bbox 558 1545 708 1626; x_wconf 83' lang='lat' dir='ltr'><strong>expediat,</strong></span> <span class='ocrx_word' id='word_1_63' title='bbox 732 1544 937 1610; x_wconf 86' lang='lat' dir='ltr'><strong>communitor</strong></span> <span class='ocrx_word' id='word_1_64' title='bbox 958 1545 1012 1608; x_wconf 88' lang='lat' dir='ltr'><strong>aut</strong></span> <span class='ocrx_word' id='word_1_65' title='bbox 1033 1543 1141 1608; x_wconf 89' lang='lat' dir='ltr'><strong>melior</strong></span> <span class='ocrx_word' id='word_1_66' title='bbox 1162 1559 1233 1624; x_wconf 88' lang='lat' dir='ltr'><strong>pars</strong></span> 
     </span>
    </p>

    <p class='ocr_par' dir='ltr' id='par_1_6' title="bbox 343 1649 1104 1943">
     <span class='ocr_line' id='line_1_13' title="bbox 462 1649 1026 1733; baseline 0.002 -20"><span class='ocrx_word' id='word_1_67' title='bbox 462 1649 553 1714; x_wconf 86' lang='lat' dir='ltr'><strong>malis</strong></span> <span class='ocrx_word' id='word_1_68' title='bbox 575 1667 679 1714; x_wconf 88' lang='lat' dir='ltr'><strong>carere</strong></span> <span class='ocrx_word' id='word_1_69' title='bbox 701 1650 836 1733; x_wconf 77' lang='lat' dir='ltr'><strong>quaeritis</strong></span> <span class='ocrx_word' id='word_1_70' title='bbox 851 1649 1026 1724; x_wconf 80' lang='lat' dir='ltr'><strong>laboribus3</strong></span> 
     </span>
     <span class='ocr_line' id='line_1_14' title="bbox 343 1753 1104 1836; baseline 0.003 -18"><span class='ocrx_word' id='word_1_71' title='bbox 343 1754 428 1819; x_wconf 90' lang='lat' dir='ltr'><strong>nulla</strong></span> <span class='ocrx_word' id='word_1_72' title='bbox 449 1754 569 1819; x_wconf 84' lang='lat' dir='ltr'><strong>silbae</strong></span> <span class='ocrx_word' id='word_1_73' title='bbox 590 1756 691 1836; x_wconf 89' lang='lat' dir='ltr'><strong>potior</strong></span> <span class='ocrx_word' id='word_1_74' title='bbox 709 1756 879 1820; x_wconf 85' lang='lat' dir='ltr'><strong>sententia:</strong></span> <span class='ocrx_word' id='word_1_75' title='bbox 902 1753 1104 1820; x_wconf 81' lang='lat' dir='ltr'><strong>Phocaeorum</strong></span> 
     </span>
     <span class='ocr_line' id='line_1_15' title="bbox 459 1859 1012 1943; baseline 0 -19"><span class='ocrx_word' id='word_1_76' title='bbox 459 1860 546 1925; x_wconf 82' lang='lat' dir='ltr'><strong>velut</strong></span> <span class='ocrx_word' id='word_1_77' title='bbox 569 1859 704 1943; x_wconf 83' lang='lat' dir='ltr'><strong>profugit</strong></span> <span class='ocrx_word' id='word_1_78' title='bbox 724 1861 881 1924; x_wconf 72' lang='lat' dir='ltr'><strong>exsecrata</strong></span> <span class='ocrx_word' id='word_1_79' title='bbox 904 1861 1012 1924; x_wconf 79' lang='lat' dir='ltr'><strong>civitas</strong></span> 
     </span>
    </p>

    <p class='ocr_par' dir='ltr' id='par_1_7' title="bbox 344 1966 1130 2154">
     <span class='ocr_line' id='line_1_16' title="bbox 344 1966 1122 2049; baseline 0.001 -20"><span class='ocrx_word' id='word_1_80' title='bbox 344 1983 432 2049; x_wconf 85' lang='lat' dir='ltr'><strong>agros</strong></span> <span class='ocrx_word' id='word_1_81' title='bbox 454 1967 545 2047; x_wconf 83' lang='lat' dir='ltr'><strong>atque</strong></span> <span class='ocrx_word' id='word_1_82' title='bbox 567 1966 646 2030; x_wconf 88' lang='lat' dir='ltr'><strong>lares</strong></span> <span class='ocrx_word' id='word_1_83' title='bbox 668 1967 781 2049; x_wconf 85' lang='lat' dir='ltr'><strong>patrios</strong></span> <span class='ocrx_word' id='word_1_84' title='bbox 803 1966 1029 2048; x_wconf 72' lang='lat' dir='ltr'><strong>habitandaque</strong></span> <span class='ocrx_word' id='word_1_85' title='bbox 1049 1966 1122 2030; x_wconf 85' lang='lat' dir='ltr'><strong>fana</strong></span> 
     </span>
     <span class='ocr_line' id='line_1_17' title="bbox 460 2071 1130 2154; baseline -0.003 -18"><span class='ocrx_word' id='word_1_86' title='bbox 460 2071 543 2154; x_wconf 87' lang='lat' dir='ltr'><strong>apris</strong></span> <span class='ocrx_word' id='word_1_87' title='bbox 565 2072 689 2154; x_wconf 84' lang='lat' dir='ltr'><strong>reliquit</strong></span> <span class='ocrx_word' id='word_1_88' title='bbox 711 2073 744 2135; x_wconf 85' lang='lat' dir='ltr'><strong>el</strong></span> <span class='ocrx_word' id='word_1_89' title='bbox 763 2071 926 2153; x_wconf 78' lang='lat' dir='ltr'><strong>rapacibus</strong></span> <span class='ocrx_word' id='word_1_90' title='bbox 946 2071 1039 2152; x_wconf 81' lang='lat' dir='ltr'><strong>lupis,</strong></span> <span class='ocrx_word' id='word_1_91' title='bbox 1125 2093 1130 2100; x_wconf 91' lang='lat'>·</span> 
     </span>
    </p>

    <p class='ocr_par' dir='ltr' id='par_1_8' title="bbox 345 2175 1248 2366">
     <span class='ocr_line' id='line_1_18' title="bbox 345 2175 1248 2260; baseline 0 -20"><span class='ocrx_word' id='word_1_92' title='bbox 345 2175 399 2256; x_wconf 90' lang='lat' dir='ltr'><strong>ire,</strong></span> <span class='ocrx_word' id='word_1_93' title='bbox 422 2175 517 2259; x_wconf 84' lang='lat' dir='ltr'><strong>pedes</strong></span> <span class='ocrx_word' id='word_1_94' title='bbox 539 2193 718 2259; x_wconf 87' lang='lat' dir='ltr'><strong>quocunque</strong></span> <span class='ocrx_word' id='word_1_95' title='bbox 741 2177 850 2251; x_wconf 89' lang='lat' dir='ltr'><strong>ferent,</strong></span> <span class='ocrx_word' id='word_1_96' title='bbox 872 2195 1050 2260; x_wconf 89' lang='lat' dir='ltr'><strong>quocunque</strong></span> <span class='ocrx_word' id='word_1_97' title='bbox 1071 2195 1126 2259; x_wconf 89' lang='lat' dir='ltr'><strong>per</strong></span> <span class='ocrx_word' id='word_1_98' title='bbox 1148 2175 1248 2240; x_wconf 89' lang='lat' dir='ltr'><strong>undas</strong></span> 
     </span>
     <span class='ocr_line' id='line_1_19' title="bbox 464 2282 1119 2366; baseline 0.003 -20"><span class='ocrx_word' id='word_1_99' title='bbox 464 2282 565 2348; x_wconf 86' lang='lat' dir='ltr'><strong>Notus</strong></span> <span class='ocrx_word' id='word_1_100' title='bbox 587 2283 709 2349; x_wconf 80' lang='lat' dir='ltr'><strong>vorabit</strong></span> <span class='ocrx_word' id='word_1_101' title='bbox 731 2283 785 2347; x_wconf 88' lang='lat' dir='ltr'><strong>aut</strong></span> <span class='ocrx_word' id='word_1_102' title='bbox 805 2283 963 2366; x_wconf 79' lang='lat' dir='ltr'><strong>protervus</strong></span> <span class='ocrx_word' id='word_1_103' title='bbox 985 2282 1119 2348; x_wconf 81' lang='lat' dir='ltr'><strong>Africus.</strong></span> 
     </span>
    </p>

    <p class='ocr_par' dir='ltr' id='par_1_9' title="bbox 254 2384 1392 3316">
     <span class='ocr_line' id='line_1_20' title="bbox 360 2384 1327 2472; baseline 0 -22"><span class='ocrx_word' id='word_1_104' title='bbox 360 2388 397 2450; x_wconf 92' lang='lat' dir='ltr'><strong>In</strong></span> <span class='ocrx_word' id='word_1_105' title='bbox 436 2388 494 2452; x_wconf 89' lang='lat' dir='ltr'><strong>hoo</strong></span> <span class='ocrx_word' id='word_1_106' title='bbox 534 2388 600 2454; x_wconf 92' lang='lat' dir='ltr'><strong>loco</strong></span> <span class='ocrx_word' id='word_1_107' title='bbox 637 2389 838 2472; x_wconf 82' lang='lat' dir='ltr'><strong>perpusillum</strong></span> <span class='ocrx_word' id='word_1_108' title='bbox 873 2389 1020 2454; x_wconf 88' lang='lat' dir='ltr'><strong>mendum</strong></span> <span class='ocrx_word' id='word_1_109' title='bbox 1056 2387 1187 2471; x_wconf 86' lang='lat' dir='ltr'><strong>quantas</strong></span> <span class='ocrx_word' id='word_1_110' title='bbox 1219 2384 1327 2451; x_wconf 87' lang='lat' dir='ltr'><strong>turbas</strong></span> 
     </span>
     <span class='ocr_line' id='line_1_21' title="bbox 261 2491 1327 2576; baseline 0.001 -20"><span class='ocrx_word' id='word_1_111' title='bbox 261 2491 388 2567; x_wconf 76' lang='lat' dir='ltr'><strong>dederit,</strong></span> <span class='ocrx_word' id='word_1_112' title='bbox 421 2511 506 2576; x_wconf 86' lang='lat' dir='ltr'><strong>paene</strong></span> <span class='ocrx_word' id='word_1_113' title='bbox 525 2493 705 2560; x_wconf 74' lang='lat' dir='ltr'><strong>incredibile</strong></span> <span class='ocrx_word' id='word_1_114' title='bbox 727 2496 783 2560; x_wconf 88' lang='lat' dir='ltr'><strong>est.</strong></span> <span class='ocrx_word' id='word_1_115' title='bbox 845 2495 892 2558; x_wconf 86' lang='lat' dir='ltr'><strong>Ao</strong></span> <span class='ocrx_word' id='word_1_116' title='bbox 913 2495 1046 2576; x_wconf 86' lang='lat' dir='ltr'><strong>primum</strong></span> <span class='ocrx_word' id='word_1_117' title='bbox 1069 2492 1157 2558; x_wconf 85' lang='lat' dir='ltr'><strong>initio</strong></span> <span class='ocrx_word' id='word_1_118' title='bbox 1186 2491 1248 2557; x_wconf 89' lang='lat' dir='ltr'><strong>looi</strong></span> <span class='ocrx_word' id='word_1_119' title='bbox 1270 2509 1327 2557; x_wconf 79' lang='lat' dir='ltr'><strong>vox</strong></span> 
     </span>
     <span class='ocr_line' id='line_1_22' title="bbox 260 2595 1327 2682; baseline 0.001 -21"><span class='ocrx_word' id='word_1_120' title='bbox 260 2595 315 2662; x_wconf 91' lang='lat' dir='ltr'><strong>illa</strong></span> <span class='ocrx_word' id='word_1_121' title='bbox 336 2597 416 2678; x_wconf 76' lang='lat' dir='ltr'><strong>forte</strong></span> <span class='ocrx_word' id='word_1_122' title='bbox 437 2600 570 2664; x_wconf 84' lang='lat' dir='ltr'><strong>excreuit</strong></span> <span class='ocrx_word' id='word_1_123' title='bbox 592 2599 730 2666; x_wconf 88' lang='lat' dir='ltr'><strong>homines</strong></span> <span class='ocrx_word' id='word_1_124' title='bbox 752 2619 806 2682; x_wconf 92' lang='lat' dir='ltr'><strong>pro</strong></span> <span class='ocrx_word' id='word_1_125' title='bbox 828 2599 972 2665; x_wconf 85' lang='lat' dir='ltr'><strong>adverbio</strong></span> <span class='ocrx_word' id='word_1_126' title='bbox 995 2598 1182 2682; x_wconf 80' lang='lat' dir='ltr'><strong>accipientes</strong></span> <span class='ocrx_word' id='word_1_127' title='bbox 1205 2598 1237 2662; x_wconf 87' lang='lat' dir='ltr'><strong>eb</strong></span> <span class='ocrx_word' id='word_1_128' title='bbox 1257 2615 1327 2662; x_wconf 90' lang='lat' dir='ltr'><strong>oum</strong></span> 
     </span>
     <span class='ocr_line' id='line_1_23' title="bbox 254 2702 1329 2789; baseline -0.001 -24"><span class='ocrx_word' id='word_1_129' title='bbox 254 2703 494 2786; x_wconf 74' lang='lat' dir='ltr'><strong>fortaeecebiam</strong></span> <span class='ocrx_word' id='word_1_130' title='bbox 506 2702 1329 2789; x_wconf 76' lang='lat' dir='ltr'><strong>contundentesneo‚quomodobaeeinterrogatioqcid</strong></span> 
     </span>
     <span class='ocr_line' id='line_1_24' title="bbox 263 2807 1392 2893; baseline 0.006 -24"><span class='ocrx_word' id='word_1_131' title='bbox 263 2809 402 2892; x_wconf 77' lang='lat' dir='ltr'><strong>eapediat</strong></span> <span class='ocrx_word' id='word_1_132' title='bbox 434 2811 638 2874; x_wconf 81' lang='lat' dir='ltr'><strong>damnatoris</strong></span> <span class='ocrx_word' id='word_1_133' title='bbox 669 2811 829 2888; x_wconf 79' lang='lat' dir='ltr'><strong>cohaereat,</strong></span> <span class='ocrx_word' id='word_1_134' title='bbox 859 2811 1064 2893; x_wconf 84' lang='lat' dir='ltr'><strong>expedientes.</strong></span> <span class='ocrx_word' id='word_1_135' title='bbox 1073 2809 1098 2887; x_wconf 83' lang='lat'><strong>²)</strong></span> <span class='ocrx_word' id='word_1_136' title='bbox 1131 2807 1250 2873; x_wconf 88' lang='lat' dir='ltr'><strong>Deinde</strong></span> <span class='ocrx_word' id='word_1_137' title='bbox 1272 2826 1327 2872; x_wconf 87' lang='lat' dir='ltr'><strong>au·</strong></span> <span class='ocrx_word' id='word_1_138' title='bbox 1387 2871 1392 2876; x_wconf 76' lang='grc'>.</span> 
     </span>
     <span class='ocr_line' id='line_1_25' title="bbox 263 2913 1329 2997; baseline 0 -19"><span class='ocrx_word' id='word_1_139' title='bbox 263 2914 425 2997; x_wconf 89' lang='lat' dir='ltr'><strong>tem‚quod</strong></span> <span class='ocrx_word' id='word_1_140' title='bbox 436 2915 534 2980; x_wconf 89' lang='lat' dir='ltr'><strong>multo</strong></span> <span class='ocrx_word' id='word_1_141' title='bbox 547 2916 595 2980; x_wconf 88' lang='lat' dir='ltr'><strong>est</strong></span> <span class='ocrx_word' id='word_1_142' title='bbox 609 2915 774 2992; x_wconf 79' lang='lat' dir='ltr'><strong>difficilius,</strong></span> <span class='ocrx_word' id='word_1_143' title='bbox 785 2917 817 2981; x_wconf 93' lang='lat' dir='ltr'><strong>in</strong></span> <span class='ocrx_word' id='word_1_144' title='bbox 833 2935 868 2982; x_wconf 92' lang='lat' dir='ltr'><strong>eo</strong></span> <span class='ocrx_word' id='word_1_145' title='bbox 882 2917 985 2982; x_wconf 89' lang='lat' dir='ltr'><strong>minus</strong></span> <span class='ocrx_word' id='word_1_146' title='bbox 996 2916 1161 2991; x_wconf 72' lang='lat' dir='ltr'><strong>naeseruna</strong></span> <span class='ocrx_word' id='word_1_147' title='bbox 1176 2913 1329 2996; x_wconf 89' lang='lat' dir='ltr'><strong>quomode</strong></span> 
     </span>
     <span class='ocr_line' id='line_1_26' title="bbox 262 3018 1327 3106; baseline -0.003 -22"><span class='ocrx_word' id='word_1_148' title='bbox 262 3021 330 3085; x_wconf 88' lang='lat' dir='ltr'><strong>haec</strong></span> <span class='ocrx_word' id='word_1_149' title='bbox 352 3019 592 3104; x_wconf 87' lang='lat' dir='ltr'><strong>coniungantur:</strong></span> <span class='ocrx_word' id='word_1_150' title='bbox 627 3021 715 3082; x_wconf 81' lang='lat' dir='ltr'><strong>nulle</strong></span> <span class='ocrx_word' id='word_1_151' title='bbox 736 3022 774 3082; x_wconf 79' lang='lat' dir='ltr'><strong>ed</strong></span> <span class='ocrx_word' id='word_1_152' title='bbox 795 3021 852 3084; x_wconf 80' lang='lat' dir='ltr'><strong>tae</strong></span> <span class='ocrx_word' id='word_1_153' title='bbox 875 3023 980 3106; x_wconf 77' lang='lat' dir='ltr'><strong>potior</strong></span> <span class='ocrx_word' id='word_1_154' title='bbox 999 3022 1144 3084; x_wconf 75' lang='lat' dir='ltr'><strong>eontentio</strong></span> <span class='ocrx_word' id='word_1_155' title='bbox 1167 3067 1174 3082; x_wconf 91' lang='lat'>.</span> <span class='ocrx_word' id='word_1_156' title='bbox 1202 3067 1208 3081; x_wconf 87' lang='lat'><strong>.</strong></span> <span class='ocrx_word' id='word_1_157' title='bbox 1238 3018 1327 3094; x_wconf 68' lang='lat' dir='ltr'><strong>,im</strong></span> 
     </span>
     <span class='ocr_line' id='line_1_27' title="bbox 263 3125 1328 3211; baseline 0 -22"><span class='ocrx_word' id='word_1_158' title='bbox 263 3125 403 3210; x_wconf 89' lang='lat' dir='ltr'><strong>equidem</strong></span> <span class='ocrx_word' id='word_1_159' title='bbox 427 3125 590 3190; x_wconf 84' lang='lat' dir='ltr'><strong>barbarum</strong></span> <span class='ocrx_word' id='word_1_160' title='bbox 613 3127 669 3192; x_wconf 90' lang='lat' dir='ltr'><strong>hoc</strong></span> <span class='ocrx_word' id='word_1_161' title='bbox 691 3127 758 3192; x_wconf 90' lang='lat' dir='ltr'><strong>tam</strong></span> <span class='ocrx_word' id='word_1_162' title='bbox 779 3145 846 3192; x_wconf 88' lang='lat' dir='ltr'><strong>esse</strong></span> <span class='ocrx_word' id='word_1_163' title='bbox 869 3127 934 3192; x_wconf 93' lang='lat' dir='ltr'><strong>dioo</strong></span> <span class='ocrx_word' id='word_1_164' title='bbox 956 3145 1049 3211; x_wconf 87' lang='lat' dir='ltr'><strong>qnam</strong></span> <span class='ocrx_word' id='word_1_165' title='bbox 1072 3126 1154 3210; x_wconf 92' lang='lat' dir='ltr'><strong>quod</strong></span> <span class='ocrx_word' id='word_1_166' title='bbox 1176 3125 1328 3190; x_wconf 71' lang='lat' dir='ltr'><strong>maximoe</strong></span> 
     </span>
     <span class='ocr_line' id='line_1_28' title="bbox 258 3229 1330 3316; baseline -0.001 -23"><span class='ocrx_word' id='word_1_167' title='bbox 258 3231 366 3314; x_wconf 77' lang='lat' dir='ltr'><strong>potior</strong></span> <span class='ocrx_word' id='word_1_168' title='bbox 400 3229 543 3292; x_wconf 68' lang='lat' dir='ltr'><strong>enuntia</strong></span> <span class='ocrx_word' id='word_1_169' title='bbox 575 3230 641 3309; x_wconf 80' lang='lat' dir='ltr'><strong>buc,</strong></span> <span class='ocrx_word' id='word_1_170' title='bbox 680 3233 733 3304; x_wconf 79' lang='lat' dir='ltr'><strong>ire,</strong></span> <span class='ocrx_word' id='word_1_171' title='bbox 775 3234 926 3299; x_wconf 80' lang='lat' dir='ltr'><strong>infinitivo</strong></span> <span class='ocrx_word' id='word_1_172' title='bbox 963 3233 1151 3316; x_wconf 88' lang='lat' dir='ltr'><strong>appositione</strong></span> <span class='ocrx_word' id='word_1_173' title='bbox 1186 3231 1231 3298; x_wconf 89' lang='lat' dir='ltr'><strong>ad</strong></span> <span class='ocrx_word' id='word_1_174' title='bbox 1272 3229 1330 3293; x_wconf 82' lang='lat' dir='ltr'><strong>boe</strong></span> 
     </span>
    </p>
   </div>
   <div class='ocr_carea' id='block_1_3' title="bbox 293 3537 1329 4157">
    <p class='ocr_par' dir='ltr' id='par_1_10' title="bbox 293 3537 1329 3977">
     <span class='ocr_line' id='line_1_29' title="bbox 293 3537 1328 3609; baseline -0.002 -17"><span class='ocrx_word' id='word_1_175' title='bbox 293 3539 314 3604; x_wconf 85' lang='lat'><strong>¹)</strong></span> <span class='ocrx_word' id='word_1_176' title='bbox 334 3537 485 3592; x_wconf 83' lang='lat' dir='ltr'><strong>Admodum</strong></span> <span class='ocrx_word' id='word_1_177' title='bbox 505 3539 593 3603; x_wconf 89' lang='lat' dir='ltr'><strong>miror,</strong></span> <span class='ocrx_word' id='word_1_178' title='bbox 611 3541 644 3594; x_wconf 91' lang='lat' dir='ltr'><strong>ab</strong></span> <span class='ocrx_word' id='word_1_179' title='bbox 663 3539 784 3608; x_wconf 88' lang='lat' dir='ltr'><strong>Hauptio</strong></span> <span class='ocrx_word' id='word_1_180' title='bbox 802 3542 864 3609; x_wconf 87' lang='lat' dir='ltr'><strong>post</strong></span> <span class='ocrx_word' id='word_1_181' title='bbox 880 3540 1034 3596; x_wconf 83' lang='lat' dir='ltr'><strong>Bentleium</strong></span> <span class='ocrx_word' id='word_1_182' title='bbox 1052 3541 1206 3594; x_wconf 85' lang='lat' dir='ltr'><strong>revocatum</strong></span> <span class='ocrx_word' id='word_1_183' title='bbox 1225 3542 1328 3592; x_wconf 75' lang='lat' dir='ltr'><strong>turbarit</strong></span> 
     </span>
     <span class='ocr_line' id='line_1_30' title="bbox 334 3631 1327 3704; baseline 0 -20"><span class='ocrx_word' id='word_1_184' title='bbox 334 3633 362 3684; x_wconf 89' lang='lat' dir='ltr'><strong>et</strong></span> <span class='ocrx_word' id='word_1_185' title='bbox 379 3634 487 3698; x_wconf 66' lang='lat' dir='ltr'><strong>epiterii,</strong></span> <span class='ocrx_word' id='word_1_186' title='bbox 513 3631 584 3701; x_wconf 89' lang='lat' dir='ltr'><strong>qnod</strong></span> <span class='ocrx_word' id='word_1_187' title='bbox 609 3647 658 3686; x_wconf 89' lang='lat' dir='ltr'><strong>nec</strong></span> <span class='ocrx_word' id='word_1_188' title='bbox 685 3635 747 3701; x_wconf 86' lang='lat' dir='ltr'><strong>post</strong></span> <span class='ocrx_word' id='word_1_189' title='bbox 775 3637 874 3686; x_wconf 78' lang='lat' dir='ltr'><strong>iurabas</strong></span> <span class='ocrx_word' id='word_1_190' title='bbox 901 3632 965 3688; x_wconf 82' lang='lat' dir='ltr'><strong>ferri</strong></span> <span class='ocrx_word' id='word_1_191' title='bbox 991 3634 1082 3704; x_wconf 85' lang='lat' dir='ltr'><strong>potest</strong></span> <span class='ocrx_word' id='word_1_192' title='bbox 1111 3647 1158 3686; x_wconf 88' lang='lat' dir='ltr'><strong>nac</strong></span> <span class='ocrx_word' id='word_1_193' title='bbox 1188 3631 1327 3686; x_wconf 79' lang='lat' dir='ltr'><strong>ferendum</strong></span> 
     </span>
     <span class='ocr_line' id='line_1_31' title="bbox 334 3722 1329 3795; baseline -0.001 -19"><span class='ocrx_word' id='word_1_194' title='bbox 334 3725 412 3787; x_wconf 85' lang='lat' dir='ltr'><strong>esset,</strong></span> <span class='ocrx_word' id='word_1_195' title='bbox 437 3723 461 3777; x_wconf 89' lang='lat' dir='ltr'><strong>si</strong></span> <span class='ocrx_word' id='word_1_196' title='bbox 489 3724 649 3778; x_wconf 76' lang='lat' dir='ltr'><strong>scriberetur</strong></span> <span class='ocrx_word' id='word_1_197' title='bbox 674 3729 741 3776; x_wconf 82' lang='lat' dir='ltr'><strong>iuras</strong></span> <span class='ocrx_word' id='word_1_198' title='bbox 766 3723 798 3778; x_wconf 90' lang='lat' dir='ltr'><strong>de</strong></span> <span class='ocrx_word' id='word_1_199' title='bbox 824 3740 853 3780; x_wconf 89' lang='lat' dir='ltr'><strong>re</strong></span> <span class='ocrx_word' id='word_1_200' title='bbox 876 3725 1016 3795; x_wconf 75' lang='lat' dir='ltr'><strong>prasentn&#39;3</strong></span> <span class='ocrx_word' id='word_1_201' title='bbox 1041 3725 1217 3794; x_wconf 85' lang='lat' dir='ltr'><strong>nequeenim</strong></span> <span class='ocrx_word' id='word_1_202' title='bbox 1236 3722 1329 3794; x_wconf 82' lang='lat' dir='ltr'><strong>puella</strong></span> 
     </span>
     <span class='ocr_line' id='line_1_32' title="bbox 334 3803 1329 3882; baseline 0 -12"><span class='ocrx_word' id='word_1_203' title='bbox 334 3816 372 3870; x_wconf 90' lang='lat' dir='ltr'><strong>sic</strong></span> <span class='ocrx_word' id='word_1_204' title='bbox 390 3815 474 3870; x_wconf 84' lang='lat' dir='ltr'><strong>iurat:</strong></span> <span class='ocrx_word' id='word_1_205' title='bbox 506 3816 570 3870; x_wconf 89' lang='lat' dir='ltr'><strong>dum</strong></span> <span class='ocrx_word' id='word_1_206' title='bbox 588 3803 702 3870; x_wconf 79' lang='lat' dir='ltr'><strong>infestus</strong></span> <span class='ocrx_word' id='word_1_207' title='bbox 721 3817 803 3871; x_wconf 86' lang='lat' dir='ltr'><strong>fuerit</strong></span> <span class='ocrx_word' id='word_1_208' title='bbox 818 3817 909 3882; x_wconf 90' lang='lat' dir='ltr'><strong>Orion,</strong></span> <span class='ocrx_word' id='word_1_209' title='bbox 929 3815 989 3871; x_wconf 87' lang='lat' dir='ltr'><strong>sed:</strong></span> <span class='ocrx_word' id='word_1_210' title='bbox 1014 3816 1078 3873; x_wconf 92' lang='lat' dir='ltr'><strong>dnm</strong></span> <span class='ocrx_word' id='word_1_211' title='bbox 1100 3816 1160 3882; x_wconf 87' lang='lat' dir='ltr'><strong>erit,</strong></span> <span class='ocrx_word' id='word_1_212' title='bbox 1180 3816 1245 3870; x_wconf 91' lang='lat' dir='ltr'><strong>dnm</strong></span> <span class='ocrx_word' id='word_1_213' title='bbox 1263 3831 1329 3871; x_wconf 81' lang='lat' dir='ltr'><strong>aura</strong></span> 
     </span>
     <span class='ocr_line' id='line_1_33' title="bbox 333 3907 459 3977; baseline 0.008 -14"><span class='ocrx_word' id='word_1_214' title='bbox 333 3907 459 3977; x_wconf 79' lang='lat' dir='ltr'><strong>agitabit.</strong></span> 
     </span>
    </p>

    <p class='ocr_par' dir='ltr' id='par_1_11' title="bbox 293 3999 1328 4157">
     <span class='ocr_line' id='line_1_34' title="bbox 293 3999 1328 4071; baseline 0 -17"><span class='ocrx_word' id='word_1_215' title='bbox 293 3999 317 4066; x_wconf 82' lang='lat'><strong>³)</strong></span> <span class='ocrx_word' id='word_1_216' title='bbox 336 3999 471 4071; x_wconf 77' lang='lat' dir='ltr'><strong>Hauptius</strong></span> <span class='ocrx_word' id='word_1_217' title='bbox 488 3999 590 4056; x_wconf 78' lang='lat' dir='ltr'><strong>edidit:</strong></span> <span class='ocrx_word' id='word_1_218' title='bbox 613 4005 678 4068; x_wconf 73' lang='lat' dir='ltr'><strong>forle</strong></span> <span class='ocrx_word' id='word_1_219' title='bbox 696 4003 762 4068; x_wconf 79' lang='lat' dir='ltr'><strong>quod</strong></span> <span class='ocrx_word' id='word_1_220' title='bbox 779 4003 898 4069; x_wconf 76' lang='lat' dir='ltr'><strong>expediat,</strong></span> <span class='ocrx_word' id='word_1_221' title='bbox 918 4044 924 4057; x_wconf 93' lang='lat'>.</span> <span class='ocrx_word' id='word_1_222' title='bbox 945 4042 952 4059; x_wconf 84' lang='lat'><strong>.</strong></span> <span class='ocrx_word' id='word_1_223' title='bbox 973 4043 980 4057; x_wconf 90' lang='lat'><strong>.</strong></span> <span class='ocrx_word' id='word_1_224' title='bbox 999 4005 1104 4069; x_wconf 58' lang='lat' dir='ltr'><strong>qnaeritis</strong></span> <span class='ocrx_word' id='word_1_225' title='bbox 1123 4003 1256 4065; x_wconf 76' lang='lat' dir='ltr'><strong>laboribns3</strong></span> <span class='ocrx_word' id='word_1_226' title='bbox 1275 4013 1328 4070; x_wconf 75' lang='lat' dir='ltr'><strong>qua</strong></span> 
     </span>
     <span class='ocr_line' id='line_1_35' title="bbox 334 4092 721 4157; baseline 0 -9"><span class='ocrx_word' id='word_1_227' title='bbox 334 4093 475 4157; x_wconf 83' lang='lat' dir='ltr'><strong>sententia,</strong></span> <span class='ocrx_word' id='word_1_228' title='bbox 494 4092 604 4147; x_wconf 91' lang='lat' dir='ltr'><strong>omnino</strong></span> <span class='ocrx_word' id='word_1_229' title='bbox 622 4093 721 4148; x_wconf 86' lang='lat' dir='ltr'><strong>nescio.</strong></span> 
     </span>
    </p>
   </div>
   <div class='ocr_carea' id='block_1_4' title="bbox 0 0 1478 4630">
    <p class='ocr_par' dir='ltr' id='par_1_12' title="bbox 0 0 1478 4630">
     <span class='ocr_line' id='line_1_36' title="bbox 0 0 1478 4630; baseline 0 0"><span class='ocrx_word' id='word_1_230' title='bbox 0 0 1478 4630; x_wconf 95' lang='lat' dir='ltr'><strong> </strong></span> 
     </span>
    </p>
   </div>
  </div>
 </body>
</html>
