3000 4638
530 250 561 306 L.
581 249 681 306 Seneca
699 251 731 306 de
749 251 806 308 rita
824 251 910 309 nanc.
1150 257 1211 321 365

191 445 395 532 simpliciter:
424 449 583 514 honesti
617 447 817 528 cultorem,
849 452 996 518 virtute
1027 464 1250 531 contentam,

191 552 334 620 Osoitons
372 554 514 620 librarius
554 553 735 621 accusativis
767 556 970 622 nominativos
1003 559 1117 625 substit
1140 561 1172 636 ‘t,
1209 563 1249 628 ad

190 660 357 735 animus,
381 659 462 744 qued
482 661 752 743 proximumerat,
773 659 915 727 referens.
954 660 1068 746 [Paulo
1088 668 1160 733 ante
1181 687 1251 734 cum

189 765 303 832 oblitus
326 785 427 832 essem
447 767 481 830 in
502 785 664 832 numerum
685 765 812 841 referre,
841 768 923 850 quod
942 769 974 833 in
996 771 1134 856 margine
1156 793 1249 840 anno·

189 871 344 950 teneram,
375 872 572 938 scribendum
594 872 704 938 videri:
748 871 858 935 Licet
889 875 926 938 et
956 874 1011 940 ita
1034 875 1164 954 finire,
1194 879 1249 945 nbi

188 975 291 1042 editur
311 977 425 1054 libet,
458 979 542 1044 idem
563 977 706 1044 Gcertzio
725 979 758 1043 in
781 980 919 1044 mentem
939 979 1051 1063 venit]

119 1075 122 1080 ’
291 1084 358 1151 Ibd.
380 1085 410 1161 5,
432 1085 467 1147 3:
501 1084 606 1149 Tunc
629 1085 732 1150 enim
753 1103 981 1166 puramens
1003 1089 1061 1152 cst
1166 1108 1251 1156 cum

189 1209 264 1255 non
286 1189 439 1258 tantum
462 1189 730 1267 lacerationes,
748 1190 814 1254 sed
834 1189 955 1255 etiam
969 1189 1249 1262 vellicationes

190 1293 390 1380 effugerit.
446 1295 514 1360 Uno
547 1313 641 1380 prope
662 1295 721 1363 hoc
756 1295 823 1362 loco
855 1294 887 1360 in
919 1294 1044 1360 Senecae
1070 1297 1158 1363 libris
1184 1300 1251 1365 sine

189 1401 333 1468 codicum
365 1401 476 1468 auxilio
520 1401 663 1466 vitiosum
702 1399 889 1466 coniunctivi
924 1401 1092 1484 perfectum
1129 1404 1248 1471 duabus

188 1506 304 1572 littoris
336 1508 376 1572 ab
409 1506 574 1572 indicativo
606 1506 771 1590 (effugit)
804 1505 922 1571 distans
952 1505 1166 1592 corrigendum
1194 1513 1251 1577 est.

190 1610 267 1691 (Gir.
289 1613 330 1678 ad
352 1614 474 1696 quaestt.
495 1611 559 1678 nat.
581 1611 636 1691 IV,
659 1611 688 1691 2,
711 1609 772 1690 22.)

292 1715 358 1782 lbd.
392 1717 422 1796 6,
457 1717 494 1782 2:
538 1717 652 1782 Videt
684 1718 721 1782 et
753 1717 791 1782 in
833 1715 919 1781 illis
960 1718 1023 1800 qui
1060 1738 1241 1786 summum

188 1824 329 1888 bonum
354 1822 543 1902 dixerint,
566 1841 673 1906 quam
695 1821 798 1905 turpi
819 1822 919 1887 illud
939 1821 1251 1908 locoposuerint.

189 1927 243 1994 Sic
266 1931 305 1996 A.
350 1927 437 1994 Solus
459 1945 600 1994 enarrare
630 1927 733 2011 potuit
753 1928 924 2008 Fickertus,
952 1931 1005 2012 qui
1026 1935 1057 1996 et
1078 1931 1251 1998 subiectum

191 2033 280 2101 vorbi
300 2034 410 2100 uidet
430 2034 583 2100 invenisse
604 2033 663 2098 sibi
685 2033 806 2099 videtur
836 2035 868 2100 et
898 2035 936 2098 in
965 2035 1050 2101 illis
1073 2036 1161 2102 docet
1183 2055 1253 2102 esse

189 2141 232 2206 in
254 2139 539 2222 voluptatibus,
562 2139 621 2204 etsi
642 2137 674 2202 id
704 2157 814 2204 nomen
840 2139 872 2202 in
892 2137 1030 2223 proxime
1051 2142 1251 2225 praecedenti·

192 2249 252 2313 bus
275 2263 426 2328 nusquam
457 2244 589 2328 ponitur.
633 2241 733 2309 Ceteri
764 2244 894 2310 licenter
924 2244 1110 2329 interpolent
1139 2247 1254 2326 (velutz

201 2350 370 2415 Videant
398 2347 535 2427 stilti,
557 2346 620 2431 qni
646 2368 831 2416 summum
851 2351 993 2416 bonum
1014 2350 1251 2436 voluptatem

190 2457 386 2534 dixerunt)
393 2477 402 2529 ;
429 2453 563 2518 Hessius
585 2457 689 2523 autem
720 2455 801 2520 hunc
829 2456 951 2521 tristem
977 2459 1136 2540 aspectum
1157 2459 1253 2525 ocutis

193 2562 317 2630 obiicit:
341 2561 359 2599 *
383 2559 401 2599 *
424 2558 681 2644 [voluptates]
711 2563 729 2600 *
753 2560 771 2599 *
795 2561 900 2627 videt
921 2565 995 2639 cet,
1027 2580 1122 2627 unum
1144 2565 1252 2646 volup-

193 2672 296 2736 tatum
317 2685 427 2734 nomen
457 2683 494 2730 ex
525 2665 634 2732 lacuna
655 2684 813 2750 emergere
843 2666 962 2745 iubens,
990 2669 1026 2734 ut
1047 2684 1081 2731 eo
1101 2668 1252 2734 referatur

189 2775 229 2838 in
251 2772 349 2838 illis.
392 2769 504 2838 Omnia
525 2771 640 2854 optime
665 2771 777 2838 habere
799 2774 831 2838 et
853 2772 1014 2856 aptissime
1048 2772 1161 2856 scripta
1183 2791 1249 2838 esse

190 2898 307 2958 omnes,
337 2878 456 2963 opinor,
494 2876 725 2954 confiterentur,
758 2877 786 2942 si
817 2876 882 2941 haec
913 2877 946 2942 in
978 2876 1079 2943 codice
1111 2865 1247 2962 principe

190 2987 385 3070 legerentur:
418 2983 572 3061 Videte,
603 2982 645 3047 in
676 2981 894 3048 visceribus
931 2983 980 3064 (in
1013 2985 1158 3062 ventre)
1185 2983 1254 3067 qui

191 3110 377 3158 summum
400 3090 537 3155 bonum
560 3089 755 3166 dixerunt,
777 3105 888 3171 quem
908 3089 1018 3173 turpi
1037 3088 1139 3154 illud
1158 3090 1252 3155 loco

189 3195 414 3282 posuerint,
447 3195 508 3262 nisi
538 3194 620 3279 quod
641 3193 771 3260 fortasse
794 3195 984 3278 requirerent
1006 3213 1109 3270 esse3
1131 3194 1175 3260 ita
1197 3196 1254 3261 de-

190 3322 278 3371 mum
300 3304 384 3368 recte
405 3301 463 3366 loci
489 3299 711 3384 turpitudinem
732 3299 894 3365 nominari.
935 3302 1031 3384 Atqui
1051 3301 1130 3368 hanc
1151 3299 1252 3384 ipsam

191 3410 376 3478 sententiam
392 3405 506 3472 Seneca
528 3405 638 3488 posuit,
660 3407 782 3470 tantum
802 3424 857 3488 pro
878 3405 1046 3472 visceribus
1061 3405 1135 3484 (Oio.
1151 3406 1242 3472 Tuso.

191 3515 230 3591 V,
274 3513 328 3592 27)
373 3509 607 3594 oontemptiore·
633 3529 706 3576 usus
743 3512 902 3587 vncabn103
945 3511 1110 3594 scripserat
1146 3510 1252 3575 enim:

189 3619 348 3694 Videte,
381 3614 552 3681 inditiis
587 3617 650 3697 qui
681 3635 865 3682 summum
897 3617 1034 3684 bonnm
1057 3614 1250 3694 dixerunt,

194 3743 305 3808 quam
327 3725 383 3788 cet.
410 3715 460 3802 (ἐν
488 3734 563 3810 coer
589 3716 738 3808 χόλιξιν).
782 3722 934 3799 (Proxime
967 3724 1038 3787 aute
1065 3719 1249 3804 offecere

190 3845 256 3912 pro
277 3828 438 3910 optimis
459 3827 664 3896 revocandum
685 3845 762 3905 esse,
782 3827 925 3892 interdixi
937 3826 1014 3892 mihi
1035 3845 1073 3891 ne
1095 3841 1247 3890 moneam.

190 3933 232 4000 Et
252 3934 320 4017 quis
342 3933 474 4017 prudens
496 3932 706 4000 admonendus
731 3935 813 4015 cett)
