2956 4648
535 259 566 316 L.
584 258 687 314 Seneca
705 259 842 328 Epistola.
1112 261 1173 325 489

157 457 287 522 brevis
324 454 417 522 verbo
454 455 544 519 alteri
579 457 733 540 negationi
771 459 943 541 praeposito.
1009 461 1080 525 Sine
1124 463 1215 527 dubio

158 561 273 626 Seneca
305 562 483 644 scripserat:
536 561 657 626 Nulla
693 561 779 626 rita
811 583 880 628 non
912 565 1135 628 brevissimo
1171 575 1214 642 st,

158 658 190 731 si
211 667 257 730 ad
278 671 453 732 naturam
475 685 603 731 rerum
624 670 866 748 respexeris,
889 671 1008 736 etiam
1030 671 1217 736 Nestoris

158 761 197 836 et
219 771 408 849 statilia,
432 791 510 854 quae
532 773 702 838 inscribi
723 757 783 839 oet:

257 878 313 960 ep:
337 877 386 955 78,
412 879 448 938 11
474 877 552 954 (10):
590 867 681 942 Inde
702 897 874 946 morosus
897 883 956 944 est
978 882 1216 957 stomachus:

157 984 259 1057 inde,
285 981 425 1066 quibus
448 982 524 1046 suit
545 981 729 1060 aviditas,
766 985 891 1050 odium
913 989 983 1050 est.
1035 986 1215 1051 Necessario

155 1091 186 1153 in
219 1089 327 1153 eedem
359 1107 391 1152 re
424 1087 480 1151 hoc
506 1087 640 1152 accidere
670 1088 731 1154 dioi
764 1090 864 1155 debet.
923 1091 1053 1173 Scripsit
1084 1091 1216 1156 Seneca:

154 1195 250 1268 indo,
274 1193 381 1255 caica
402 1192 478 1256 fuit
505 1193 692 1268 aviditas,
725 1195 850 1260 odium
880 1198 946 1262 est.
992 1196 1102 1276 [llditt.
1126 1215 1217 1279 supe-

155 1299 250 1364 riores
271 1299 343 1362 inde
365 1317 383 1362 a
406 1299 541 1363 Mureto:
576 1318 733 1381 quornm
756 1301 834 1365 luit
865 1308 927 1382 aa]
983 1304 1101 1368 Deinde
1137 1304 1216 1387 §17

157 1404 366 1470 scribendum:
401 1423 566 1469 necesse
604 1409 719 1470 estet
751 1411 939 1490 exsurgat
962 1411 1010 1473 'et
1044 1409 1217 1474 desinet.

38 1581 40 1586 ,
157 1509 447 1594 (Vulgoutcrs.‚
483 1511 547 1574 Ab:
576 1512 791 1586 statera:
840 1513 987 1578 Hessius:
1023 1516 1219 1591 n.est,ut

156 1615 362 1698 exsurgit
389 1618 425 1680 et
458 1616 497 1688 d.,
532 1615 610 1698 quod
633 1615 764 1682 debebat
786 1636 866 1682 esse:
898 1619 955 1684 sic
989 1621 1026 1683 et
1054 1621 1109 1700 d).
1137 1620 1216 1684 Tam

156 1717 247 1806 §lit
269 1723 322 1786 ubi
344 1721 458 1786 editur:
502 1721 649 1804 Cogita,
681 1723 975 1804 quidhoncste,
1010 1724 1102 1808 quid
1135 1724 1219 1788 for-

156 1829 260 1894 titer
281 1827 446 1902 feceris;
480 1828 603 1891 bonas
634 1829 770 1910 partes
806 1831 935 1896 tecum
958 1831 1043 1912 ipse
1065 1832 1217 1905 tracta:

156 1935 379 2000 memoriam
426 1933 465 1996 iu
515 1949 572 2005 ea,
626 1953 702 2016 quae
745 1937 908 2001 maxime
950 1937 1117 2000 miratus
1160 1954 1218 2012 es,

157 2059 312 2123 sparge,
334 2039 423 2103 unius
455 2037 543 2104 uerbi
564 2039 710 2102 mendum
732 2040 902 2106 tollendum
924 2044 989 2117 est:
1023 2043 1113 2108 nullae
1135 2043 1218 2107 enim

155 2145 205 2210 hic
226 2145 358 2228 partes
379 2145 507 2208 traotmi
527 2143 759 2218 iubentus-sed
777 2147 881 2211 bonae
903 2157 1016 2213 actes.
1057 2149 1113 2231 (De
1134 2146 1155 2233 ξ
1177 2147 1217 2208 27

156 2249 273 2314 dictum
296 2249 353 2314 vol.
379 2251 393 2313 l
412 2269 441 2332 p.
465 2249 506 2312 70
527 2256 581 2328 n).

256 2356 311 2437 Ep.
336 2355 392 2443 79:
422 2355 442 2416 4
464 2355 582 2437 pridem
616 2358 701 2420 certa
721 2357 934 2421 emendatione
956 2359 1077 2421 senamt
1098 2357 1220 2440 egregie

157 2479 250 2544 sagax
282 2463 314 2526 el
336 2461 468 2544 prudens
501 2461 602 2539 bomo,
623 2450 806 2538 'Rubenius
840 2461 991 2526 Gronovio
1021 2462 1219 2536 assentiente,

156 2567 209 2649 qui
247 2555 382 2649 scripsit:
526 2567 685 2630 etiamsi
717 2585 825 2631 nemo
857 2567 1073 2631 mandaret.
1118 2565 1220 2644 Quid

156 2671 234 2736 tibi
256 2671 318 2745 do,
339 2691 385 2736 ne
407 2672 555 2736 AEtnam
579 2671 782 2736 describas
803 2672 842 2736 in
864 2672 929 2742 tuo
951 2671 1139 2747 carmine,
1173 2689 1219 2734 ne

157 2777 215 2855 (sic
236 2778 286 2841 Ab
320 2780 351 2841 et
383 2778 477 2841 ceteri
497 2777 673 2842 tolerabiles
695 2795 749 2858 pro
774 2781 823 2851 et)
857 2777 956 2840 hunc
987 2776 1217 2841 sollemnem

240 2882 363 2947 locum
386 2883 586 2965 attingas?
629 2881 701 2960 (cfr.
723 2885 828 2947 nostre
849 2881 1023 2946 emendatio
1056 2881 1088 2945 in
1110 2882 1218 2963 quaest.

155 2989 219 3051 net.
241 2987 312 3060 VII,
345 2989 372 3061 6,
407 2985 460 3062 2.).
504 2986 578 3078 Sed
598 2988 688 3070 paulo
709 2989 779 3069 post
810 2987 844 3073 (b
877 2988 921 3066 b).
943 2986 1113 3052 tollendum
1143 2985 1218 3062 sed,

156 3092 238 3176 quod
270 3092 427 3157 sententia
466 3095 631 3176 repugnat,
676 3097 776 3158 ortum
822 3112 857 3156 er
892 3093 1092 3176 praecedentis
1132 3091 1218 3156 vocis

154 3199 266 3262 ultima
288 3198 416 3282 syllaba,
448 3200 483 3262 ut
515 3199 681 3264 scribatur:
718 3217 791 3274 non
827 3199 1090 3281 preripuisse
1123 3196 1218 3261 mihi

154 3305 353 3381 videntur,
402 3323 479 3387 quac
525 3303 602 3367 dici
644 3305 862 3385 poterent‚'
894 3303 959 3368 sed
1002 3301 1216 3384 aperuisse.

154 3391 328 3473 Multum
360 3409 532 3474 interest
563 3412 621 3474 cet.
675 3410 759 3473 Infra
790 3407 811 3493 ξ
848 3409 886 3470 12
919 3407 986 3486 410)
1020 3407 1217 3474 scribendum

156 3515 218 3580 est:
243 3533 327 3578 cum
433 3515 527 3578 caelo
557 3514 740 3579 redditus
763 3531 830 3578 suo
850 3513 972 3578 fuerit
994 3522 1025 3574 ct
1047 3532 1126 3574 eum
1148 3517 1217 3594 (pro

154 3619 290 3697 luerit,
324 3627 420 3697 cum)
451 3620 649 3703 receperit
679 3619 827 3692 locum,
862 3636 973 3700 quem
1005 3616 1218 3698 occupavit

155 3726 258 3788 sorte
272 3724 463 3790 nascendi.
475 3725 691 3790 Necessarium
700 3726 750 3806 est
756 3740 923 3807 pronomen
932 3722 1217 3786 demonstrativum.

154 3827 315 3914 Postremo
336 3830 354 3913 d
378 3830 416 3892 16
440 3830 508 3911 (14)
529 3848 653 3913 prorsus
668 3828 822 3911 sequenda
842 3828 980 3892 codicum
997 3827 1061 3902 (Ab
1083 3829 1115 3890 ct
1136 3828 1218 3889 cete-

154 3945 272 4009 rorum)
299 3939 330 3999 et
357 3936 425 4002 edd.
449 3937 565 4019 antiqq.
579 3935 748 4016 scriptura:
790 3952 830 3997 se
853 3934 889 3996 et
910 3925 1120 4014 Epicurum
1142 3946 1217 3993 non

155 4040 253 4104 satis
286 4040 484 4106 enituisse
507 4043 584 4119 (haec
606 4039 754 4106 confessio
777 4041 834 4116 est,
870 4055 961 4120 quam
984 4023 1101 4100 Seneca
1122 4034 1216 4112 dicit),
