2918 4652
296 302 357 364 m
659 299 916 370 mmmm

255 502 444 568 dominus.
509 499 652 581 Suspicor
694 499 804 564 fuisse:
841 497 1168 577 ,Discumbimus3
1207 501 1325 585 facit

255 607 431 674 dominus
452 610 605 673 maturo
626 624 696 671 ouo
718 623 764 671 sc
785 623 943 670 coenam
966 607 1190 674 committit

354 715 388 779 P.
410 713 471 778 352
494 711 616 790 (nobile)
640 710 816 776 Lucilius
840 710 906 775 lib.
930 711 1070 776 XXIX:

354 819 434 884 Tum
456 816 532 883 illud
554 817 695 900 epiphoni
716 817 795 900 quod
817 818 912 882 etiam
933 820 1001 882 tum
1023 818 1124 884 nobile
1142 814 1205 884 est.

255 925 472 990 Scribeudum:
1114 947 1120 959 ·

353 1030 433 1095 Tum
454 1031 531 1096 illud
554 1024 787 1114 ἐπεφώνει,
817 1030 1012 1113 quodetiam
1036 1051 1116 1092 nunc
1137 1030 1241 1096 nobile
1264 1033 1325 1095 est

353 1137 388 1200 P.
412 1134 473 1200 369
496 1139 627 1220 (putare)
648 1135 822 1202 Titinius
844 1136 1101 1201 Fullonibus:

338 1243 385 1306 Da
406 1261 533 1326 pensam
555 1243 676 1320 lanem;
699 1242 751 1325 qui
774 1261 834 1308 non
857 1243 966 1308 reddet
985 1241 1127 1325 tempori,
1444 1281 1445 1360 ἰ

335 1351 474 1430 putatam
499 1351 592 1426 recte,
613 1349 715 1426 facite,
738 1353 773 1416 nt
794 1349 944 1414 multetur
965 1349 1055 1414 malo.
1444 1363 1445 1440 q

254 1452 473 1518 scribendum:
1075 1503 1079 1508 .
1180 1495 1183 1500 ι
1444 1453 1445 1520 l

179 1541 184 1552 ’
336 1559 514 1644 Αᾱρωαηι
535 1560 639 1626 lanam
661 1562 713 1644 qui
735 1580 796 1626 non
817 1560 928 1627 reddet
948 1561 1087 1642 tempori,
1180 1587 1183 1592 ·

248 1721 252 1732 ,
336 1667 475 1748 putatam
498 1669 556 1732 oct
1090 1735 1091 1740 ,
1444 1657 1445 1734 l

254 1770 413 1853 (Alioquin
435 1771 807 1849 combustibilem,
838 1777 874 1840 ut
897 1774 1001 1838 lunius
1035 1772 1216 1857 Lipsinsque
1253 1775 1329 1840 ani-

254 1875 506 1961 madverterunt.)
1077 1942 1081 1951 ,

353 1982 387 2044 Ρ.
411 1980 474 2046 370
495 1989 647 2067 (passum)
669 1983 828 2054 Navius
851 1985 1071 2070 Iphigenia:

336 2088 432 2152 Passo
455 2089 504 2155 rel
526 2089 584 2162 hoc
606 2091 741 2156 vicinum
756 2090 909 2172 Aquilone
930 2091 1052 2157 bortum
1074 2092 1120 2168 ler
1141 2091 1234 2154 foras«

252 2191 408 2257 Nonnulla
429 2195 483 2259 alii
502 2195 711 2262 emendarunt.
756 2195 973 2261 Scribeudum:
1444 2199 1445 2206 ’

313 2325 318 2344 ·
335 2300 431 2389 Pasce
455 2301 522 2367 velo
543 2301 659 2364 viduus
681 2301 792 2384 Aquilo
813 2322 859 2362 me
881 2323 896 2364 e
916 2306 1005 2385 pontu
1019 2301 1211 2386 forulorum

252 2404 379 2471 Vicinus
402 2408 514 2490 Aquilo
535 2408 584 2472 est
604 2407 723 2490 regioni
745 2407 892 2490 Taurica.
1250 2471 1255 2477 .
1444 2465 1445 2480 ,

352 2512 387 2578 Ρ.
410 2511 473 2575 390
494 2519 658 2590 (severum)
676 2512 799 2577 *Varro
821 2513 1116 2578 Eumenidibus:
1145 2549 1147 2552 ·
1174 2533 1176 2538 ·
1444 2491 1445 2524 ¹

806 2617 911 2682 Tertia
933 2618 1096 2700 Pqnarum

361 2787 364 2794 Δ
452 2722 584 2787 Infamia
605 2724 691 2788 stans
713 2741 789 2788 nens
810 2723 841 2786 in
864 2723 947 2806 vulgi

452 2831 573 2911 pectore
595 2829 765 2902 fluctuanti,
787 2828 908 2892 intonen
929 2843 1025 2905 coma,

454 2933 575 3000 sordida
596 2934 721 3011 vestitu,
743 2951 794 2998 ore
816 2952 931 2999 severo.
1134 3010 1137 3018 ¹

164 3025 169 3034 ’
253 3039 347 3103 Recte
361 3040 509 3122 Roeperus
521 3038 660 3103 infamiae
672 3038 832 3104 substituit
847 3040 1018 3112 Insaniam;
1035 3038 1088 3104 sed
1100 3039 1194 3104 nibilo
1206 3042 1325 3107 melius

252 3139 307 3206 illa
330 3143 424 3208 stabit
441 3161 522 3222 ¹‚nera
542 3145 599 3208 *sut
618 3143 650 3206 in
684 3143 768 3228 vulgi
789 3149 912 3226 pectore
936 3144 1096 3216 fluctuanti
1129 3147 1192 3221 (rel
1214 3149 1324 3229 potius

255 3246 404 3322 fluitanti;
441 3266 513 3312 nam
536 3265 571 3312 eo
593 3249 773 3314 necessario
785 3250 967 3332 participum
991 3250 1133 3331 pertinet,
1157 3255 1327 3335 aequaliter

253 3351 422 3418 distributis
444 3353 645 3420 substantivis
667 3353 908 3437 adiectivisque).
954 3355 1168 3422 Scribendum:

378 3527 382 3537 Ι
824 3460 929 3526 Tertia
951 3461 1114 3526 Poensrum

453 3562 586 3640 Insania,
607 3566 693 3629 stans
714 3566 789 3626 orba
809 3565 841 3630 in
855 3565 944 3649 jbstd

452 3669 579 3734 Pectore
599 3668 743 3748 fluitanti,
766 3672 887 3738 intonsa
910 3691 1007 3750 coma,

380 3783 385 3796 '
454 3774 574 3839 sordida
594 3775 717 3854 vestitu,
744 3795 795 3840 ore
817 3795 931 3842 severo.

353 3879 387 3941 P.
410 3879 471 3942 407
494 3880 804 3958 (tenaciatdnuius
825 3883 1004 3952 Hectoris
1028 3883 1170 3976 lytris:

762 3988 863 4054 Ducet
884 3989 1113 4074 quadrupedum
1181 4033 1184 4038 -
