2918 4636
617 245 739 308 Ovidius.
1130 251 1170 317 95

147 444 213 512 hae
246 445 334 515 iuxta
362 446 430 514 sine
457 448 564 532 oopulo
591 446 662 529 poni
690 445 816 513 deiectos
842 457 1008 525 neaemias,
1042 451 1216 536 ,somnoque

147 550 282 616 deiectos
319 570 416 634 neque
452 551 589 618 delectos
622 553 716 617 boves
745 553 828 618 reete
849 553 880 620 h.
907 553 928 620 1.
949 555 1114 640 appellari,
1146 558 1214 628 tum

148 659 255 722 antem
290 677 407 740 quoque
421 671 425 680 ·
439 657 618 723 adverbium
650 658 872 746 alienissimum
894 679 980 738 esse;
1011 662 1214 746 nequeenim

146 762 239 826 eundi
272 764 400 827 verbum
432 762 521 828 alteri
554 763 737 846 praeoedenti
769 763 955 850 adiungitur.
1008 767 1090 845 Quid
1110 785 1159 832 res
1182 769 1214 833 et

145 867 300 932 sententia
321 867 503 950 postularet,
538 867 634 936 iidem
665 869 823 944 uiderunt;
859 871 890 936 in
919 872 1080 956 pamoiplo
1108 871 1214 956 exqui-

145 971 239 1038 rendo
264 972 467 1050 essentium
495 974 574 1040 mihi
595 995 655 1042 uon
674 975 880 1058 spernendum
901 976 1037 1058 videtur,
1061 973 1140 1060 quod
1161 995 1213 1044 ou·

145 1077 251 1144 dicum
273 1079 412 1162 vestigiis
435 1082 642 1149 monstratur:
748 1141 749 1145 ,

318 1186 343 1258 1,
364 1187 471 1252 scrobe
493 1187 603 1252 deiecto
623 1188 779 1252 mactatos
801 1189 894 1254 obrue
916 1190 1030 1254 muros.

246 1290 329 1354 Nam
352 1291 492 1358 scrobem
515 1292 641 1357 deiicere
661 1311 716 1374 pro
738 1311 783 1368 eo,
808 1293 889 1376 quod
911 1297 960 1360 est
980 1292 1041 1359 alte
1061 1291 1212 1370 delebere,

145 1413 203 1461 non
226 1395 427 1477 improbabile
461 1396 535 1464 feeit
566 1397 703 1464 looorum
736 1399 916 1463 deiectorum
947 1398 1028 1482 apud
1060 1397 1212 1466 Caesarem

146 1501 313 1584 appellatio
336 1502 367 1565 et
388 1500 470 1584 apud
492 1503 624 1568 eundem
646 1505 833 1570 substantivi
847 1505 975 1570 danatus
996 1503 1106 1570 similis
1128 1521 1211 1568 usus.

248 1606 316 1684 XV¹
340 1605 412 1686 838,
434 1606 495 1685 839
519 1608 570 1686 (de
594 1609 767 1700 Augusto):

268 1712 334 1776 Neo
355 1713 414 1781 uisi
435 1732 506 1780 oum
527 1715 629 1781 senior
651 1715 769 1782 similes
790 1715 958 1798 aquavent
981 1733 1076 1784 anuos

267 1817 409 1884 aetherius
432 1819 520 1886 sedes
543 1822 733 1904 cognataque
753 1821 856 1890 sidera
875 1824 991 1906 tanget

144 1921 276 1988 Haerent
297 1925 407 1990 merito
429 1925 460 1990 in
487 1926 600 1988 similes
628 1930 659 1991 et
682 1929 859 2011 oequaoeou'b
887 1947 954 2010 quae
984 1927 1062 1994 nihil
1087 1926 1213 2003 habent,

144 2047 203 2111 quo
226 2028 412 2106 relerantnr;
446 2032 478 2096 id
508 2032 551 2096 ibi
574 2033 670 2100 latere
690 2033 888 2100 manifestum
911 2035 974 2106 est,
997 2031 1050 2098 ubi
1072 2031 1213 2098 scribitur

143 2134 255 2212 emtor,
282 2153 341 2216 qno
363 2138 567 2219 comparativo
584 2138 661 2204 nihil
682 2140 853 2220 perversius
873 2139 948 2224 fingi
965 2138 1071 2222 potest
1091 2136 1124 2201 in
1144 2135 1214 2200 lou·

144 2239 283 2323 gissimae
316 2241 386 2306 vitae
409 2261 598 2328 summaque
619 2244 944 2329 seneotutisaugurio.
994 2242 1055 2308 Sed
1075 2244 1111 2307 ut
1132 2239 1213 2325 Pylii

145 2345 230 2411 senis
265 2347 336 2409 anni
372 2348 549 2415 adulatoriae
578 2349 804 2433 exaggerationi
839 2349 994 2416 sufficiant
1028 2347 1120 2432 (quod
1151 2365 1213 2415 nou

146 2450 276 2529 laniunt,
298 2469 356 2518 neo
376 2453 498 2518 omnino
529 2456 693 2540 quiequam
725 2455 867 2522 humanm
896 2453 1160 2539 eomputationis),
1194 2469 1213 2517 a

125 2555 260 2622 'litteris
282 2557 459 2642 longissime
481 2562 596 2628 reaedit
610 2559 711 2644 Pylio.
754 2561 958 2626 Artfioiosiue
980 2559 1123 2626 adulatus
1138 2556 1213 2624 Ovi·

146 2661 214 2728 dius
238 2666 300 2740 est;
323 2665 448 2748 seripsit
472 2666 554 2732 euim
576 2667 636 2734 sio:
668 2719 672 2728 .

247 2770 315 2836 Neo
337 2770 397 2836 nisi
418 2790 490 2836 oum
512 2763 639 2857 impeto
660 2774 779 2851 similes
799 2772 966 2856 aequaven't
987 2786 1095 2845 anuos,

146 2874 204 2942 hoo
228 2879 286 2956 est,
303 2877 520 2960 magnitudini
542 2880 625 2946 auoti
657 2900 676 2944 a
708 2898 742 2946 ee
763 2878 885 2962 imperii
906 2876 1041 2945 similem
1063 2891 1214 2941 annorum

146 3000 310 3048 numerum
335 2984 510 3068 aequaverit.
558 2988 605 3050 Ao
627 2988 750 3068 propter
771 2986 834 3066 hoo·
851 2985 967 3068 ipsum,
990 2981 1072 3068 quod
1091 2979 1213 3063 proprie

147 3084 270 3168 imperii
306 3107 450 3156 mensura
483 3093 514 3154 et
547 3109 695 3158 annorum
724 3110 869 3156 numerus
897 3088 1027 3156 conferri
1049 3085 1214 3172 nequeunt

147 3210 208 3258 non
245 3193 323 3260 dixit
358 3196 540 3278 simpliciter
568 3197 731 3281 aequauerit
757 3218 871 3272 anuos,
915 3196 971 3262 sed
998 3194 1112 3262 similes
1141 3195 1213 3270 (non

147 3299 462 3384 minusimmonsos).

249 3400 352 3472 Minus
380 3407 438 3472 sibi
467 3425 559 3492 quam
587 3409 852 3492 metamorphoses
875 3410 1045 3476 vindicasse
1066 3400 1161 3470 studii
1182 3401 1214 3464 et

147 3527 248 3592 operae
270 3515 413 3596 poemata
435 3514 473 3578 ab
489 3512 597 3579 Ouidio
619 3515 649 3580 iu
672 3516 760 3582 exilio
781 3515 905 3598 scripta,
928 3532 1018 3578 nemo
1040 3507 1212 3576 mirabitur.

147 3616 225 3702 Legi
247 3618 354 3684 minen
376 3637 436 3685 uon
459 3620 611 3686 incuriose
626 3621 830 3708 annotanique
846 3619 995 3704 quaedam,
1019 3637 1086 3701 qua
1099 3617 1216 3708 iterum

147 3723 305 3806 pensitato
328 3724 516 3808 probataque
539 3744 723 3808 expromam.
756 3728 792 3790 In
814 3726 949 3790 tristium
965 3725 1051 3790 libris
1070 3724 1102 3787 et
1115 3720 1215 3785 multa

149 3828 186 3893 de
209 3829 364 3894 eodioibus
385 3830 503 3896 ineerta
524 3833 606 3906 sunt,
632 3838 663 3898 et
690 3831 774 3909 eius,
805 3831 857 3914 qui
885 3832 1003 3895 eeteros
1031 3826 1215 3910 antiquitate

148 3937 290 4018 superat,
329 3936 446 4020 exigua
472 3937 631 4020 partioulae
659 3938 779 4004 oollatae
795 3939 880 4027 ¹sunt
907 3932 1104 4016 (Florentini,
1140 3929 1214 3994 olim
