2918 4636
286 221 346 286 m
643 221 905 294 mmmm

341 423 481 488 Ridicule
513 420 546 486 et
577 431 716 486 consueta
747 421 814 488 iata
842 420 977 512 Phineus
1010 423 1155 508 appellat,
1177 445 1307 510 quorum

241 547 281 594 ne
315 528 431 594 similis
458 527 583 612 quidem
605 525 767 610 quisquam
791 543 909 616 'passus
942 531 1080 605 erats'et
1102 540 1242 594 consueta
1270 551 1306 594 cc

241 635 357 699 ordine.
401 633 551 717 Loquitur
572 631 610 697 de
631 631 796 716 praeteritis
816 631 879 726 iam
902 635 933 702 et
954 635 1070 724 sensim
1091 637 1260 703 exhaustis:

545 737 727 824 consumptis
749 756 851 804 senum
875 741 978 806 estex
998 739 1102 807 ordino
1123 739 1196 830 fatis
1251 805 1254 813 ,

377 846 544 930 ingemere.

343 950 453 1032 (Paulo
486 952 559 1016 anto
590 971 619 1016 v.
653 948 715 1012 439
747 949 779 1013 in
805 949 896 1014 octar
916 952 978 1029 cic,
1010 971 1138 1036 qnorum
1159 951 1305 1019 neutrum

242 1054 404 1121 tolerabile
427 1056 484 1131 est,
506 1055 580 1138 puto
602 1037 727 1125 subesse
748 1056 920 1140 perlectum
944 1058 987 1136 (in
1009 1055 1190 1137 adcedens),
1228 1055 1308 1142 quod

241 1161 439 1246 computandi
467 1159 717 1245 significationem
751 1161 923 1228 vicinamve
958 1163 1080 1242 hebeat,
1113 1159 1168 1229 sed
1203 1162 1307 1248 ipsum

244 1286 304 1333 nou
326 1267 459 1349 reponi03
480 1285 554 1331 uam
575 1265 688 1352 diocesi
708 1267 801 1333 nimis
824 1267 961 1347 discedit,
996 1267 1210 1354 decennnium
1232 1267 1308 1334 sutis

242 1375 351 1454 aptum
375 1372 445 1448 est.)
909 1357 913 1362 ¹
998 1355 1020 1376 '¹

285 1471 286 1476 ’
342 1475 409 1542 Ibd.
432 1477 511 1543 474:

329 1583 445 1666 Teque,
466 1583 519 1660 uit,
542 1581 660 1659 iniusti,
682 1603 750 1668 quae
772 1603 851 1650 nunc
871 1583 1003 1680 premis,
1018 1583 1065 1652 ire
1084 1581 1231 1652 Tonantis

329 1691 400 1755 ente
421 1707 539 1774 precor,
559 1691 673 1754 nostrae
696 1691 822 1757 tandem
843 1692 906 1757 iem
928 1709 1019 1776 pareo
1040 1677 1182 1756 senectae.

343 1794 471 1859 Haerent
491 1795 523 1858 in
549 1804 633 1862 cate:
667 1797 723 1862 sed
752 1795 835 1863 aliud
859 1797 907 1862 est
928 1795 1175 1874 incommodum
1209 1813 1308 1880 neque

243 1895 329 1964 enim
350 1899 485 1965 Phineus
506 1899 687 1982 Tonantem,
711 1903 797 1970 cuius
820 1901 899 1968 iram
933 1900 1084 1967 submisse
1098 1985 1102 1993 ¹
1117 1901 1309 1984 deprecatur,

244 2005 394 2070 iniustum
429 2007 583 2090 appellare
605 2009 717 2090 potest.
745 1991 963 2074 'scribendum
997 2011 1054 2087 est,
1086 2009 1208 2078 sublata
1240 2024 1310 2091 per·

247 2111 417 2177 mutatione
439 2129 498 2176 nou
519 2131 608 2177 rara:
811 2109 814 2119 ’
1053 2103 1056 2106 ’

329 2217 433 2300 Teque
458 2216 512 2299 ait,
534 2218 643 2282 indocte
664 2239 730 2304 quae
752 2241 813 2283 noc
833 2218 960 2301 premis,
981 2206 1030 2285 ira'
1036 2209 1041 2216 ''
1049 2211 1211 2296 Tonantis,

265 2355 269 2362 ·
329 2326 411 2399 ente,
433 2343 549 2409 precor,
571 2328 683 2390 nostrae
705 2325 831 2390 tandem
855 2325 925 2392 iam
939 2343 1030 2407 palae
1053 2326 1192 2390 senecta.

345 2428 491 2495 Concedit
518 2431 610 2496 eumn
637 2448 699 2494 nou
722 2429 788 2495 sine
809 2447 903 2496 eausa
925 2431 1039 2496 natum
1059 2429 1155 2497 inisse
1185 2429 1309 2508 Iovem;

245 2553 327 2600 nuuc
371 2537 458 2614 (iam)
493 2537 618 2601 andem
655 2537 788 2604 seneotoe
817 2535 908 2601 venie
936 2538 974 2602 ut
1014 2536 1112 2613 detur,
1155 2537 1309 2618 procetur.

241 2641 365 2708 Premis
400 2652 469 2706 aaa
502 2641 647 2724 prasenti
685 2642 823 2726 tempore
861 2641 941 2708 dixit
979 2641 1016 2708 de
1049 2642 1097 2707 ira
1133 2642 1310 2713 etiamnunc

243 2747 384 2816 durante.

344 2856 410 2921 Ibd.
435 2854 512 2918 601:

312 3005 314 3008 -
444 2960 588 3026 Proxime
606 2959 804 3026 Thermodon
824 2959 875 3022 lie
896 2959 959 3027 iam
982 2963 1065 3026 secat
1086 2955 1167 3028 enta.

243 3069 359 3154 Opinon
379 3066 490 3133 fuisso:
514 3064 666 3128 Poocimc
690 3115 697 3129 .
721 3112 728 3129 .
753 3109 760 3124 .
784 3063 864 3126 dinc.

345 3173 412 3238 Ibd.
436 3171 497 3234 714
519 3189 585 3256 sqq.
609 3171 659 3248 (de
681 3171 776 3254 ponto
796 3169 938 3248 Tuuinolt

344 3279 414 3344 Nou
437 3277 511 3344 alibi
533 3277 638 3342 effossis
659 3277 823 3342 cesserunt·
839 3275 962 3359 longius
983 3275 1074 3346 undis

345 3382 444 3462 litore,
466 3401 523 3448 nec
547 3383 651 3450 tantas
673 3383 814 3466 quemvis
835 3382 1012 3466 Tymhenus
1036 3384 1068 3448 et
1087 3383 1188 3469 AEgon

345 3473 450 3554 volvat
472 3508 577 3572 aquas,
598 3488 730 3573 geminis
752 3490 784 3554 ot
805 3489 906 3556 desint
927 3487 1068 3572 Syrtibus
1089 3487 1189 3556 unda.

346 3593 478 3660 Secundi
498 3613 605 3660 versus
631 3594 742 3660 vitium
764 3595 962 3660 manifestum
983 3595 1047 3672 est3
1072 3595 1126 3660 sed
1147 3595 1312 3664 infeliciter

244 3718 312 3764 rem
345 3703 517 3784 gesserunt,
550 3701 602 3784 qui
633 3701 767 3784 primum
799 3720 854 3784 pro
890 3710 916 3762 et
951 3700 1046 3763 mant
1077 3701 1228 3766 uiolenter
1256 3721 1310 3765 nec

245 3805 341 3867 desint
362 3803 558 3888 scripserunt,
581 3806 691 3872 deinde
714 3807 850 3891 quamvis
866 3806 1014 3872 »certatim
1036 3806 1206 3887 tentarunt,
1228 3807 1311 3891 quod

246 3930 306 3976 non
329 3912 427 3978 solum
458 3899 642 3979 coniunctivi
664 3913 799 3990 tuentur,
833 3909 888 3976 sed
920 3912 1113 3996 apentissime
1146 3913 1309 3987 sententia,

246 4037 313 4101 quae
336 4019 401 4084 haeo
423 4009 479 4096 esi,
503 4013 625 4086 etiamsi
647 4017 736 4084 alteri
757 4017 836 4083 mari
852 4015 967 4100 aliquid
989 4017 1182 4095 concedatur,
1203 4021 1310 4086 mmen
