2938 4630
608 301 746 358 Horatius
1123 301 1162 365 51

138 517 215 564 oum
234 499 328 564 taedio
351 501 399 564 sui
421 502 560 565 senescet
581 502 612 563 ei
633 499 781 564 interibit.
830 501 895 564 Hoc
915 501 1020 564 tamen
1042 501 1114 566 huic
1135 521 1206 584 per-

144 604 280 671 versitati
302 603 393 676 dabo,
413 606 449 668 ut
470 623 506 668 ex
529 603 778 669 emendationum
809 623 947 670 mearum
968 607 1206 672 Horatianarum

145 729 203 775 nou
224 727 337 793 magno
358 727 485 773 numero
509 729 601 774 unam
622 711 706 774 extra
728 709 867 774 ordinem
889 711 1073 793 precipiam,
1091 712 1124 776 in
1147 731 1206 796 qua

142 815 296 880 luculento
319 816 457 897 exemplo
478 816 598 896 ostendi
621 817 734 898 potest,
768 817 799 879 et
821 817 971 899 quomodo
993 835 1066 882 vera
1085 817 1206 883 addita-

140 925 251 986 menta
281 920 374 985 certis
410 921 532 986 indiciis
564 923 787 994 convincantur,
814 925 846 986 et
868 923 1017 1004 quomodo
1040 921 1079 987 ad
1101 942 1207 988 eorum

138 1045 269 1091 causam
302 1023 561 1109 perveniatnr‚et
595 1027 669 1109 quid
702 1045 739 1090 ea
760 1026 979 1091 demonstratio
1003 1028 1125 1094 differat
1146 1047 1207 1094 nou

140 1132 242 1197 solum
265 1132 305 1196 ab
326 1131 685 1212 suspicionibus'Horatio
708 1131 860 1196 sonbendi
883 1132 982 1214 legem
1005 1133 1143 1197 dandum
1155 1137 1208 1198 aui

135 1237 181 1302 ad
203 1235 309 1302 omnia
330 1235 450 1301 delendi
476 1238 630 1302 medicina
642 1237 845 1312 abutentium,
869 1237 922 1300 sed
945 1239 1038 1302 etiam
1061 1239 1208 1304 abiuntu-

139 1341 199 1406 bili
219 1343 251 1406 in
273 1360 346 1406 vera
367 1341 548 1407 difficultate
572 1345 604 1406 et
625 1345 706 1408 certo
728 1342 839 1407 mendo
861 1343 998 1408 tollendo
1027 1343 1206 1425 opinatione¹

140 1447 226 1512 Nam
240 1447 272 1511 in
286 1445 359 1512 libri
375 1447 475 1529 quarti
490 1449 624 1512 ommino
640 1449 746 1512 octavo
762 1457 867 1512 omues
884 1451 1004 1524 norunt,
1024 1468 1091 1532 qua
1103 1450 1208 1515 sintin

140 1567 175 1617 n.
211 1553 248 1614 17
269 1571 375 1634 prava,
411 1553 442 1616 id
465 1553 584 1627 vitium,
611 1553 691 1635 quod
721 1553 813 1618 etiam
849 1554 889 1617 ad
910 1573 939 1619 v.
966 1554 1209 1636 lupertianae

148 1659 299 1740 plenisque
332 1659 508 1742 negligitur.
571 1657 650 1722 Nam
684 1677 783 1742 neque
800 1660 946 1724 Horatius
968 1677 1038 1724 oum
1060 1660 1210 1744 flagitioso

144 1765 177 1828 in
201 1785 234 1831 re
255 1783 447 1847 personaque
464 1763 640 1828 clarissima
672 1782 771 1828 errore
793 1765 832 1830 ad
856 1765 1034 1829 Africanum
1061 1765 1210 1830 maiorem
1292 1775 1298 1792 ·

140 1871 311 1936 transferre
340 1869 532 1954 Carthaginis
568 1869 729 1936 interitum
764 1871 796 1934 ot
828 1871 969 1934 incendic
989 1872 1090 1953 potuit
1112 1887 1210 1953 neque

141 1993 267 2059 prorsus
290 1978 405 2041 certam
431 1995 553 2041 oeesuree
575 1976 675 2059 legem
698 1976 730 2038 in
745 1993 805 2039 uuo
826 1995 916 2040 versu
937 1977 1107 2060 negligere3
1138 1977 1211 2053 (ite-

137 2099 204 2164 que
230 2081 307 2145 nihil
330 2083 435 2164 agunt,
457 2083 509 2164 qui
529 2082 605 2146 illud
627 2083 738 2146 vulnus
761 2101 866 2146 curare
888 2081 1023 2152 student,
1058 2081 1117 2144 hoo
1137 2099 1211 2163 neg·

140 2187 275 2270 ligant);
311 2189 379 2249 tum
408 2203 480 2250 vero
510 2187 637 2269 uterque
670 2205 776 2250 versus
811 2187 870 2262 toti
891 2186 949 2250 loci
982 2187 1142 2250 sententiae
1181 2187 1212 2250 ei

141 2291 277 2356 consilio
300 2291 492 2374 apertissime
515 2296 666 2376 repugnat
688 2294 722 2355 ot
740 2293 843 2384 omnia
866 2293 985 2357 evertit.
1029 2291 1105 2356 Cum
1128 2291 1211 2356 euim

143 2396 203 2460 hoc
225 2398 316 2478 poeta
340 2393 433 2474 dicet,
458 2397 611 2462 artificum
634 2416 726 2478 opera
747 2416 816 2462 cum
839 2401 998 2480 poetarum
1020 2415 1210 2478 comparans

141 2517 299 2567 marmora
332 2502 413 2579 notis
434 2502 564 2584 publicis
600 2503 699 2566 incisa
735 2522 794 2567 non
816 2504 925 2568 clarius
947 2503 1083 2566 indicare
1104 2502 1211 2566 laudes

145 2607 284 2672 Africani
317 2609 348 2670 et
384 2625 487 2671 rerum
516 2609 672 2692 gestarum
707 2609 886 2672 memoriam
922 2625 1092 2690 propagare
1119 2625 1212 2688 quam

148 2710 236 2776 Ennii
269 2731 387 2788 versus,
419 2712 493 2794 qnid
526 2713 691 2795 excogitari
723 2713 895 2795 perversius
928 2714 1038 2794 potest,
1061 2731 1152 2794 quam
1175 2713 1235 2774 ut·

145 2815 179 2880 in
213 2818 271 2882 hac
300 2818 532 2900 'comparatione
563 2837 632 2883 cum
660 2819 863 2883 marmoribus
892 2817 1115 2900 coniungantur
1135 2816 1209 2897 ipsae

146 2941 196 2987 res
215 2926 314 3008 gestae
349 2923 498 3004 Scipionis
529 2925 560 2988 et
592 2925 648 2988 hoc
671 2924 800 3001 dicatur,
834 2943 893 2988 non
916 2941 1070 2987 marmora
1093 2923 1125 2987 et
1146 2922 1211 2987 vic-

141 3029 242 3092 torias
275 3028 385 3093 melius
409 3028 516 3093 laudes
551 3029 686 3096 iudicare
715 3049 807 3114 quam
829 3030 974 3093 carmina.
1032 3028 1090 3091 His
1113 3027 1210 3112 tribus

142 3131 269 3198 invictis
293 3135 492 3218 argumentis,
515 3153 581 3218 quae
596 3155 632 3200 ex
655 3136 784 3201 diuersis
808 3135 944 3218 partibus
967 3135 999 3198 in
1023 3153 1118 3198 unum
1140 3153 1210 3198 eon-

143 3241 285 3315 ourrunt,
323 3241 361 3304 ab
388 3240 522 3315 historie,
549 3244 698 3320 ametro,
722 3261 741 3305 a
761 3241 913 3306 sententia
935 3241 1012 3318 orta,
1035 3239 1211 3322 adiungitur

144 3349 291 3426 quartum
313 3363 366 3426 per
390 3365 422 3410 se
444 3347 546 3411 miuus
569 3348 697 3419 certum,
719 3365 737 3410 a
759 3365 902 3410 versuum
924 3365 1050 3410 numero
1062 3345 1127 3425 (34)
1150 3363 1210 3410 non

143 3450 345 3515 conveniente
368 3469 435 3516 cum
464 3453 532 3529 loge
555 3471 573 3515 a
594 3450 750 3515 Meinelrio
771 3453 906 3516 inventa.
950 3453 1017 3514 lam
1040 3451 1209 3533 quirinum

144 3572 174 3619 v.
200 3555 239 3616 17
262 3555 383 3629 tollunt,
416 3577 514 3644 neque
547 3557 617 3621 huio
640 3556 814 3620 difficultati
843 3575 940 3639 neque
963 3555 1049 3639 gravi
1070 3556 1117 3620 illi
1140 3573 1211 3619 sen-

144 3661 251 3724 tentiae
277 3661 350 3725 vitio
373 3663 540 3728 medentur.
601 3664 709 3745 ltaque
741 3681 836 3744 nuper
858 3661 1049 3731 exstiterunt,
1074 3660 1125 3742 qui
1147 3661 1210 3724 tres

144 3783 254 3830 versus
278 3785 346 3830 cum
370 3768 487 3832 duobus
513 3767 648 3831 dimidiis
671 3774 701 3842 (a
733 3768 834 3832 verbis
856 3768 887 3830 in
910 3787 937 3831 v.
964 3767 1001 3828 15
1024 3765 1212 3828 conceleres

144 3871 232 3954 βαφαὶ
265 3874 303 3936 ad
333 3894 361 3936 v.
397 3875 434 3935 19
471 3873 605 3936 lucratus
636 3873 738 3954 rediit)
776 3874 930 3950 elicerent,
959 3873 1070 3954 praeier
1104 3872 1211 3935 Peerl-

146 3977 295 4062 kampum
340 3979 502 4044 clarissimi
544 3980 693 4057 hominen,
736 3979 972 4056 Lucumonem,
1027 3977 1212 4053 Meinekius,
