2938 4630
673 253 917 346 mmmr

671 474 905 540 rYNDARUs.

344 576 426 642 Nam
448 580 537 660 pater
559 581 700 661 expectat
722 581 775 645 aut
796 599 846 646 me
868 583 922 646 ant
944 579 1077 661 aliquem
1098 577 1251 656 nuntium,

343 683 394 764 qui
420 682 491 748 hinc
513 683 550 748 ad
573 703 606 749 se
630 684 743 750 ueniat.
767 685 847 768 Ergo
861 684 1000 750 animum
1013 683 1269 757 aduortaauolo„
1288 729 1324 750 ..

362 787 421 852 Illa
442 789 523 852 enim
546 811 618 851 acm
635 794 849 872 potcrmeus)
873 792 931 854 cet.
953 789 1124 855 necessario
1147 789 1327 873 edyndari,

265 892 323 958 hcc
345 893 402 970 est,
437 893 503 958 ficti
523 893 718 973 Philocratis,
749 913 880 977 persona
902 895 1054 972 dicuntur,
1089 913 1109 959 a
1129 894 1327 968 Philocratis,

262 997 314 1079 qui
336 998 513 1081 Tyndarum
534 1019 568 1065 se
588 999 688 1083 fingit,
709 1000 898 1066 alienissima
920 1002 1001 1066 sunt

360 1103 426 1168 Ibd·
449 1103 510 1166 399
531 1124 597 1186 sqq·
622 1105 677 1182 (ΙΙ,
706 1104 736 1179 3,
757 1105 797 1166 41
821 1113 911 1189 sqq).
970 1102 1125 1184 Quaerenti
1146 1102 1327 1180 Philocrati,

260 1208 312 1290 qui
332 1227 386 1290 pro
401 1209 542 1293 Tyndaro
563 1228 650 1274 servo
672 1209 809 1274 abiturus
832 1210 959 1275 domum
981 1211 1039 1286 est,
1060 1205 1210 1290 numquid
1220 1206 1327 1271 Philo-
1361 1219 1366 1223 ’

261 1314 370 1390 crates,
392 1314 478 1381 cuius
507 1334 671 1397 personam
692 1315 852 1399 Tyndarus
874 1317 949 1398 agit,
980 1313 1061 1396 patri
1083 1312 1217 1377 nuntiari
1248 1312 1324 1378 uelit

262 1417 443 1504 (Numquid
463 1420 551 1484 aliud
569 1421 617 1483 uis
633 1421 721 1504 patri
742 1416 937 1499 Nauticrit),
962 1420 1012 1484 hic
1036 1418 1213 1500 respondet:

387 1524 439 1590 Me
460 1527 510 1590 hic
530 1526 643 1604 ualere,
665 1526 697 1590 et
718 1527 785 1590 tute
808 1527 953 1591 audacior
975 1525 1080 1598 dicito,

305 1630 457 1714 Tyndaro,
477 1632 560 1696 inter
581 1650 635 1696 nos
656 1630 750 1697 luisse
771 1632 894 1716 ingenio
916 1631 999 1696 haud
1020 1626 1225 1704 discordabili,
1325 1653 1331 1663 ·

303 1753 400 1818 neque
422 1738 453 1801 te
476 1737 695 1801 commeruisse
717 1738 840 1819 culpam
863 1755 960 1818 neque
980 1755 1030 1801 me
1047 1734 1245 1801 'aduorsatum
1255 1732 1326 1810 tibi,

301 1840 436 1925 beneque
458 1861 509 1906 ero
531 1843 663 1926 gessisse
685 1861 803 1908 morem
824 1842 856 1905 in
878 1841 974 1905 tantis
997 1839 1142 1904 aerumnis
1164 1839 1281 1915 tamen,

302 1964 400 2030 neque
422 1946 494 2010 med
515 1965 661 2029 umquam
681 1948 850 2012 deseruisse
872 1952 901 2010 te
923 1965 1021 2027 neque
1043 1945 1131 2010 factis
1153 1942 1326 2026 nequefide
1360 1958 1371 1967 “

302 2053 393 2118 rebus
414 2051 447 2116 in
469 2051 579 2124 dubiis,
603 2052 716 2132 egenis.

361 2157 435 2236 Quae
470 2156 503 2220 in
545 2157 652 2238 primis
690 2157 790 2221 verbis
827 2156 993 2230 offendunt,
1030 2154 1202 2221 excusanda
1237 2154 1325 2237 puto.

261 2263 411 2328 Subiectis
434 2263 516 2326 enim
538 2263 566 2326 ei
587 2262 696 2335 verbo,
732 2261 813 2345 quod
836 2262 959 2326 auditur
981 2260 1135 2342 (annotari
1153 2245 1249 2342 uolo),
1273 2257 1326 2337 iis,

261 2387 328 2450 quae
351 2386 544 2433 communem
567 2368 675 2432 salutis
709 2367 871 2445 mittendae¹
893 2366 1026 2430 formem
1050 2365 1166 2430 habent
1189 2367 1251 2444 (mc
1274 2363 1325 2426 tic
1447 2392 1450 2398 ·

262 2472 389 2547 colere),
412 2472 613 2538 tolerabiliter
633 2491 688 2556 per
724 2481 750 2534 et
772 2472 948 2555 adiungitur
969 2471 1169 2554 imperativus
1202 2475 1240 2548 (er
1265 2480 1327 2532 cate

262 2579 409 2640 audacter
430 2578 541 2656 dicito),
566 2579 597 2642 et
615 2576 874 2660 quemadmodum
891 2575 1011 2640 dicatur
1032 2576 1109 2636 iuter
1129 2596 1159 2637 ec
1179 2574 1323 2652 solutore,

263 2683 377 2748 omisso
399 2682 494 2748 altero
527 2682 637 2747 obiecti
659 2682 841 2756 accusativo,
877 2682 984 2748 ecdem
1017 2679 1108 2745 modo
1140 2679 1213 2744 ferri
1233 2697 1326 2760 posse

261 2789 412 2853 omissum
434 2788 465 2852 in
487 2787 581 2854 simili
596 2787 740 2851 orationis
755 2787 852 2850 forma
874 2787 1045 2851 subiectum
1077 2792 1143 2862 (uos
1170 2785 1248 2846 incer
1267 2806 1326 2847 nos

198 2976 201 2983 .
255 2893 701 2979 ficissetrectelindemannus
714 2895 879 2958 annotasse
890 2889 1021 2956 videtur.
1039 2889 1099 2954 Sed
1111 2889 1324 2973 quaesequitur

261 3001 360 3066 laudis
382 2999 463 3064 inter
486 2999 649 3080 utrumque
682 2997 867 3070 distributio,
902 3015 938 3060 ea
970 3013 1029 3059 non
1064 2997 1165 3060 solum
1178 2996 1268 3060 ¹male
1289 2995 1323 3060 in

263 3104 341 3170 duas
362 3106 466 3186 partes
490 3103 661 3178 divellitur,
685 3103 739 3167 sed
760 3121 885 3184 prorsus
906 3103 1102 3183 perturbatur
1123 3100 1267 3164 subiectis
1289 3100 1321 3164 in

262 3209 366 3290 primo
388 3227 478 3274 versu
489 3211 559 3290 post
569 3229 663 3291 oeque
676 3217 702 3269 te
722 3208 784 3274 illis
805 3227 900 3292 raeque
920 3227 967 3270 me
989 3207 1056 3268 ado.
1081 3205 1143 3283 eti,
1164 3206 1234 3286 post
1255 3223 1325 3287 quae

265 3314 309 3380 sic
340 3315 458 3378 reditur
486 3329 518 3377 v.‘
548 3312 610 3374 402
633 3313 773 3396 (terreque
808 3333 858 3375 ero
888 3314 1012 3395 persicae
1032 3315 1158 3389 rnorem)
1181 3310 1220 3373 ad
1241 3311 1324 3377 servi

262 3437 433 3500 personam,
459 3419 494 3481 nt
515 3417 713 3482 vitiosissime
747 3417 828 3482 desit
849 3419 1036 3493 subiectum
1071 3416 1216 3482 sermonis
1238 3416 1320 3479 enim

262 3523 330 3608 lege
353 3523 525 3588 necessario
549 3525 672 3604 pessime
692 3523 823 3587 refertur
844 3524 883 3588 ad
904 3543 960 3597 me,
983 3522 1063 3605 quod
1085 3521 1239 3586 sententia
1259 3537 1322 3585 non

261 3629 387 3711 patitur.
444 3627 598 3692 Nimirum
631 3627 690 3693 duc
712 3629 803 3710 primi
835 3647 940 3694 versus
969 3627 1028 3692 tcti
1050 3626 1090 3691 ad
1111 3625 1192 3690 servi
1210 3624 1322 3690 laudes

261 3733 433 3814 pertinent:

308 3836 415 3918 Neque
437 3839 469 3903 te
481 3837 699 3902 commeruisse
711 3838 831 3920 culpam
854 3856 951 3920 neque
976 3846 1002 3898 tc
1023 3837 1221 3901 aduersatum
1244 3835 1324 3898 mitt

308 3942 445 4024 beneque
468 3959 517 4007 ero
541 3943 673 4027 gessisse
694 3961 811 4006 morem
832 3943 864 4005 in
886 3941 979 4006 tantis
1001 3942 1144 4006 aerumnis
1166 3943 1281 4019 tamen,

263 4046 371 4128 quibus
394 4067 430 4111 ex
451 4048 548 4113 altera
568 4047 635 4112 heri
655 4048 742 4129 parte
764 4046 930 4126 respondet
951 4047 1023 4110 hoc:

306 4150 412 4234 Neque
433 4152 505 4216 mod
526 4168 672 4234 umquam
695 4151 928 4224 deseruissem,
951 4200 958 4213 .
982 4198 990 4214 .
1013 4197 1021 4216 .
