2918 4652
305 265 367 330 m
665 267 927 339 mmmm

261 483 405 550 genere
439 471 508 548 (pru
541 473 703 552 genere)
732 467 974 553 leguminum
1009 469 1218 534 coeterum.
1271 467 1325 532 Au

255 555 480 638 'convivium
586 590 676 638 reru
697 574 867 640 vesuvit
916 573 1038 640 (iuuere
1058 572 1114 638 illu
1134 573 1324 657 leguminum

264 678 300 742 ut
320 676 394 742 lusce
415 676 577 760 perfrictue
598 678 701 744 uultus
722 681 799 746 erut.
845 679 921 760 Qun
940 699 962 746 u
983 678 1134 744 Sulmssic
1155 679 1325 763 sinopses

260 781 401 859 eduntur,
438 785 471 848 el
492 785 646 850 sententie
667 788 700 850 et
723 785 964 868 emtieuepruvu
985 785 1058 852 suut
1078 793 1202 860 (sumre
1221 805 1327 869 perere

263 885 450 971 lepnminwm
471 889 515 952 ad
536 890 726 970 concinium).

363 994 492 1078 Septim.
527 995 595 1060 Seu.
632 997 663 1059 l:
706 997 889 1074 Seuerus,
1022 996 1085 1062 cui
1124 999 1329 1080 ...puter

260 1099 379 1175 Geta,
401 1101 570 1168 maiores
592 1103 750 1186 equites
772 1104 1329 1181 Bumuui...,mster1luluiu

262 1205 346 1280 Pia,
381 1208 515 1290 putrui
547 1225 684 1291 muguu
712 1228 777 1291 per
810 1213 850 1276 et
882 1211 1045 1278 Severus
1079 1211 1328 1284 consuleres.

261 1331 353 1378 evus
391 1317 592 1380 maternus
615 1313 756 1390 Macer,
796 1319 992 1399 pete-nnus
1024 1316 1190 1382 Fuluius
1234 1317 1328 1382 Pius

260 1417 376 1484 luere.
438 1419 650 1486 Bercliuenses
694 1421 827 1490 editores
870 1423 975 1488 mendi
1017 1426 1122 1488 noim
1156 1421 1326 1504 apponunt
1426 1469 1427 1482 ,

262 1524 355 1592 Peter
376 1526 513 1608 putrui
535 1527 690 1592 Murcus
711 1527 824 1610 sper,
846 1529 929 1594 mule
949 1529 1050 1611 positu
1070 1528 1181 1612 inune
1203 1526 1329 1592 homine
1426 1559 1427 1577 κ

261 1632 455 1714 praenomine.
524 1631 593 1696 Une
635 1633 733 1700 vesuli
775 1636 891 1702 amisus
932 1653 1022 1702 ruem
1060 1633 1200 1700 conflue
1239 1631 1329 1697 sunt:
1426 1627 1427 1642 ¹

261 1738 395 1820 putrui
427 1739 561 1821 mapni
591 1739 694 1822 Aper
726 1742 766 1805 et
798 1741 977 1808 Severus.
1032 1740 1093 1820 Qui
1124 1739 1187 1807 sint
1225 1737 1329 1822 putrui
1426 1787 1427 1840 }

261 1844 375 1928 magni,
398 1843 561 1908 dicendum
584 1863 645 1908 uun
668 1847 751 1928 putu.

362 1949 428 2014 lbd.
461 1948 497 2014 6:
541 1949 680 2015 Eodem
724 1957 902 2035 tempore
945 1954 1064 2019 etiam
1107 1951 1152 2016 de
1192 1950 1328 2016 cronio

262 2055 404 2120 Albino
438 2055 513 2120 eibi
536 2057 816 2124 substituendo
838 2058 1050 2144 cogitavit,
1079 2058 1142 2122 cui
1164 2057 1331 2123 ussari-

260 2179 370 2226 euum
405 2159 608 2227 decretum
650 2167 717 2230 eut
754 2164 1072 2232 Commodianum
1112 2161 1332 2228 videbatur

260 2266 474 2350 imperium.
529 2266 606 2346 Qun
638 2289 686 2334 res
718 2271 923 2355 significetur,
967 2287 1003 2336 ex
1037 2269 1192 2336 mendosis
1225 2271 1330 2336 uerbis

261 2373 367 2441 umen
389 2373 451 2442 sere
474 2373 610 2458 pellucet
636 2377 669 2440 et
688 2376 873 2460 intelligItur
894 2395 911 2440 e
933 2375 1019 2442 Clusi.
1052 2375 1125 2442 Alb.
1160 2387 1189 2440 c.
1210 2375 1232 2440 3
1256 2378 1290 2442 et
1311 2377 1331 2438 6

260 2477 364 2544 et13.
420 2479 620 2556 Scribonium
656 2481 777 2550 uidetur
808 2483 933 2565 propius
963 2481 1004 2548 ad
1026 2481 1156 2565 vestigiu
1177 2481 1330 2558 ecdicum,

260 2602 353 2668 quem
375 2585 596 2654 Mommseuiue
628 2588 770 2670 scripsit:
808 2588 868 2652 cui
900 2587 1162 2654 Gaesurisuum
1196 2588 1330 2654 ‹lecre-

262 2693 340 2757 tum
363 2702 455 2775 aput
480 2691 720 2758 Commodum
741 2694 862 2772 (iuml)
885 2693 1092 2760 videbatur
1112 2694 1329 2777 imperium.

262 2795 469 2864 Oaesurisuum
498 2799 662 2880 imperium
684 2818 738 2882 pro
759 2799 824 2864 lucu
845 2816 882 2864 uc
904 2797 1053 2882 dignitate
1076 2798 1206 2866 Gesseris
1230 2801 1328 2866 etism

261 2904 293 2968 iu
317 2903 379 2970 ritu
401 2903 472 2970 Curi
495 2923 522 2968 c.
547 2904 565 2964 7
586 2905 706 2970 dicitur.

361 3009 426 3074 lbd.
454 3011 509 3074 17:
547 3029 627 3076 cum
657 3011 810 3094 quidem
847 3030 891 3077 ex
923 3009 1103 3076 hostibus
1133 3009 1260 3074 eidem
1290 3029 1329 3076 ee

262 3115 500 3198 suppliciter
550 3117 851 3198 obtulissetque
894 3117 1067 3182 dixisset
1115 3115 1184 3180 ille
1228 3115 1331 3200 quud

262 3221 440 3286 fecturus
485 3228 560 3297 eet,
596 3227 666 3288 noir
703 3225 766 3288 est
798 3222 976 3288 mellitus
1014 3224 1094 3287 tum
1139 3221 1330 3305 prudente

262 3327 369 3394 dicto
391 3328 576 3394 interfici
599 3349 684 3396 eum
706 3329 834 3394 iussit.
873 3332 902 3392 Δ
923 3327 1092 3412 corrigendi
1114 3327 1331 3409 prebubilitste

262 3434 415 3506 aberrent,
449 3437 499 3518 qui
533 3453 604 3518 que
624 3437 836 3517 trenepuuunt.
894 3433 1097 3500 Scribeudum
1119 3431 1258 3498 uideturt
1290 3451 1329 3498 se

263 3541 499 3624 suppliciter
548 3541 781 3618 obtulisset,
825 3559 906 3624 que
949 3540 1118 3606 dixisset
1161 3537 1329 3618 (Severus),

264 3645 375 3708 illico
417 3647 618 3722 fecturus,
673 3667 745 3712 nun
792 3650 852 3712 est
897 3647 1080 3716 mollitus
1122 3646 1197 3710 turn
1244 3663 1330 3726 pru·

263 3751 378 3818 deute
422 3753 523 3820 dictu
569 3757 605 3819 et
643 3755 714 3830 (huc
749 3753 868 3820 eddidit
888 3754 993 3830 Peter)
1028 3751 1213 3822 interfici
1248 3769 1327 3814 enm

263 3859 386 3925 iussit
429 3863 512 3930 taut:
562 3877 630 3926 nou
679 3858 859 3926 mollitus
902 3863 925 3922 t.
973 3877 1001 3940 p.
1046 3856 1160 3922 dicto
1204 3856 1327 3922 inter-

264 3965 458 4036 ficiet).
973 3971 976 3978 '
