2978 4644
263 240 351 304 ,Μ
648 239 911 312 mmmm

251 440 480 524 thyramberum
516 440 621 522 peetus
657 439 690 504 et
715 437 792 506 elius
821 439 946 506 munem
975 439 1137 506 uerborum
1168 441 1313 528 magnum.

158 553 161 558 ’
248 545 382 612 eeuu'um
405 545 536 610 seetetos
559 543 722 629 signifieat.

346 649 414 716 ibd.
432 649 491 714 80:
507 649 550 714 in
565 648 711 716 alienis
734 650 801 714 eut
820 649 1058 716 translatum
1081 653 1144 716 eut
1165 649 1312 716 fantum

248 755 409 823 aliunde
429 759 472 822 ut
493 758 622 820 mutue
645 754 714 820 eut
736 753 885 820 fantum
908 755 954 820 ab
975 755 1058 839 ipse
1078 757 1145 822 eut
1173 772 1313 822 nouum

249 867 315 928 sut
334 861 505 944 priseum
542 862 580 926 et
613 858 864 928 inusitatum.
906 859 1009 926 Verba
1030 871 1084 924 aut
1102 861 1227 946 fastum
1247 858 1312 942 pri·

249 985 302 1034 ore
322 967 387 1033 loeo
411 966 611 1032 manifestum
633 966 682 1030 est
709 983 810 1030 errore
830 967 985 1048 praeeeptn
1006 984 1043 1030 ex
1063 966 1199 1049 proximo
1221 981 1312 1032 versu

250 1091 334 1151 esse;
356 1072 417 1138 tria
432 1072 514 1141 enim
526 1070 770 1137 suntverbnrum
780 1089 903 1155 genere,
920 1069 1101 1136 deletorum
1123 1069 1246 1138 aliunde
1257 1068 1312 1134 ent

248 1177 398 1244 deuterum
419 1178 459 1244 eb
478 1178 545 1262 ipso
568 1177 623 1242 aut
637 1175 807 1260 priscorum
820 1176 897 1256 (eiu,
918 1175 1032 1261 siepus
1048 1178 1105 1258 est,
1127 1175 1227 1258 ξ81εΙ
1245 1191 1312 1242 nee

246 1282 288 1348 in
311 1281 512 1349 faciendis
533 1282 671 1350 verbis
693 1281 772 1347 erit
802 1282 926 1348 eudes
950 1284 987 1348 et
1006 1283 1045 1348 in
1065 1281 1311 1349 transferen-

247 1385 313 1452 dis
328 1387 575 1454 verecundus
590 1389 628 1454 et
643 1386 1010 1472 parensinpriseis‚
1031 1387 1085 1452 ubi
1099 1387 1223 1454 tentum
1237 1382 1309 1450 orde

249 1491 455 1573 immutetur).
490 1491 601 1578 Itaque
623 1492 718 1559 etism
738 1509 794 1575 pre
817 1501 871 1555 ant
890 1513 1002 1556 novum
1024 1494 1109 1559 reete
1131 1489 1311 1559 Sehuetuius

134 1643 136 1648 -
247 1606 280 1664 et
303 1621 414 1664 noenu
436 1599 498 1680 (vei
520 1599 634 1683 petius,
655 1601 690 1666 ut
711 1617 767 1686 ego
795 1600 1021 1678 annotaveram,
1044 1621 1087 1662 ae
1110 1601 1199 1676 noe).

250 1760 252 1772 ,
346 1704 414 1770 ibd.
438 1705 519 1772 144:
550 1704 616 1771 sed
635 1705 671 1771 si
692 1704 902 1784 menende,
933 1701 965 1768 si
987 1703 1245 1778 cohortando,
1277 1700 1311 1768 si

244 1807 1311 1894 percontantemcommunicandmsiinterdumetiem

246 1916 518 2002 uuelegeude,
540 1914 740 1982 audiendo
767 1915 1005 2000 [neseioeur‚
1028 1935 1109 1982 eum
1135 1910 1310 1981 dedendo

246 2021 544 2108 etinszl-iquid
566 2019 775 2104 aliquando
797 2022 930 2106 pessis
952 2021 1136 2088 meliores
1158 2021 1309 2096 faeere,

247 2146 313 2193 nur
334 2128 475 2194 nolisi.
497 2128 572 2206 Ques
597 2125 708 2192 inelusi
729 2127 818 2194 undis
839 2128 944 2208 verbs,
968 2127 1106 2194 tollenda
1127 2127 1208 2201 sunt
1233 2126 1309 2206 erte,

243 2236 280 2296 nt
301 2233 363 2299 niis
382 2231 414 2300 in
440 2233 498 2299 hoc
521 2232 601 2301 libre
628 2232 725 2312 (velut
746 2231 787 2296 93
809 2235 841 2300 et
861 2233 962 2313 alibi),
984 2252 1020 2299 ex
1041 2231 1195 2315 adscripta
1216 2249 1309 2298 enue-

241 2337 371 2404 tntione.
428 2337 510 2404 Nem
535 2339 567 2404 et
592 2338 722 2405 neseio
750 2357 819 2404 eur
850 2337 1065 2424 intelpositum
1092 2341 1183 2423 plene
1203 2337 1310 2404 tuubst

240 2443 391 2508 erationis
412 2444 542 2510 formem
566 2445 614 2523 (si
635 2479 675 2494 -
698 2444 841 2528 pessis,
865 2444 1098 2529 cummisi),
1122 2444 1154 2510 et
1182 2441 1309 2510 dedendi

104 2563 122 2639 f
238 2548 414 2616 eommunis
443 2550 525 2616 netis
555 2567 698 2634 perverse
723 2550 782 2616 hee
803 2550 870 2614 loeo
894 2549 1113 2632 interponitur,
1150 2549 1203 2614 nbi
1233 2567 1310 2616 enu-

236 2655 399 2720 merentur
418 2655 524 2722 inrmae
546 2654 674 2721 docendi
694 2673 714 2720 e
733 2653 801 2719 ludi
820 2653 1021 2722 similitudine
1043 2656 1160 2722 aiienae.
1301 2717 1304 2726 ,

341 2759 408 2826 Ibd.
426 2761 507 2827 147:
530 2781 588 2828 me
609 2749 738 2827 eutem
761 2761 841 2828 sive
863 2760 1217 2847 pervagatissimus
1238 2761 1308 2828 ilie

238 2873 390 2945 versus,
416 2868 479 2951 qui
508 2869 622 2934 vetat
647 2868 767 2934 artem
795 2866 938 2952 pudere
958 2869 1163 2953 proloqui,
1198 2887 1308 2952 quem

148 3001 149 3004 π
238 2967 417 3051 sentitus,
450 2973 808 3040 dissimularemus
838 2974 953 3054 sinit,
992 2973 1081 3058 quin
1114 2973 1308 3052 delecter,

240 3073 323 3141 sive
344 3075 449 3144 tuum
472 3078 647 3166 studium
668 3079 739 3146 hee
759 3097 778 3146 u
797 3080 1064 3148 medelumen
1095 3080 1307 3165 expressit,

239 3180 367 3250 temen
389 3229 396 3246 .
421 3235 428 3250 .
452 3232 459 3249 .
482 3184 791 3268 respondendum
812 3187 899 3253 fuit.
940 3186 1029 3254 Nihil
1050 3187 1197 3254 ssueest
1218 3187 1307 3262 diesi-
1421 3208 1423 3210 ·

240 3285 365 3356 medere,
382 3289 466 3374 quin,
494 3292 689 3358 neenudnm
712 3291 837 3356 &teter
857 3293 929 3360 ferri
950 3293 1069 3376 potest;
1109 3293 1165 3360 sed
1189 3295 1307 3362 temere

240 3389 300 3458 due
321 3393 416 3460 verbe
435 3395 594 3477 tolluntur,
617 3417 687 3464 eum
701 3398 882 3484 praesentim,
898 3399 972 3483 quid
991 3399 1187 3475 dissimdnrs
1202 3382 1306 3469 (iissre

239 3511 299 3562 non
325 3500 439 3580 possit,
475 3503 648 3570 necessario
679 3503 847 3590 significari
882 3505 1003 3572 debent.
1047 3504 1230 3572 Emendatio
1258 3505 1306 3572 fn·

241 3603 356 3670 eiliims
377 3607 439 3672 est:
476 3607 730 3677 dissimulare
762 3630 834 3676 non
861 3611 975 3690 sinit,
1013 3613 1081 3698 qui
1107 3611 1304 3691 delentur,

240 3708 299 3776 hee
321 3714 378 3791 est,
400 3731 484 3796 quo,
509 3715 635 3800 antique
655 3716 763 3782 forma.

339 3817 407 3884 Ibd.
432 3819 510 3886 160:-
531 3822 738 3889 ebsundum
762 3826 848 3907 erat
869 3827 934 3890 aut
954 3826 1106 3892 tentum
1126 3825 1304 3891 barbaris

196 3999 198 4003 ¹
242 3922 402 3992 ensibus
439 3926 612 3996 Groenem
649 3930 831 3997 litteram
875 3931 1059 3999 adhibere
1094 3933 1160 3998 eut
1196 3931 1303 3998 recto
