2918 4636
618 279 722 334 Seneca.
1101 280 1160 344 113

241 479 307 545 lbd.
326 475 484 560 llddsqq.
508 477 669 559 (Hercules
682 479 800 562 quaerit,
823 479 891 561 quis
902 479 1014 546 liberos
1027 482 1201 566 occideritlz

291 587 357 650 lam
379 583 442 648 tela
464 583 550 647 video
572 588 689 660 nostra;
713 605 771 650 uon
794 605 895 668 quaero
916 605 1050 652 manum.

151 713 158 724 ⁸
293 691 367 770 Quis
389 689 490 772 potuit
511 709 615 754 arcum
637 691 760 756 flectere
782 696 835 758 aut
856 711 922 775 quae
944 694 1068 760 dextera

292 799 411 864 sinuare
433 813 542 860 nervos
564 797 595 859 ui
617 797 744 861 cedente
766 797 863 861 mihi?

140 905 190 969 Sic
217 903 310 968 codex
331 903 371 979 11,’
400 921 459 967 non
487 919 669 980 nervum,
700 904 736 966 ut
758 904 868 980 ceteri,
901 921 958 969 nee
987 906 1202 970 cedentem.

140 1010 201 1075 Ubi
222 1010 262 1073 ui
284 1008 440 1086 scribitur,
473 1027 577 1088 uersus
607 1010 660 1072 aut
693 1009 842 1092 syllabam
866 1009 990 1093 longam
1025 1013 1057 1075 et
1077 1013 1202 1076 brevem

140 1117 193 1181 aut
215 1118 279 1180 tres
302 1114 407 1180 breves
429 1115 564 1197 requirit.
621 1115 766 1180 Alienum
789 1115 837 1180 est
863 1116 1056 1192 recedere;
1100 1118 1203 1200 itaque

139 1221 311 1286 excluditur
326 1222 419 1286 ctiam
443 1223 516 1286 uix.
560 1221 674 1287 Iusta
697 1223 750 1285 aut
771 1221 896 1286 invita
918 1223 1052 1288 cedere
1075 1224 1204 1287 barbara

140 1331 222 1404 sunt,
244 1325 386 1410 quoniam
410 1327 582 1392 huiusmodi
605 1327 749 1392 adiectivi
763 1331 905 1392 neutrum
922 1328 1098 1394 huiusmodi
1113 1331 1203 1394 verbo

139 1455 192 1517 pro
215 1432 359 1499 adverbio
382 1432 506 1515 adiungi
527 1433 642 1515 nequit.
686 1432 829 1515 Relinqui
852 1432 984 1498 videtur:

291 1541 411 1604 sinuare
433 1556 544 1602 nervos
566 1539 641 1602 rite
664 1539 845 1602 cedentes
867 1539 954 1607 mihi.

241 1643 301 1709 Sed
322 1645 354 1707 in
375 1663 404 1706 v.
429 1642 510 1705 1203
539 1643 669 1710 fortasse
699 1644 910 1709 scribendum:
954 1665 1041 1710 num
1076 1665 1203 1730 quaero

139 1753 316 1815 manum?
360 1748 466 1831 (Oodd.
489 1749 614 1832 quidam
636 1751 965 1825 recentioresnuuo).
1019 1753 1204 1819 Etiamnunc

140 1859 222 1922 enim
246 1855 367 1921 dubitat
388 1857 535 1921 Hercules
558 1859 590 1921 et
611 1875 638 1921 v.
662 1854 786 1920 demum
810 1856 892 1920 1206
919 1860 1086 1942 genitorem
1108 1859 1205 1924 inter-

139 1966 227 2048 rogat
249 1965 280 2027 el
302 1962 354 2028 illo
375 1964 497 2028 tacente
520 1981 609 2028 suum
632 1981 698 2028 csse
720 1962 821 2027 scelus
843 1963 986 2028 affirmat.

240 2070 309 2135 Ibd.
335 2069 520 2152 11911111

292 2177 415 2258 lgnave,
438 2193 549 2256 cessas,
572 2175 659 2238 fortis
681 2175 712 2238 in
735 2191 842 2255 pueros
866 2175 956 2240 modo

291 2281 492 2364 pavidamque
515 2283 668 2345 matrem?
702 2283 797 2345 Arma
819 2283 879 2346 nisi
902 2281 1013 2346 dantur
1034 2280 1119 2357 mihi,

292 2389 347 2460 aut
367 2406 461 2452 omne
480 2387 569 2451 Pindi
592 2387 717 2452 Thracis
741 2388 877 2452 excidam
900 2407 1018 2463 nemus

293 2493 468 2576 Bacchique
489 2494 571 2558 lucos
595 2497 625 2558 et
649 2494 828 2558 Cithaeronis
851 2496 922 2577 iuga

292 2618 414 2665 mecum
436 2602 587 2677 cremabo,
609 2603 663 2664 aut
685 2602 749 2664 tota
770 2617 839 2662 curn
862 2598 1001 2663 domibus
1023 2601 1086 2663 suis

294 2705 485 2789 dominisque
507 2709 599 2780 tecta,
623 2725 693 2770 oum
716 2705 781 2768 deis
803 2706 919 2789 templa
941 2707 1081 2770 omnibus

293 2812 438 2877 Thebane
460 2832 551 2895 supra
573 2831 679 2895 corpus
702 2810 850 2891 excipiam
874 2829 986 2876 meum.

141 2917 257 3001 191111
279 2919 463 2992 vocativum,
498 2937 556 3002 quo
579 2937 611 2983 se
633 2917 780 2986 Hercules
804 2917 945 2999 appellat,
980 2918 1046 2982 sine
1068 2919 1204 2983 necessi-

142 3029 204 3114 tate
228 3025 399 3090 Gronovius
421 3026 452 3089 in
474 3025 586 3108 1111111
608 3023 749 3096 mutavit,
772 3025 806 3088 ut
829 3023 867 3086 ad
892 3023 1031 3088 dextram
1055 3023 1205 3101 (11288)

141 3133 316 3197 referretur.
374 3132 410 3195 In
432 3152 459 3196 v.
486 3131 566 3194 1294
589 3140 641 3192 111
662 3131 745 3194 recte
767 3129 895 3195 Bothius
918 3131 1036 3196 addidit
1073 3133 1119 3208 (et
1141 3131 1206 3195 eod.

6 3275 7 3278 =
141 3237 296 3314 Vratisl.).
354 3235 508 3298 Domitor
542 3238 617 3300 satis
650 3225 776 3318 apparet
808 3241 981 3322 oorruptum
1016 3257 1082 3302 esse
1120 3245 1207 3314 (tecta

143 3366 209 3404 eom
225 3343 365 3404 deroldus
380 3341 471 3424 soie);
495 3341 547 3406 sed
571 3361 637 3424 quee
660 3341 859 3416 substituunt,
883 3344 1003 3426 longius
1027 3345 1206 3421 discedunl3

142 3449 339 3513 scribendum
361 3447 425 3512 eine
448 3447 538 3512 dubio
562 3453 625 3512 est:

493 3555 547 3617 eut
568 3557 634 3618 tola
656 3571 725 3616 cum
749 3548 918 3615 horninibus
943 3553 1007 3618 suis

295 3661 483 3742 dominisque
505 3662 594 3723 teuta.

245 3765 325 3828 Huic
362 3768 450 3829 acute
487 3765 673 3831 contrarium
710 3763 846 3827 redditur
883 3785 951 3824 euru
987 3765 1049 3828 deis
1087 3766 1205 3850 templ.

144 3871 277 3934 Pindum
301 3869 448 3935 Thracem
472 3871 520 3936 vix
541 3872 613 3946 fero,
636 3871 700 3934 fero
714 3873 818 3935 tamen
841 3869 871 3932 in
894 3871 950 3934 hoc
972 3871 1056 3936 inani
1078 3873 1208 3954 strepitu

146 3975 238 4039 etiam
262 3977 430 4043 nominum.
495 3977 625 4062 (Othryn
656 3979 694 4040 in·
718 3976 880 4040 Thraciam
910 3977 1069 4041 transtulit
1091 3975 1207 4041 Statius

145 4081 241 4147 rnen.
268 4083 321 4158 ru,
346 4081 428 4160 ess.)

422 4223 431 4243 1
994 4194 1009 4237 8
