2978 4644
529 271 666 328 Gioerouir
684 271 833 330 Orationes.
1113 275 1177 338 ale

248 469 317 538 Ibo
339 467 396 534 bd:
439 469 495 536 Au
524 487 614 536 uero
649 470 688 534 iu
716 470 871 538 iudioie
907 471 1078 555 periouli
1106 471 1215 540 nibil

145 573 242 640 fuit:
274 574 529 659 priuilegium
560 575 766 658 pertimui,
797 595 859 654 ue,
891 576 989 642 mihi
1023 580 1218 660 prasenti

144 680 184 744 si
212 679 338 746 multa
368 679 628 764 irrogaretur,
660 698 771 747 nemo
802 681 1092 748 intercederet?
1145 682 1216 749 Nou

148 784 298 868 agebatm
319 785 357 852 do
378 786 488 863 multa,
510 787 565 852 sed
586 785 624 852 de
646 788 748 869 eapite
768 789 810 868 et,
839 790 876 852 ut
895 787 1002 870 pauois
1023 789 1124 855 verbis
1145 791 1219 871 post

145 887 255 958 cicero
279 890 362 968 dioit
385 890 614 975 proscriptione.
669 892 796 958 subeor
822 911 894 958 oum
920 893 966 958 sio
988 893 1215 979 Cicero-serip-

144 993 255 1062 risseio
277 996 541 1081 privilegium,
562 997 759 1081 pertimui,
781 1017 837 1073 ue,
861 998 956 1063 mihi
976 999 1158 1081 praereuti
1182 1000 1216 1066 si

145 1098 401 1184 irrogaretur,
442 1121 550 1168 nomo
591 1103 870 1181 iuteroedoret,
910 1102 1053 1170 librarius
1093 1106 1214 1187 priri-

144 1203 306 1288 legiam‚
332 1208 413 1292 quod
433 1209 622 1276 nominativo
645 1227 720 1275 ease
741 1209 877 1291 positum
899 1226 966 1274 esse
990 1227 1050 1274 nou
1072 1210 1214 1275 adimad-

144 1310 254 1388 vertit,
271 1329 345 1378 oum
376 1313 559 1396 pertimui
580 1315 747 1392 eouiuuxit,
782 1314 901 1392 deinde,
933 1333 973 1378 ue
994 1313 1118 1381 deesset
1138 1315 1214 1381 sub-

144 1414 263 1484 ieotum
296 1419 391 1494 uerbi,
426 1419 507 1502 quod
540 1422 590 1486 est
628 1421 883 1504 irrogaretur,
924 1419 1043 1486 addidit
1080 1421 1212 1486 multo.

147 1519 295 1588 Getarum
316 1523 434 1592 duobus
456 1525 496 1592 ad
517 1525 719 1592 refellendum
741 1525 914 1609 propositis,
941 1526 1040 1608 priore
1062 1526 1216 1602 absoluto,

144 1626 178 1690 in
216 1629 315 1698 altero
352 1631 544 1715 adiungendo
580 1651 641 1699 nou
673 1631 753 1698 solet
788 1651 833 1697 au
868 1647 956 1698 vero
994 1632 1217 1716 interrogative·

145 1734 229 1814 poui,
268 1735 323 1801 sed
355 1755 427 1802 oum
458 1738 554 1806 ironia
588 1738 633 1804 eie
666 1737 742 1804 diei:
785 1737 836 1798 Ar
866 1753 953 1802 vero
987 1735 1028 1802 iu
1063 1736 1213 1804 iudieio

144 1839 316 1920 perieuli
351 1842 450 1908 nihil
484 1844 583 1908 erat:
623 1842 890 1927 privilegium,
930 1842 1132 1926 pertimui,
1158 1862 1216 1918 ue,

145 1945 241 2012 mibi
261 1949 442 2030 prasenti
463 1950 496 2015 ei
516 1949 772 2034 irrogaretur,
796 1949 856 2014 eet.

218 2092 221 2103 ·
246 2052 314 2120 Ito
336 2053 394 2120 602
436 2055 511 2121 Sed
532 2054 622 2140 quid
654 2074 721 2139 ego
743 2055 913 2121 vestram
935 2051 1216 2120 crudelitatem

144 2175 335 2242 expromo,
356 2180 472 2244 ,quam
494 2161 678 2244 idipsum
699 2180 756 2226 me
778 2179 820 2226 eo
848 2179 948 2226 meos
965 2157 1212 2234 adhibuistis,

147 2265 210 2345 qui
232 2265 290 2332 oet.
313 2265 439 2336 Poterat
450 2267 555 2334 Gioero
574 2286 630 2352 pro
652 2266 900 2333 adhibuistis
922 2265 1023 2330 dicere
1045 2283 1217 2349 exprom-

146 2369 274 2446 sistiu;
306 2371 361 2438 illo
393 2373 490 2439 altero
522 2375 590 2441 loeo
616 2373 786 2452 hue.verbo
819 2372 866 2438 uti
898 2389 957 2436 nou
989 2372 1098 2453 potuit,
1133 2369 1213 2454 qued

146 2494 304 2560 uunquam
320 2477 571 2561 simpboioerpro
589 2497 640 2553 eo,
664 2479 745 2562 quod
766 2481 813 2544 est
833 2495 1092 2552 oommemoro,
1113 2475 1212 2558 pouit.

15 2633 21 2650 .
149 2571 410 2651 Soribeudumeet
426 2583 629 2667 reprobor.
652 2579 1218 2668 [Horumoeoioquoquevisumesu].

229 2687 314 2755 ,lod
336 2689 391 2750 62:
423 2708 525 2754 eram
553 2691 668 2757 etiam
700 2692 763 2756 tuo
798 2687 943 2753 iudioie
973 2685 1070 2750 oivie
1105 2686 1213 2752 troo·

146 2792 276 2869 lumie‚
305 2813 386 2860 eum
407 2795 598 2862 demusin
620 2792 794 2872 Palatio,
816 2793 914 2862 uilla
934 2791 972 2858 in
994 2791 1219 2856 Tusoulauo·

146 2900 274 2966 altera
303 2899 349 2966 ad
378 2900 541 2969 alterum
563 2901 762 2968 oonsulem
786 2898 1119 2976 transferebatun
1150 2915 1213 2967 ser

147 3007 277 3076 uatum
295 3006 477 3076 eonsules
500 3009 703 3083 vooabautr
725 3006 911 3074 column-ae
932 3021 1148 3072 marmorea
1170 3023 1214 3070 su

146 3111 292 3180 aedibus
315 3101 692 3195 meis-'i'uspeetaute
723 3112 860 3195 populo
887 3111 1054 3178 Romano
1080 3109 1221 3176 euroe-

147 3235 255 3285 eruru·
294 3217 466 3284 consulis
502 3219 777 3300 porretanum
818 3218 856 3281 iu
892 3216 1050 3282 feudum
1081 3215 1217 3280 autem·

146 3324 268 3392 vioiui
305 3323 599 3396 oonsulisuon
644 3368 683 3388 ..
729 3307 953 3390 ornamenta
994 3321 1113 3399 villa,
1149 3318 1215 3387 eod

146 3429 265 3497 etiam
293 3430 450 3498 arbores
485 3428 834 3496 transferebantur.
885 3427 1027 3494 Ridioule
1051 3427 1084 3491 iu
1111 3425 1222 3492 media

146 3534 356 3617 descriptione
386 3535 538 3600 bouorum
562 3533 717 3602 Gieerouis
749 3534 790 3600 ad
820 3532 959 3600 eonsules
992 3533 1220 3610 translatorum,

147 3640 465 3723 illudiuterpouitur:
484 3643 664 3709 senatum
686 3641 867 3706 eoueules
889 3639 1094 3716 uouebant,
1119 3656 1220 3721 pror·

147 3765 226 3826 eus„
244 3746 371 3814 etiamsi
401 3747 462 3812 ulie
492 3747 560 3814 loeo
581 3747 753 3830 poneretur,
787 3746 831 3811 rei
852 3747 885 3810 et
906 3743 1068 3810 sententiae
1092 3743 1214 3808 eontra-

148 3845 1217 3936 riumrqmeiipripredoueeseueoumedremreoamprouioenoem

143 3958 265 4024 hortati
285 3958 358 4024 sint.
392 3960 563 4050 Aptissime
575 3959 682 4025 eontra
691 3958 782 4041 poulo
794 3959 866 4040 post
886 3954 1083 4039 demriptioni
1104 3969 1214 4034 super«

147 4065 282 4142 additur,
305 4065 437 4148 quidilli
449 4065 568 4131 interea
579 4063 725 4130 feceriut:
748 4063 922 4128 eonsules
945 4057 1213 4144 epulabantur.
