2956 4648
532 279 561 334 L.
581 280 686 335 Seneca
703 281 837 352 Epistola.
1114 279 1176 344 485

158 479 287 543 vietor
307 477 459 542 rediret
479 478 515 542 in
537 477 704 560 patriam
735 478 772 541 ot
793 482 1042 560 componeret
1062 485 1219 562 pacem?

156 583 216 648 Sor.
240 588 316 645 erit
338 584 584 657 (aestimabiturm
614 583 746 665 alioquin
768 585 829 648 est
850 584 1043 650 scriberetur.
1064 584 1134 650 Mor
1156 584 1177 670 ξ
1198 587 1218 648 9

155 691 238 752 recte
261 687 399 754 Muretus
421 689 526 753 omisit
557 688 626 754 sed
659 690 731 752 ante
764 687 825 752 Cn.
856 688 1083 770 Pompeius,
1115 692 1217 756 ortum

155 810 190 857 er
213 796 288 870 est;
325 793 538 871 confirmatur,
571 794 652 876 quod
683 793 815 857 breviter
848 796 879 858 et
911 793 1051 870 universe
1081 797 1218 878 positum

155 901 230 962 eret.
274 897 335 963 Sed
357 899 451 964 simul
474 899 687 965 scribendum:
725 898 889 963 amittet
919 902 1152 980 exercitum,
1185 910 1219 963 er

153 1003 257 1068 illud
275 1004 584 1086 pulcherrimum
600 1023 666 1086 r.p.
685 1005 920 1086 praetextum
934 1006 992 1070 cet.
1015 1005 1219 1072 Continuatur

154 1110 261 1174 eadem
294 1112 456 1176 sententia.
503 1111 581 1174 Tum
613 1107 696 1194 §12
721 1108 812 1173 valde
845 1109 983 1189 suspicor
1005 1111 1216 1176 scribendum:

153 1214 249 1293 Quid
271 1215 371 1280 enim
393 1215 628 1280 mutationis
653 1212 836 1297 periculo
863 1217 1093 1296 exceptum?
1135 1217 1217 1282 Non

152 1323 273 1394 terra,
305 1339 381 1385 non
415 1321 557 1384 caelum.
616 1319 736 1384 Totus
774 1319 835 1382 hic
877 1337 1006 1384 rerum
1049 1323 1216 1387 omnium

152 1428 375 1496 contextus,
412 1425 593 1508 quamvis
627 1424 696 1489 deo
740 1426 882 1508 agente
916 1424 1100 1504 dueatur,
1143 1446 1216 1492 non

152 1547 304 1612 semper
335 1531 492 1595 tenebit
521 1531 620 1594 hunc
657 1529 833 1593 ordinem
867 1532 925 1594 cet.
978 1532 1104 1615 (Vulgm
1142 1550 1216 1596 non

153 1635 304 1711 caelum,
337 1653 410 1699 non
442 1637 550 1699 totus
673 1635 901 1712 contextus;
939 1638 1114 1717 quamvis
1147 1641 1215 1712 oet,

152 1742 203 1806 ubi
224 1741 383 1806 tenebit
416 1759 475 1805 non
509 1743 590 1804 recte
612 1741 743 1806 refertur
764 1738 803 1803 ad
825 1758 921 1804 unum
945 1759 981 1804 ex
1003 1743 1101 1808 tribus
1124 1761 1216 1825 copu-

151 1847 245 1923 letis.)
291 1847 308 1929 ς
332 1846 383 1922 28,
405 1846 464 1910 etsi
493 1845 530 1908 de
552 1845 577 1908 P
605 1846 724 1910 tacetur
746 1852 828 1922 (nam
859 1865 877 1928 p
902 1846 965 1912 iam
987 1847 1019 1911 in
1041 1847 1063 1933 ξ
1084 1849 1102 1910 7
1125 1848 1215 1913 huius

151 1951 288 2035 epistolae
320 1951 443 2028 deficit),
475 1954 580 2016 tamen
613 1969 672 2015 non
707 1950 803 2016 audeo
836 1969 976 2033 spernere
1006 1953 1131 2020 Gruteri
1163 1973 1216 2019 su·

151 2057 317 2141 spinionem
341 2075 377 2121 er
400 2057 566 2120 ceterorum
599 2057 738 2140 vestigiis
768 2057 910 2122 ductam:
948 2057 1022 2120 ibit
1050 2058 1215 2123 interim

151 2165 281 2226 cessim
302 2182 355 2244 pro
377 2163 440 2228 his:
475 2163 532 2226 ibi
553 2162 711 2228 interim
734 2162 925 2238 cessabit;
958 2181 1030 2226 nem
1052 2164 1107 2227 roi
1128 2183 1214 2246 pror-

151 2287 203 2334 sus
235 2285 411 2350 perversum
444 2271 501 2333 est.
552 2266 700 2346 Omnino,
724 2267 811 2351 quod
844 2287 863 2349 p
897 2286 967 2332 cum
988 2267 1014 2331 P
1036 2287 1214 2352 comparere

150 2393 210 2440 non
231 2392 409 2458 possumus,
443 2374 513 2453 hinc
542 2391 637 2454 nsque
667 2372 707 2437 ad
728 2391 775 2455 ep.
799 2371 840 2436 88
875 2374 974 2438 multa
995 2374 1111 2440 incerta
1132 2378 1213 2447 sunt,

149 2484 186 2546 ut
210 2481 316 2545 statim
338 2479 370 2543 in
403 2497 456 2553 eo,
490 2478 568 2560 quod
591 2479 648 2542 sub
670 2477 774 2542 finem
795 2478 931 2558 epistolae
963 2478 984 2564 ξ
1016 2477 1058 2540 34
1079 2479 1148 2561 (33)
1170 2481 1215 2546 sic

150 2588 308 2653 scribitur:
352 2585 467 2649 Alius
508 2587 556 2663 tex
592 2583 775 2665 sapientiam
814 2583 1017 2662 sectantibus)
1061 2585 1133 2650 iam
1176 2588 1213 2651 in

149 2694 304 2758 tantum
338 2689 527 2772 profecit,
571 2688 796 2758 utcontra
832 2685 1031 2754 fortunam
1068 2689 1213 2754 audeat

150 2799 339 2864 attollere
361 2795 510 2870 oculos,
532 2792 599 2858 sed
621 2811 691 2858 non
714 2791 993 2874 pertinaciter,
1021 2841 1087 2872 ...‚
1111 2794 1213 2858 alius

148 2906 185 2968 in
207 2905 372 2979 tantum,
405 2903 447 2965 ut
482 2899 611 2983 possit
643 2917 724 2962 oum
746 2889 821 2962 illa
843 2897 1023 2964 conterre
1045 2899 1211 2973 vultum,

149 3011 277 3076 eiiam
311 3005 567 3090 pervenitad
598 3023 786 3070 summum
825 3005 863 3068 et
890 3003 1052 3068 fiducia
1071 3005 1213 3086 plenus

148 3117 226 3186 ost,
247 3131 370 3196 prorsus
392 3131 535 3194 perversa
559 3111 607 3176 est
629 3107 814 3176 condicionis
836 3107 984 3186 adiectio;
1007 3109 1114 3175 debuit
1130 3109 1212 3174 enim

148 3221 253 3286 scribi:
299 3217 377 3282 iam
413 3217 513 3282 enim
556 3217 615 3282 oct.
670 3215 750 3280 Puto
783 3214 992 3280 scribendum:
1037 3215 1211 3290 vultum;

147 3325 252 3386 aliur
283 3324 357 3388 iam
390 3321 572 3405 pervenit
593 3322 650 3385 cet.
708 3321 790 3386 Nam
812 3321 892 3386 alter
912 3339 1075 3402 processus
1097 3320 1212 3404 gradus

146 3429 281 3496 nondum
304 3428 344 3492 ad
369 3445 525 3492 summum
547 3427 694 3508 pervenit.
747 3425 877 3507 utplus
900 3444 992 3508 qnam
1015 3424 1074 3489 duo
1097 3424 1211 3507 gradus

146 3536 289 3601 videntur
310 3533 483 3617 significare
516 3531 610 3596 verba
637 3530 731 3619 initio
752 3530 869 3612 posita:
892 3547 1029 3613 magna
1061 3529 1212 3594 discri-

146 3641 368 3704 minaesse.

245 3744 360 3828 upra,
370 3743 385 3806 1
397 3761 414 3807 e
426 3738 564 3828 vestigiis
576 3740 806 3824 codicisP,qnae
818 3737 993 3805 huiusmodi
1005 3739 1091 3805 sunt:
1106 3737 1211 3817 Quod

146 3851 288 3933 quaeris
322 3869 341 3914 a
372 3868 443 3924 me,
482 3848 667 3932 liquebat
698 3847 799 3912 mihi
830 3847 884 3911 sic
919 3864 995 3910 rem
1017 3844 1210 3909 edicerem

144 3975 212 4037 per
233 3973 288 4030 se;
310 3954 375 4020 sed
397 3955 548 4019 diunon
570 3950 1052 4034 retemptavimemoriam
1068 3967 1208 4027 meam;

143 4061 279 4144 itaque
300 4078 371 4124 non
392 4059 512 4124 facile
533 4075 592 4122 me
614 4057 810 4138 sequitur,
843 4057 963 4122 videtur
991 4054 1071 4119 effici
1097 4053 1210 4120 melius
