3000 4638
524 321 554 374 n.
575 321 678 377 senus
698 279 807 393 sospes
825 323 891 379 nin.
1138 323 1198 389 337

176 515 297 582 littores
318 517 508 598 temporibus
530 519 628 600 ooepit.
668 519 769 600 Atque
790 519 853 583 illis
877 520 1010 603 antiquis
1035 521 1200 595 codicibus,
1221 542 1243 592 u

177 621 287 705 quibus
315 623 369 686 sut
398 622 473 704 ipsis
494 625 550 696 eut
570 623 710 706 gemellis
733 625 827 689 ceteri
861 625 920 690 orti
948 626 1104 710 certisque
1129 647 1240 710 propo·

177 727 259 812 ginis
281 729 360 792 notis
382 729 525 810 impressi
546 730 667 794 tuntum
699 729 850 796 modestis
868 730 975 813 ulique
995 731 1240 815 interpolationis

177 835 233 898 cut
254 853 376 899 summa
396 832 522 900 licentio
550 851 585 899 sc
611 835 786 900 temeritate
815 835 897 900 inter
918 853 953 900 se
974 837 1130 916 differunt,
1169 858 1239 904 cum

177 940 269 1024 primi
295 940 426 1005 editores
448 940 495 1004 usi
529 957 589 1006 non
614 944 731 1016 essent,
761 959 801 1006 ne
828 943 934 1022 postes
956 942 1078 1024 quidem
1103 945 1242 1027 superio

177 1047 221 1112 n's
242 1047 388 1128 temporis
418 1045 578 1130 philologi,
615 1046 667 1128 qui
700 1047 812 1130 alioqui
839 1047 967 1112 scientia
997 1051 1028 1111 et
1055 1047 1166 1114 iudicio
1193 1051 1240 1114 in·

133 1165 156 1238 '¹
179 1151 290 1218 structi
311 1152 341 1214 in
370 1149 486 1216 Seneca
507 1153 711 1228 elaborarunt,
743 1153 899 1229 Ercsmos,
929 1151 1102 1230 Pincianus,
1136 1153 1240 1218 Mure-

177 1260 238 1342 tus,
262 1257 394 1338 Lipsius,
419 1255 601 1331 Gronovius,
623 1257 662 1322 nd
684 1275 788 1322 eorum
811 1257 904 1322 {idern
927 1258 1094 1323 orationem
1119 1259 1240 1342 exigere

178 1367 210 1430 ct
242 1380 383 1428 revocure
417 1364 590 1444 potuerunt,
626 1365 705 1445 quod
734 1367 850 1428 ceteros
883 1364 1005 1428 omnino
1037 1381 1096 1427 non
1119 1367 1239 1438 norant,

177 1453 274 1534 unum
295 1468 503 1534 Nazariunum
525 1468 694 1534 Gronovius
727 1470 758 1534 in
792 1469 877 1533 libris
900 1469 937 1532 de
960 1468 1124 1534 clementie
1147 1471 1179 1534 et
1203 1469 1241 1536 dc

177 1575 332 1642 beneficiis
367 1593 383 1638 e
409 1573 533 1639 Gruteri
559 1575 639 1640 notis
661 1593 769 1656 purum
795 1575 884 1657 plene
906 1578 1000 1639 norat.
1054 1574 1113 1654 Qui
1135 1577 1240 1640 eutem

177 1681 330 1764 imperitae
347 1681 378 1745 et
401 1680 532 1744 indoctae
545 1680 706 1763 Ruhlropfii
726 1679 920 1764 negligentius
934 1681 966 1746 in
989 1680 1106 1746 Seneca
1123 1681 1242 1746 edendo

177 1789 283 1852 nestro
304 1787 395 1852 aetote
417 1786 575 1862 successit,
598 1787 768 1864 Fickertus,
794 1785 921 1852 collecto
944 1789 987 1864 (in
1010 1786 1146 1870 epistolis
1170 1789 1242 1868 post

178 1892 519 1974 Schweighaeuseruml·
539 1893 629 1976 lenge
668 1893 783 1956 maiore
815 1896 847 1956 ct
880 1892 1093 1976 prestantium
1124 1893 1240 1958 instru-

177 2000 297 2072 mento,
317 1998 384 2079 ipse
408 1998 436 2062 ei
458 1997 533 2062 boue
555 2002 587 2062 ot
608 1998 775 2080 prudentor
797 1999 910 2063 utendo
937 2000 1030 2064 nimis
1050 1999 1110 2064 fuit
1132 1999 1240 2082 imper,

68 2101 70 2104 ’
178 2123 309 2186 cumque
346 2123 382 2167 en
424 2103 473 2178 iis,
516 2122 582 2186 quae
625 2104 656 2168 in
697 2104 784 2168 bonis
830 2105 984 2170 codicibus
1026 2107 1150 2186 repertu
1192 2104 1242 2169 vel

179 2208 308 2272 minimo
344 2227 379 2272 ex
418 2209 504 2291 perte
541 2209 661 2290 ingenio
697 2209 870 2276 adiuvando
906 2214 1008 2284 oront,
1045 2210 1241 2294 perexiguum

179 2314 341 2388 effecisset,
364 2313 493 2391 infinite,
516 2334 582 2398 quoe
604 2317 688 2378 recte
710 2330 729 2377 e
750 2315 900 2396 prioribus
924 2317 1006 2380 edito
1029 2319 1131 2390 erant,
1157 2316 1243 2382 dete·

176 2418 507 2494 monetent-oratione
530 2425 561 2486 et
583 2421 737 2484 sententie
761 2421 838 2484 mire
861 2439 942 2504 saepe
959 2438 1102 2502 perverse
1141 2423 1244 2505 Longe

178 2525 207 2590 ei
233 2524 377 2606 praestitit
403 2525 577 2592 Fridcricus
598 2527 733 2590 Hessius
762 2526 954 2608 plurimaque
976 2527 1086 2594 melius
1109 2528 1242 2594 admini-

178 2631 298 2696 stravit.
349 2630 414 2694 -Sed
435 2633 539 2696 tomen
569 2649 606 2694 ne
634 2631 662 2698 is
690 2629 812 2713 quidem
843 2631 880 2695 de
911 2633 976 2696 toto
1010 2634 1133 2716 negotio
1165 2635 1242 2702 setis

178 2753 300 2819 semper
311 2735 408 2801 libere
421 2738 654 2818 constanterque
667 2735 1027 2819 etpmdenteriudioevit
1036 2761 1044 2812 ;
1053 2738 1159 2822 itaque
1167 2740 1243 2806 reti·

177 2841 246 2906 nuit
267 2843 422 2923 permulta
434 2861 556 2925 prorsus
570 2861 662 2908 seusu
676 2829 766 2908 cesso
783 2842 814 2907 et
836 2842 1104 2910 cretionevitiosu
1115 2845 1152 2924 ²),
1172 2862 1246 2928 qum

178 2950 264 3013 certa
297 2947 417 3012 ratione
457 2947 619 3014 emendato
656 2951 764 3024 orent,
800 2949 866 3031 ipse
899 2952 1021 3025 autem,
1066 2968 1136 3016 cum
1180 2969 1243 3016 non

175 3199 377 3210 ...uum-—

205 3381 228 3446 ¹)
248 3381 336 3436 Huius
356 3382 395 3436 rei
422 3381 501 3434 triste
529 3383 557 3434 et
579 3379 749 3438 memorabile
772 3381 920 3450 exemplum
946 3379 1030 3436 hebet
1056 3381 1141 3450 prime
1160 3384 1241 3454 primi

248 3475 394 3530 voluminis
413 3473 549 3528 sententie
575 3473 621 3550 (de
639 3473 747 3542 prouti:
763 3477 787 3541 1,
818 3475 854 3543 1),
883 3473 954 3542 opud
972 3489 1033 3528 eum
1052 3477 1114 3542 post
1131 3473 1240 3530 Ficker-

247 3569 306 3620 tum
331 3583 344 3620 o
368 3566 504 3622 codicibus
527 3565 561 3620 od
585 3561 750 3622 horribilem
763 3567 832 3620 hunc
864 3565 977 3620 formum
1001 3562 1114 3632 scripte:
1151 3565 1242 3631 Qum·

248 3659 333 3712 sisti
351 3675 367 3713 a
385 3675 446 3726 me,
469 3651 597 3720 Lucili,
617 3655 700 3727 quid
717 3659 781 3724 ita,
801 3657 831 3712 si
850 3655 1075 3728 providentio
1092 3657 1241 3712 mundus

248 3755 421 3822 ageretur,
457 3751 569 3805 multu
599 3751 701 3806 bonis
730 3751 814 3805 viris
847 3749 937 3803 mela
970 3747 1142 3811 cocidere,
1180 3766 1240 3804 curn

247 3847 319 3898 recte
337 3845 441 3913 pridem
459 3843 584 3898 ederetur
606 3843 705 3899 occid
712 3847 823 3907 erent,
851 3843 967 3896 correcta
992 3839 1043 3894 illu
1063 3842 1240 3896 extremarum

245 3926 398 3991 litterarum
417 3935 626 3999 dctmncctione,
646 3949 726 4004 quum
744 3935 772 3989 in
792 3935 872 3988 huius
889 3934 974 4008 pertis
990 3932 1080 3988 codice
1096 3933 1248 4005 archetypo.

156 4033 162 4042 '
245 4045 299 4084 nou
318 4043 376 4084 runo
392 4027 518 4084 moidisse
535 4028 697 4098 paulopost
714 4025 862 4080 ostendum.
898 4025 965 4090 (Cir.
985 4027 1084 4080 consol.
1104 4025 1139 4080 nd
1158 4025 1241 4082 Marc.

246 4123 289 4189 23,
309 4121 506 4177 lobducere
524 4115 1000 4190 insproobducorennorpdd.
1012 4117 1240 4188 obducerent).

224 4213 335 4248 uonvren
347 4215 425 4250 nsnn.
437 4215 487 4248 cm.
510 4212 532 4246 u.
565 4211 568 4216 ·
1006 4218 1038 4262 22
