2938 4630
309 302 350 366 m
670 304 930 375 mmmm

266 503 326 570 sed
357 503 387 568 ei
408 499 520 572 similis
553 501 632 564 alter
664 501 703 565 ad
735 502 858 583 plantas
891 502 1116 584 preparandus.
1160 503 1268 587 Neque
1290 503 1333 565 oi-

268 606 350 678 ou'la's
383 616 410 668 et
435 628 493 690 quo
514 608 616 688 potest
643 607 740 688 accipi
761 606 870 672 cimilia
891 615 981 691 obrue
1001 605 1028 668 a‘s
1050 618 1099 682 eol,
1134 631 1202 694 quo.
1248 609 1331 674 Scri·

265 711 405 778 bendum
425 713 520 795 igitur
540 715 631 795 puto:

351 821 434 883 Ante
456 819 556 884 locum
580 818 711 884 similem
734 819 905 900 exquirunt,
929 819 982 882 ubi
1003 823 1103 901 prima
1122 823 1249 900 paretur

351 925 508 989 arboribus
530 942 628 1006 seges,
650 928 686 1004 ei,
711 941 769 1006 quo
789 943 859 988 mor
880 923 1000 1006 digesta
1014 925 1168 1009 ,feranma

368 1031 450 1094 Nam
474 1029 502 1090 oi
522 1047 583 1092 une
604 1029 722 1112 syllaba
744 1049 803 1094 non
826 1029 925 1094 solnm
948 1049 967 1096 a
989 1031 1139 1107 Lucretio,
1158 1031 1215 1096 sed
1236 1031 1331 1096 stiam

264 1155 286 1198 a
305 1134 429 1200 Catullo
458 1135 643 1216 Manilioque
677 1135 810 1218 positum
841 1136 1055 1200 Lachmannus
1087 1136 1127 1200 ad
1159 1136 1279 1202 Lucret.
1300 1155 1331 1218 p.

270 1240 329 1302 152
352 1240 549 1314 demonstrat,
572 1260 627 1306 noc
648 1241 858 1324 idgpronomen
869 1241 899 1306 h.
911 1241 932 1304 l.
945 1241 1100 1324 Vergilius
1120 1242 1218 1306 vitare
1239 1241 1331 1308 tacito

267 1347 396 1426 poteret.
439 1346 591 1408 Feraourr
613 1348 754 1424 (semina)
777 1349 825 1411 est
845 1347 878 1408 iu
900 1346 966 1411 eod.
989 1347 1059 1424 P.¹)

367 1450 430 1526 ΙΙΙ,
452 1452 528 1516 391:

333 1558 461 1622 Munere
487 1559 532 1620 sic
553 1558 639 1620 niveo
660 1556 749 1632 lanas,
772 1558 798 1621 si
820 1558 942 1622 credere
965 1557 1092 1640 dignum
1113 1558 1171 1634 est,

332 1664 398 1727 Pan
420 1663 494 1726 deus
517 1661 656 1724 Arcadiae
679 1669 800 1745 captam
822 1667 862 1735 te,
882 1664 978 1737 Luna,
1000 1661 1112 1726 fefellit

331 1769 363 1832 in
386 1787 509 1832 nemora
531 1768 594 1830 alta
614 1785 743 1846 vocans3
767 1787 822 1832 nec
844 1772 879 1833 tu
900 1769 1063 1849 aspernata
1085 1770 1252 1831 vocantem.

366 1873 556 1937 Aduerbinm
582 1875 626 1934 oio
647 1873 722 1937 nibil
744 1875 867 1938 omnino
891 1874 992 1946 babet,
1024 1892 1082 1954 qno
1105 1871 1256 1935 referatur
1278 1874 1332 1937 aut

266 1979 351 2062 quod
373 1978 534 2060 significet,
568 1979 710 2061 qnoniam
745 1981 815 2044 ante
847 1982 969 2044 tanturn
992 1979 1030 2042 de
1058 1996 1131 2070 cura
1153 1978 1232 2042 lanas
1254 1978 1333 2042 albae

267 2087 335 2150 sine
357 2085 486 2150 maculis
508 2084 665 2148 servanda
687 2084 798 2167 agitur.
840 2085 891 2148 Ad
911 2085 1049 2150 fabulam
1081 2101 1200 2166 qnoque
1219 2084 1332 2165 ipsam,

267 2210 334 2272 quae
368 2190 567 2274 significatur,
605 2190 747 2270 quoniam
770 2205 829 2254 non
852 2189 951 2254 dando
973 2207 1101 2254 munere
1123 2190 1188 2253 Pan
1211 2189 1334 2271 decapit

264 2295 368 2369 deam,
391 2294 446 2357 sed
468 2295 609 2361 subalbi
631 2294 736 2358 arietis
759 2294 860 2376 specie
881 2295 994 2368 latona,
1016 2295 1117 2377 aptius
1141 2295 1200 2359 erit
1220 2295 1297 2360 hoc:

367 2399 495 2462 Munere
517 2400 571 2460 aab
594 2399 681 2464 niveo
701 2400 788 2474 lanae,
812 2401 837 2467 si
859 2400 983 2464 credero
1005 2400 1134 2483 dignum
1155 2405 1211 2475 est,

366 2505 432 2570 Pan
455 2506 529 2570 deus
549 2507 690 2570 Arcadiae
713 2510 836 2588 captam
858 2509 899 2582 te,
921 2507 1018 2583 Luna,
1040 2505 1159 2571 fefellit.

366 2609 421 2689 lv,
445 2612 484 2674 39
507 2613 558 2693 (de
580 2614 720 2694 apibus):

808 2718 951 2782 certatim
973 2717 1081 2782 tenvia
1098 2735 1168 2783 cora

435 2824 623 2906 spiramenta
643 2825 751 2897 linunt,
774 2824 905 2905 lucoque
926 2827 958 2888 et
981 2823 1106 2888 fioribus
1129 2841 1197 2888 oras
1313 2897 1321 2904 ¹

435 2931 566 3010 explent.

299 3179 320 3246 ¹)
339 3179 441 3233 Eodem
484 3177 553 3231 libro
589 3177 632 3239 ΙΙ,
676 3178 726 3232 247
768 3177 947 3230 certissimum
991 3177 1059 3231 mihi
1098 3191 1136 3231 esa
1180 3175 1334 3246 Vergilium

338 3273 488 3342 scripsisse:

452 3365 489 3418 At
507 3379 586 3432 sapor
603 3363 732 3416 indicium
751 3362 833 3416 faciet
850 3364 1009 3419 manifestus
1027 3367 1056 3418 et
1070 3379 1116 3418 ora

451 3457 542 3510 tristia
560 3459 741 3526 temptantum
760 3471 839 3511 sensu
857 3458 996 3527 torquebit
1014 3479 1107 3520 omaro,

337 3565 389 3602 non
416 3569 521 3614 amaror,
548 3549 619 3618 quod
647 3565 734 3604 errore
758 3554 846 3605 ortum
865 3567 947 3620 pravo
965 3553 1208 3620 grammaticorum,
1226 3565 1286 3604 rara
1305 3549 1333 3601 et

338 3640 451 3708 antiqua
481 3641 587 3696 incaute
617 3644 785 3709 sectantium,
815 3644 915 3698 indicio
946 3643 1083 3698 defensum
1115 3647 1171 3710 est3
1209 3659 1273 3698 nam
1303 3643 1333 3693 et

337 3733 425 3786 minus
456 3736 525 3787 recte
551 3756 626 3804 sopor
653 3740 681 3790 et
709 3757 808 3788 orrroror
835 3739 963 3804 tanquam
987 3735 1039 3790 duo
1063 3735 1276 3806 distinguuntur,
1304 3733 1334 3786 et

337 3827 534 3894 perversissime
564 3828 682 3882 adhaeret
712 3828 811 3881 nudum
839 3827 909 3882 illud
931 3847 1000 3878 sensu
1025 3829 1135 3896 (amaror
1154 3849 1198 3880 oro
1217 3829 1335 3894 torquebit

338 3922 426 3981 senso).
458 3919 530 3984 Quid
543 3919 660 3973 accidere
679 3919 861 3985 grammaticis
880 3920 999 3987 antiquis
1017 3935 1070 3974 non
1089 3919 1257 3990 ignobilibus
1275 3917 1331 3971 iam

336 4015 401 4064 ante
433 4011 517 4066 Gellii
549 4016 654 4066 aetatem
692 4011 810 4080 potuerit
839 4012 869 4064 in
905 4011 1012 4065 Latinis
1051 4013 1153 4081 poetis,
1196 4011 1332 4065 monstrat

338 4105 491 4174 exemplum
514 4102 631 4158 Casellii
653 4103 725 4172 apud
744 4103 861 4157 Gellium
879 4104 926 4170 VI,
946 4107 963 4160 2
980 4105 1098 4174 positum
1116 4105 1230 4174 aliaque.
