2938 4630
269 247 307 310 12
379 197 424 288 γ·
492 251 494 254 ’
626 246 687 304 Lib.
705 247 754 302 VI.
782 244 847 316 (inp.
865 247 889 302 1.

226 443 292 508 his:
329 444 399 518 scio,
434 465 527 527 quam
548 464 597 505 me
617 442 704 506 habet
724 442 811 534 mule,
842 443 931 526 peius
947 439 1076 526 posthac
1090 443 1172 526 fore,
1195 464 1288 527 quum
1370 477 1373 484 =

227 550 285 614 cet.
308 549 399 613 nulls.
413 551 497 614 recte
520 548 653 612 efficitur
680 547 853 624 sententin3
886 564 923 612 eu
958 549 1111 625 noscetur,
1133 549 1290 632 geminata

225 674 287 719 uns
308 654 446 738 syllaba:

308 763 437 834 uestrum
463 739 538 835 huc,
562 760 612 823 sut
632 758 705 836 scio,
728 779 915 842 quamquam
936 775 986 822 me
1009 758 1102 822 habet
1123 758 1213 834 mule,
1290 819 1292 826 .

308 864 395 946 peius
417 866 545 946 posthoc
566 865 638 939 fore,
662 881 754 947 qnam
774 864 835 928 fuit
855 862 941 927 mihi.
1291 851 1300 868 “

325 969 390 1032 Ibd.
415 968 477 1032 980
498 969 563 1050 (lV,
587 969 615 1044 2,
638 969 690 1047 64)
713 968 907 1035 scribendum
930 970 993 1032 est:

289 1073 441 1141 THEUR.
485 1075 566 1139 Vsru
586 1076 703 1140 cantus.
746 1074 874 1139 PHAN.
910 1074 997 1138 Vana
1018 1073 1141 1138 uellem.
1164 1071 1268 1136 Patris

944 1180 1070 1240 umicu's
1093 1177 1247 1253 uidelicet,

225 1279 279 1344 pro
301 1261 365 1326 his:
389 1261 505 1324 amicus
526 1260 672 1328 uidelicet.
798 1307 806 1320 .

326 1365 469 1432 Terentii
492 1367 664 1432 comoedias
697 1366 792 1450 relegi
820 1384 927 1448 nuper,
958 1384 1027 1432 cum
1054 1363 1291 1447 Umpfenbuchii

227 1490 319 1554 opera
339 1471 538 1560 instrumenti
559 1470 657 1535 critici
689 1491 762 1536 usus
790 1471 910 1536 facilior
931 1471 1100 1552 certiorque
1122 1475 1152 1534 ct
1172 1470 1291 1553 plenior

225 1577 310 1644 esset
340 1577 450 1652 fuctus,
487 1576 663 1661 paucisque,
697 1595 772 1658 quus
809 1593 845 1640 er
883 1576 1075 1660 superiorum
1115 1576 1290 1658 temporum

226 1684 355 1748 lectione
377 1683 539 1748 annotatos
550 1681 713 1758 habebam,
739 1681 923 1766 coniecturis
945 1681 1051 1750 addidi
1071 1681 1313 1768 pauloplurss„

226 1785 310 1853 Usus
346 1807 415 1852 sum
439 1788 531 1852 otium
554 1786 745 1851 Fleckeiseni
768 1786 898 1852 editione
933 1787 1049 1865 (1861).
1106 1786 1143 1850 In
1170 1785 1289 1850 Andria

225 1892 376 1958 Bembino
398 1893 504 1958 codice
526 1911 582 1957 uos
604 1909 708 1956 carere
729 1895 836 1957 notum
859 1895 916 1957 est.
995 1877 998 1882 ’

326 1993 542 2064 Andriscus
565 1997 634 2075 (ill,
658 1995 687 2074 2,
711 1995 762 2074 32)
784 1997 830 2061 sic
852 1997 1009 2062 scribitur:

776 2102 878 2180 Mults
898 2104 1081 2168 concurrunt
1102 2100 1206 2178 simul,

225 2207 279 2290 qui
301 2206 508 2272 coniecturam
537 2207 615 2272 hinc
637 2226 718 2271 nuuc
739 2207 828 2290 isoio.
876 2209 943 2273 Iam
964 2209 1099 2290 primum
1125 2207 1190 2270 haeo
1212 2225 1246 2271 se
1271 2223 1288 2270 c
1350 2253 1355 2262 .

223 2394 385 2478 grauidam
410 2393 485 2458 dixit
509 2411 587 2460 esse.
1080 2311 1242 2394 anphrlo

327 2498 388 2563 Sed
409 2499 557 2564 barbarus
579 2501 627 2564 cst
660 2501 804 2584 nullaque
842 2502 907 2564 arte
930 2500 1064 2565 excusari
1085 2500 1188 2582 potest
1208 2498 1290 2563 indi-

225 2603 343 2667 cativus
359 2603 455 2687 facio,
478 2622 532 2685 pro
554 2622 612 2685 quo
636 2605 818 2687 simpliciter
840 2605 1066 2670 restituendum
1088 2605 1289 2688 estfactum.

226 2709 356 2774 Haustis
379 2710 465 2773 enim.
493 2710 591 2773 tribus
625 2712 769 2775 extremis
790 2711 876 2776 uerbi
909 2710 1021 2776 litteris
1049 2713 1173 2794 propter
1194 2710 1289 2793 parti·
1352 2774 1356 2784 ,

226 2815 327 2878 culam
366 2814 530 2879 eorundem
566 2814 740 2879 litterarum
763 2815 869 2898 (ium),
893 2835 959 2899 quae
981 2816 1174 2898 sequebatur,
1207 2815 1317 2880 msle'

227 2920 402 3012 suppletum
436 2918 600 3002 esofaoio.
661 2919 756 2983 Recte
778 2921 906 2985 Bothius
938 2921 970 2985 in
1002 2921 1142 2986 Eunuchi
1163 2922 1289 3004 prologo

226 3043 255 3088 v.
278 3023 297 3084 9
318 3015 454 3088 restituit
485 3043 581 3106 cuper
596 3024 743 3107 perdidit,
777 3027 877 3090 minus
910 3027 995 3091 recte
1016 3027 1070 3091 alii
1092 3047 1173 3087 couno
1193 3046 1291 3110 nuper·

222 3128 318 3206 decu,
341 3126 494 3192 adverbiis
515 3128 618 3210 inepte
640 3129 817 3195 coniunctis.

326 3233 393 3298 lbd.
417 3233 477 3294 619
500 3232 571 3314 (ΙΙΙ,
604 3235 634 3312 5,
669 3233 718 3312 13)
740 3233 934 3318 Pamphilus,
967 3255 1061 3318 quom
1081 3237 1164 3302 mulo
1202 3235 1291 3301 adiu-

226 3339 293 3402 tcre
315 3357 389 3403 usus
412 3338 453 3402 sit
474 3337 571 3416 Davo,
604 3359 743 3422 querens,
777 3360 838 3407 non
872 3341 938 3404 hcm
960 3342 1060 3407 dicere
1081 3341 1193 3424 potest,
1216 3342 1290 3405 sub-

225 3443 307 3508 iecto
341 3443 494 3507 sententia
514 3444 734 3528 interrogativa
765 3447 921 3528 pendenti,
958 3447 1013 3512 sed
1047 3446 1290 3512 demonstrativa

225 3548 275 3612 uti
295 3547 445 3629 porticula
468 3547 574 3612 debet:

727 3653 763 3694 erc
786 3637 873 3716 (em),
897 3655 956 3718 prro
970 3634 1072 3718 fretus
1093 3631 1170 3694 eim!

326 3734 391 3799 loe.
414 3734 475 3796 973
500 3735 551 3813 (V,
573 3735 602 3814 6,
628 3737 658 3815 9)
686 3737 751 3803 PA.
795 3739 874 3801 Tum
898 3737 1057 3820 tepuere,
1080 3739 1178 3804 Dave.
1221 3738 1290 3804 DA.

1061 3844 1112 3907 Ah
1134 3844 1249 3908 desine.

268 3908 361 4026 Solus
382 3945 440 4023 est,
462 3964 554 4027 quem
576 3946 708 4029 diligent
738 3947 779 4013 di.
826 3947 891 4012 CH.
926 3947 1034 4014 Suluos
1058 3968 1144 4027 sum,
1177 3949 1204 4014 si
1225 3950 1292 4016 haeo

1066 4071 1139 4117 uera
1161 4055 1242 4120 sunt.
