2978 4644
560 273 696 338 Oioerouis
710 273 863 330 Orationes.
1145 273 1206 340 228

172 472 334 562 ¹publiea
355 476 420 540 aut
445 471 594 538 omuino
616 489 689 538 nou
716 470 894 558 fuissent.
951 472 1069 542 moue
1091 475 1174 560 quod
1194 495 1249 542 so-

183 578 300 661 quitur:
329 579 401 645 Sed
421 577 615 662 publicam
637 595 788 642 oausam
810 579 941 644 oontra
962 579 1039 646 vim
1059 581 1243 648 armatam

154 683 265 752 sino
293 685 424 768 populi
450 682 632 769 prasidio
657 684 854 766 suseipero
885 685 1004 764 uolui,
1036 685 1242 768 apertissimis

180 789 281 858 verbis
299 789 406 858 Gioero
420 809 483 855 nou
499 789 645 873 populum
661 788 722 854 sibi
738 789 793 854 sed
809 790 951 856 oousules
963 789 1096 866 defuime
1107 791 1248 866 diritet

179 895 211 960 iu
222 896 271 973 iis,
293 915 362 979 qum
375 895 509 976 subiioit,
528 896 564 962 P.
576 894 723 962 Nesioam
741 895 804 962 aP.
815 895 918 962 Muoio
934 896 1060 963 consule
1081 896 1242 964 defensum

179 1003 211 1067 et
234 1003 376 1069 omatum
397 1003 628 1068 commemoras
671 1001 779 1084 itaquo
801 1001 852 1068 hio
872 1003 1051 1085 seripsoratr
1071 1001 1154 1070 siue
1170 993 1246 1087 pe-

179 1105 278 1172 diioo
298 1107 477 1190 prasidio
496 1108 692 1187 (consulum).
734 1107 803 1192 [sto
825 1105 1039 1190 Gmatouius]
1073 1108 1168 1184 Tum,
1190 1109 1244 1194 qui

178 1215 363 1280 armatam
384 1213 459 1280 vim
481 1213 725 1280 adversariorum
741 1213 922 1295 pellendam
942 1213 1040 1280 fuisse
1061 1213 1152 1296 doit,
1188 1233 1244 1280 uo·

178 1337 237 1402 que
261 1319 293 1385 in
315 1337 348 1384 so
375 1320 600 1403 toeneium,
633 1335 763 1401 quotum
788 1336 824 1384 se
850 1320 1028 1402 comparat,
1057 1320 1094 1386 P.
1114 1318 1241 1400 Nauius,

177 1425 251 1490 vim
269 1426 427 1510 appellare
458 1411 570 1507 potuit.
627 1423 783 1507 Scriptum
808 1424 905 1494 fuisse
936 1425 1071 1510 suspicor
1100 1423 1143 1490 ad
1163 1425 1243 1492 hano

175 1530 323 1600 formam:
369 1550 442 1596 nou
476 1548 549 1613 quo
585 1530 678 1596 mihi
713 1530 748 1596 P.
781 1529 990 1614 Scipionis,
1033 1531 1242 1600 fortissimi

176 1635 265 1714 uiri,
301 1639 432 1699 virtue·
456 1637 496 1702 in
530 1636 582 1702 Ti.
622 1632 842 1720 [Gnosium]
879 1636 1023 1720 privati
1058 1636 1241 1715 hominia,

175 1741 412 1825 displiceret.
461 1743 538 1808 Post
559 1743 634 1808 uiri
656 1742 862 1818 exorditum,
883 1743 1033 1810 remansit
1054 1743 1118 1810 tus
1137 1743 1240 1810 maus-

174 1845 271 1928 utque
290 1845 324 1910 iu
346 1849 420 1926 uir;
440 1865 515 1914 uam
536 1847 601 1914 huo
621 1847 672 1914 vix
694 1848 908 1916 di'somuuutur
931 1849 983 1926 (tu
1004 1851 1037 1914 et
1057 1850 1118 1928 ui).

179 1995 183 2002 -
272 1951 340 2020 Ibd.
362 1951 418 2018 93:
452 1953 517 2019 sod
539 1954 572 2018 si
592 1953 686 2021 mihi
711 2003 721 2020 .
743 2001 752 2020 .
774 2002 785 2020 .
811 1954 911 2022 nihii
943 1973 1106 2038 unquam
1131 1953 1238 2022 aliud

173 2057 370 2126 obiectum
401 2060 463 2124 ost
492 2059 569 2124 nisi
600 2058 820 2128 erudelitas.
841 2075 883 2126 oa
904 2060 1019 2130 unius
1037 2059 1238 2141 temporis,

173 2181 254 2230 oum
281 2183 300 2232 a
331 2164 460 2248 patrie
482 2165 693 2246 pernitiem
729 2166 886 2249 depuli⁸⁴
923 2167 970 2232 Ex
1005 2165 1062 2232 hoo
1094 2164 1234 2234 uedioum

170 2270 323 2353 scriptura
342 2289 440 2353 nuper
464 2271 582 2339 iactum
605 2269 890 2338 est-erudelitas
908 2291 991 2337 msa
1011 2271 1123 2352 pairs
1145 2275 1238 2340 iem·

169 2377 288 2459 poris,
320 2376 501 2460 pronomine
527 2375 717 2452 abundanter
750 2377 865 2446 reorum
887 2376 1009 2442 videtur
1040 2395 1124 2444 esse:
1161 2377 1239 2446 uisi

169 2480 383 2548 erudelitas
404 2491 438 2558 et
458 2502 501 2544 eo
522 2481 635 2548 anius
657 2482 854 2564 temporis.

269 2586 339 2651 lbd.
369 2587 424 2652 98:
459 2589 535 2654 haeo
567 2589 693 2654 omnia
723 2587 852 2654 subire
889 2587 1233 2659 conservandorum

168 2692 307 2760 oivium
329 2711 445 2761 eausa
463 2695 580 2778 atquo
601 2695 673 2771 ita,
698 2711 779 2758 oum
801 2692 974 2759 dolenter
994 2693 1096 2763 ieras
1117 2695 1156 2760 et
1181 2694 1234 2760 sis

169 2798 228 2873 (sio
250 2799 366 2881 optime
386 2799 531 2869 Baitorus
554 2817 608 2884 pro
642 2800 816 2866 dolenter
836 2817 875 2864 as
898 2801 935 2866 et
955 2798 1024 2882 sis)
1054 2815 1125 2864 uou
1152 2799 1229 2864 tam

167 2903 321 2987 sapiens
342 2924 453 2989 quam
473 2905 517 2984 ii,
541 2907 605 2992 qui
631 2953 640 2974 .
661 2952 672 2971 .
694 2951 724 2981 .‚
747 2923 789 2970 oa
809 2906 894 2986 iaus
914 2905 1096 2989 praeclara
1116 2905 1230 2987 atque

168 3006 298 3074 divina
318 3009 386 3078 ost.
438 3011 497 3077 Vix
518 3013 581 3078 fero
603 3014 717 3095 atque
744 3013 814 3086 ita,
847 3030 927 3078 oum
949 3029 1004 3094 pro
1027 3009 1229 3095 sepositum,

168 3112 248 3194 quod
288 3116 337 3180 est
375 3115 490 3200 idquo
532 3138 627 3193 oum,
668 3135 840 3200 vereorque,
874 3135 914 3182 ue
950 3117 1066 3182 subsit:
1101 3115 1231 3182 subire

167 3219 513 3288 oonservandorum
569 3224 711 3290 civium
761 3239 877 3290 oeusa
921 3242 1046 3306 nopae·
1091 3221 1235 3296 vitare,

165 3339 246 3388 oum
277 3326 335 3393 eet
1019 3385 1022 3390 ,

263 3429 331 3496 Ibd.
354 3431 412 3495 99:
454 3432 576 3511 Quare
607 3466 652 3482 -·-
680 3433 920 3516 dirumpatur
942 3433 1041 3498 iioei·
1062 3433 1139 3500 ista
1169 3433 1232 3500 iu·

163 3534 221 3624 ria
248 3537 362 3619 atquo
385 3537 520 3603 audiat
539 3538 615 3604 hae
638 3557 680 3603 ox
699 3557 775 3616 me,
806 3538 982 3622 quoniam
1013 3538 1228 3618 laoessivit‚

162 3675 206 3687 -
237 3641 297 3707 bis
334 3644 486 3709 servavi
511 3662 625 3726 remp.
675 3643 801 3726 Optime
833 3644 959 3710 dieitur:
991 3643 1232 3728 dirumpatur

161 3745 260 3812 lieet
281 3748 352 3826 (hoo
374 3748 439 3814 est:
472 3748 585 3826 diuam,
607 3749 732 3814 etiamsi
754 3749 968 3833 dirumpatur),
995 3749 1225 3834 perversissimo

160 3851 255 3918 lieet
291 3852 423 3919 audiat
459 3853 528 3931 (hoo
549 3854 611 3920 est:
643 3853 755 3933 dioam,
776 3855 899 3921 etiamsi
920 3855 1049 3936 audiat),
1087 3856 1230 3941 quoniam

160 3955 227 4027 haeo
257 3958 411 4025 sententia
439 3959 498 4034 est,
520 3957 644 4026 etiamsi
670 3960 862 4044 dirumpatur
889 3959 1028 4054 Clodius,
1050 3960 1227 4027 Ciceronem

161 4058 316 4128 dicturum
347 4063 497 4147 illumque
529 4063 634 4130 eudiro
666 4069 854 4132 ooaoturum.
897 4066 1070 4148 Soripserat
1105 4065 1227 4130 Oioero:
