2924 4660
573 1336 702 1410 Liber
727 1337 801 1411 IX.

593 1577 595 1581 .
620 1518 705 1602 Cap.
731 1519 755 1582 I.

493 1683 527 1739 A'.
546 1682 658 1739 Gellius.
729 1685 766 1739 M.
785 1683 896 1738 Fronto.

253 1833 291 1899 A.
315 1833 407 1900 (tollii
429 1836 534 1901 noctes
556 1837 678 1906 Attinas
700 1839 790 1902 antea
811 1837 949 1919 partibus
971 1837 1092 1904 tautum
1116 1844 1221 1923 oogni·

153 1942 202 2004 tas
225 1958 294 2004 aum
317 1958 376 2004 non
408 1942 453 2005 ita
474 1943 588 2008 multos
610 1942 722 2009 abhinc
743 1961 848 2016 annos,
882 1941 995 2026 partim
1020 1961 1066 2008 no
1089 1944 1162 2026 quid
1185 1965 1221 2010 ou

153 2063 255 2109 rarum
278 2047 363 2129 oopia
385 2066 435 2111 ma
458 2048 586 2131 fugarat,
619 2048 733 2131 partim
756 2048 958 2132 cognoscendi
979 2068 1101 2132 prorsus
1124 2051 1221 2134 scrip-

152 2152 229 2216 toris
257 2155 289 2218 at
310 2154 411 2218 aetatis
433 2153 548 2239 ingenii
571 2174 664 2220 oausa
685 2157 768 2220 totas
789 2154 992 2238 perlegendas
1008 2158 1219 2238 sumpsissem,

153 2257 230 2321 nihil
262 2258 355 2322 habui
389 2259 482 2326 iniis
523 2261 651 2327 subsidii
672 2265 784 2343 praeter
813 2281 863 2337 ea,
896 2280 962 2344 quae
996 2259 1218 2327 Gronoviorum

151 2362 246 2427 editio
281 2369 320 2440 (a.
357 2364 449 2440 1706)
491 2367 523 2430 ot
554 2365 672 2430 Hertzii
717 2373 758 2444 (a.
799 2365 894 2438 1853)
933 2366 1218 2432 subministrabant.

152 2467 303 2534 Codicum
325 2471 521 2552 praeteriolia
542 2471 744 2554 palimpsesto
766 2471 940 2548 Vaticana1)
964 2471 996 2534 st
1016 2472 1048 2535 in
1069 2474 1218 2556 prioribus

152 2577 273 2656 septam
295 2575 383 2640 libris
419 2577 451 2640 ot
481 2576 512 2640 iu
543 2577 763 2659 posterioribus
797 2595 832 2640 ex
855 2577 1010 2641 communi
1036 2577 1119 2641 fonte
1142 2578 1218 2644 satis

155 2679 330 2762 depravato,
353 2681 533 2764 plerumque
555 2683 661 2748 tamen
681 2683 856 2765 pervagatis
879 2683 1029 2748 erroribus
1052 2701 1108 2746 nso
1129 2683 1219 2747 valde

151 2786 315 2852 occultatis
345 2785 517 2868 laborante,
540 2790 677 2855 ortorum
709 2789 876 2872 scripturas
897 2789 942 2854 Io.
977 2787 1066 2852 Frad.
1097 2789 1129 2852 et
1157 2785 1218 2853 Iao.

153 2890 299 2956 Gronovii
325 2894 455 2958 tantum
491 2892 624 2959 delectas
657 2913 717 2960 nou
749 2897 832 2960 serto
866 2894 1058 2960 constantivs
1092 2894 1218 2959 oonsilio

152 2996 373 3077 indicaverunt,
396 3017 453 3063 noo
475 2999 540 3063 sine
561 2999 653 3066 dubio
672 3019 795 3084 semper
816 3000 1057 3076 accuratissima,
1072 3000 1217 3066 Hortzius

152 3103 262 3179 nullas
298 3103 358 3168 nisi
381 3123 456 3187 quas
478 3105 575 3170 tacita
598 3107 744 3189 sequitur,
767 3105 921 3172 interdum
945 3107 1120 3172 coniectura
1143 3125 1218 3171 non·

152 3209 228 3272 nibil
265 3195 441 3290 deflexam)
484 3211 553 3295 Ipso
586 3211 730 3276 Hertzius
767 3211 811 3276 Io.
845 3211 896 3275 Fr.
930 3211 1120 3278 Gronovium
1153 3214 1220 3278 iuro

154 3404 353 3412 ...ὓς-...να

183 3507 204 3574 ¹)
222 3507 263 3560 De
281 3507 316 3560 iis
338 3504 466 3560 Hertzius
484 3505 613 3574 exposuit,
635 3504 770 3576 Zaitsabr.
790 3503 810 3560 f.
829 3504 873 3560 die
892 3504 1132 3562 Alterthumswiss.
1152 3509 1220 3564 1846

224 3616 250 3652 n.
269 3599 303 3655 87
325 3601 361 3653 at.
371 3599 415 3654 88.

182 3689 204 3757 ²)
224 3689 384 3760 Exemplum
393 3689 569 3750 luculentum.
578 3704 658 3759 quam
668 3689 696 3744 in
707 3689 812 3745 lubrioo
822 3688 964 3752 versemur,
975 3707 1072 3760 ponam
1081 3691 1158 3756 XIII,
1178 3694 1220 3756 12,

128 3795 130 3800 ’
224 3787 249 3847 2,
267 3783 315 3838 ubi
343 3782 495 3839 Gronovius
521 3783 579 3836 sine
607 3783 740 3837 varietata
770 3783 867 3838 edidit:
897 3799 1029 3848 vecors,
1054 3799 1161 3854 usque
1185 3801 1221 3838 eo

225 3877 276 3942 ut,
295 3875 376 3930 divo
395 3876 566 3944 Augusto,
595 3874 723 3929 Hertaius
743 3892 803 3930 oum
821 3877 885 3930 nota
903 3876 1060 3930 coniectura
1080 3875 1221 3942 adhibita:

223 3985 346 4032 vecors,
376 3971 538 4038 tanquam
557 3983 685 4033 eornm,
712 3966 792 4022 divo
819 3968 974 4036 Augusto
993 3970 1051 4032 oet,
1071 3967 1118 4022 ubi
1137 3970 1219 4024 tan·

227 4077 325 4130 quam
344 4064 437 4132 aptum
455 4079 509 4117 non
528 4064 577 4124 est,
597 4076 711 4115 eorum
730 4076 838 4130 prorsus
857 4060 1052 4136 pravissimum
