<?xml version="1.0" encoding="UTF-8"?>
<!DOCTYPE html PUBLIC "-//W3C//DTD XHTML 1.0 Transitional//EN"
    "http://www.w3.org/TR/xhtml1/DTD/xhtml1-transitional.dtd">
<html xmlns="http://www.w3.org/1999/xhtml" xml:lang="en" lang="en">
 <head>
  <title>
</title>
<meta http-equiv="Content-Type" content="text/html;charset=utf-8" />
  <meta name='ocr-system' content='tesseract 3.04.00' />
  <meta name='ocr-capabilities' content='ocr_page ocr_carea ocr_par ocr_line ocrx_word'/>
</head>
<body>
  <div class='ocr_page' id='page_1' title='image "./adversariacriti03madvgoog/adversariacriti03madvgoog_0225.png"; bbox 0 0 2978 4644; ppageno 0'>
   <div class='ocr_carea' id='block_1_1' title="bbox 291 233 960 315">
    <p class='ocr_par' dir='ltr' id='par_1_1' title="bbox 291 233 960 315">
     <span class='ocr_line' id='line_1_1' title="bbox 291 233 960 315; baseline -0.016 -6"><span class='ocrx_word' id='word_1_1' title='bbox 291 245 351 310; x_wconf 73' lang='lat' dir='ltr'><em>m</em></span> <span class='ocrx_word' id='word_1_2' title='bbox 647 233 960 315; x_wconf 59' lang='lat' dir='ltr'><strong>mmwu&#39;</strong></span> 
     </span>
    </p>
   </div>
   <div class='ocr_carea' id='block_1_2' title="bbox 250 443 1317 1373">
    <p class='ocr_par' dir='ltr' id='par_1_2' title="bbox 250 443 1317 1373">
     <span class='ocr_line' id='line_1_2' title="bbox 250 443 1316 529; baseline -0.005 -17"><span class='ocrx_word' id='word_1_3' title='bbox 250 445 350 529; x_wconf 84' lang='lat' dir='ltr'><strong>primu</strong></span> <span class='ocrx_word' id='word_1_4' title='bbox 371 463 480 512; x_wconf 83' lang='lat' dir='ltr'><strong>muuu:</strong></span> <span class='ocrx_word' id='word_1_5' title='bbox 501 443 696 526; x_wconf 79' lang='lat' dir='ltr'><strong>iecitque,</strong></span> <span class='ocrx_word' id='word_1_6' title='bbox 729 444 827 528; x_wconf 85' lang='lat' dir='ltr'><strong>quod</strong></span> <span class='ocrx_word' id='word_1_7' title='bbox 856 459 969 508; x_wconf 81' lang='lat' dir='ltr'><strong>uerno</strong></span> <span class='ocrx_word' id='word_1_8' title='bbox 989 459 1157 525; x_wconf 84' lang='lat' dir='ltr'><strong>uuquum</strong></span> <span class='ocrx_word' id='word_1_9' title='bbox 1178 443 1316 528; x_wconf 82' lang='lat' dir='ltr'><strong>tyreu·</strong></span> 
     </span>
     <span class='ocr_line' id='line_1_3' title="bbox 250 548 1316 635; baseline -0.003 -17"><span class='ocrx_word' id='word_1_10' title='bbox 250 569 337 628; x_wconf 82' lang='lat' dir='ltr'><strong>uus,</strong></span> <span class='ocrx_word' id='word_1_11' title='bbox 373 552 429 629; x_wconf 81' lang='lat' dir='ltr'><strong>ut,</strong></span> <span class='ocrx_word' id='word_1_12' title='bbox 462 552 666 635; x_wconf 83' lang='lat' dir='ltr'><strong>quominus</strong></span> <span class='ocrx_word' id='word_1_13' title='bbox 696 549 846 616; x_wconf 84' lang='lat' dir='ltr'><strong>occulte</strong></span> <span class='ocrx_word' id='word_1_14' title='bbox 876 549 1050 612; x_wconf 87' lang='lat' dir='ltr'><strong>vestrum</strong></span> <span class='ocrx_word' id='word_1_15' title='bbox 1075 548 1220 614; x_wconf 78' lang='lat' dir='ltr'><strong>ructum</strong></span> <span class='ocrx_word' id='word_1_16' title='bbox 1248 567 1316 632; x_wconf 86' lang='lat' dir='ltr'><strong>ge·</strong></span> 
     </span>
     <span class='ocr_line' id='line_1_4' title="bbox 252 653 1316 738; baseline -0.004 -15"><span class='ocrx_word' id='word_1_17' title='bbox 252 657 432 736; x_wconf 88' lang='lat' dir='ltr'><strong>meretis,</strong></span> <span class='ocrx_word' id='word_1_18' title='bbox 464 656 566 722; x_wconf 90' lang='lat' dir='ltr'>nihil</span> <span class='ocrx_word' id='word_1_19' title='bbox 587 656 747 722; x_wconf 89' lang='lat' dir='ltr'><strong>diceret.</strong></span> <span class='ocrx_word' id='word_1_20' title='bbox 805 653 1059 738; x_wconf 74' lang='lat' dir='ltr'><strong>supplementum</strong></span> <span class='ocrx_word' id='word_1_21' title='bbox 1079 672 1174 736; x_wconf 69' lang='lat' dir='ltr'><strong>supro</strong></span> <span class='ocrx_word' id='word_1_22' title='bbox 1193 671 1316 720; x_wconf 79' lang='lat' dir='ltr'><strong>uersum</strong></span> 
     </span>
     <span class='ocr_line' id='line_1_5' title="bbox 254 757 1316 844; baseline -0.002 -18"><span class='ocrx_word' id='word_1_23' title='bbox 254 763 424 828; x_wconf 79' lang='lat' dir='ltr'><strong>recentiore</strong></span> <span class='ocrx_word' id='word_1_24' title='bbox 445 773 542 826; x_wconf 84' lang='lat' dir='ltr'><strong>uucuu</strong></span> <span class='ocrx_word' id='word_1_25' title='bbox 561 760 749 844; x_wconf 76' lang='lat' dir='ltr'><strong>adscriptum</strong></span> <span class='ocrx_word' id='word_1_26' title='bbox 773 761 893 828; x_wconf 85' lang='lat' dir='ltr'><strong>omitto.</strong></span> <span class='ocrx_word' id='word_1_27' title='bbox 916 757 1104 824; x_wconf 77' lang='lat' dir='ltr'><strong>-seutsntiae</strong></span> <span class='ocrx_word' id='word_1_28' title='bbox 1138 759 1237 826; x_wconf 81' lang='lat' dir='ltr'><strong>tortus</strong></span> <span class='ocrx_word' id='word_1_29' title='bbox 1257 759 1316 824; x_wconf 90' lang='lat' dir='ltr'><strong>bu-</strong></span> 
     </span>
     <span class='ocr_line' id='line_1_6' title="bbox 251 854 1317 948; baseline -0.002 -17"><span class='ocrx_word' id='word_1_30' title='bbox 251 866 385 932; x_wconf 88' lang='lat' dir='ltr'><strong>iusmodi</strong></span> <span class='ocrx_word' id='word_1_31' title='bbox 396 867 490 934; x_wconf 79' lang='lat' dir='ltr'><strong>fuisse</strong></span> <span class='ocrx_word' id='word_1_32' title='bbox 509 866 630 933; x_wconf 84' lang='lat' dir='ltr'><strong>videtur</strong></span> <span class='ocrx_word' id='word_1_33' title='bbox 651 885 707 932; x_wconf 85' lang='lat' dir='ltr'><strong>rec</strong></span> <span class='ocrx_word' id='word_1_34' title='bbox 727 867 824 932; x_wconf 71' lang='lat' dir='ltr'><strong>verbu</strong></span> <span class='ocrx_word' id='word_1_35' title='bbox 833 865 965 930; x_wconf 88' lang='lat' dir='ltr'><strong>multum</strong></span> <span class='ocrx_word' id='word_1_36' title='bbox 980 863 1116 930; x_wconf 79' lang='lat' dir='ltr'><strong>diverse:</strong></span> <span class='ocrx_word' id='word_1_37' title='bbox 1139 864 1178 928; x_wconf 82' lang='lat' dir='ltr'><strong>ie</strong></span> <span class='ocrx_word' id='word_1_38' title='bbox 1187 854 1317 948; x_wconf 75' lang='lat' dir='ltr'><strong>sitque</strong></span> 
     </span>
     <span class='ocr_line' id='line_1_7' title="bbox 338 970 1317 1056; baseline -0.002 -19.149"><span class='ocrx_word' id='word_1_39' title='bbox 338 973 394 1050; x_wconf 85' lang='lat' dir='ltr'><strong>ut,</strong></span> <span class='ocrx_word' id='word_1_40' title='bbox 417 973 620 1056; x_wconf 82' lang='lat' dir='ltr'><strong>quominus</strong></span> <span class='ocrx_word' id='word_1_41' title='bbox 654 972 807 1038; x_wconf 85' lang='lat' dir='ltr'><strong>occulte</strong></span> <span class='ocrx_word' id='word_1_42' title='bbox 829 972 998 1036; x_wconf 83' lang='lat' dir='ltr'><strong>vestrum</strong></span> <span class='ocrx_word' id='word_1_43' title='bbox 1020 970 1159 1034; x_wconf 83' lang='lat' dir='ltr'><strong>mulum</strong></span> <span class='ocrx_word' id='word_1_44' title='bbox 1189 987 1317 1054; x_wconf 72' lang='lat' dir='ltr'><strong>geuue-</strong></span> 
     </span>
     <span class='ocr_line' id='line_1_8' title="bbox 253 1075 1317 1160; baseline -0.001 -18"><span class='ocrx_word' id='word_1_45' title='bbox 253 1078 369 1156; x_wconf 84' lang='lat' dir='ltr'><strong>retis‚</strong></span> <span class='ocrx_word' id='word_1_46' title='bbox 402 1077 503 1144; x_wconf 89' lang='lat' dir='ltr'>nihil</span> <span class='ocrx_word' id='word_1_47' title='bbox 528 1099 567 1142; x_wconf 81' lang='lat' dir='ltr'><strong>se</strong></span> <span class='ocrx_word' id='word_1_48' title='bbox 591 1079 832 1141; x_wconf 73' lang='lat' dir='ltr'><strong>intercedere</strong></span> <span class='ocrx_word' id='word_1_49' title='bbox 860 1075 1045 1141; x_wconf 74' lang='lat' dir='ltr'><strong>ediceret.</strong></span> <span class='ocrx_word' id='word_1_50' title='bbox 1098 1075 1224 1141; x_wconf 84' lang='lat' dir='ltr'><strong>Iubeo</strong></span> <span class='ocrx_word' id='word_1_51' title='bbox 1250 1075 1317 1160; x_wconf 82' lang='lat' dir='ltr'><strong>ipsc</strong></span> 
     </span>
     <span class='ocr_line' id='line_1_9' title="bbox 253 1180 1317 1268; baseline -0.001 -20"><span class='ocrx_word' id='word_1_52' title='bbox 253 1181 353 1248; x_wconf 81' lang='lat' dir='ltr'><strong>irrisio</strong></span> <span class='ocrx_word' id='word_1_53' title='bbox 374 1186 455 1264; x_wconf 75' lang='lat' dir='ltr'><strong>erat,</strong></span> <span class='ocrx_word' id='word_1_54' title='bbox 477 1184 558 1268; x_wconf 87' lang='lat' dir='ltr'><strong>quod</strong></span> <span class='ocrx_word' id='word_1_55' title='bbox 578 1183 729 1250; x_wconf 80' lang='lat' dir='ltr'><strong>Gabinius</strong></span> <span class='ocrx_word' id='word_1_56' title='bbox 755 1183 788 1248; x_wconf 91' lang='lat' dir='ltr'><strong>id</strong></span> <span class='ocrx_word' id='word_1_57' title='bbox 809 1181 945 1267; x_wconf 81' lang='lat' dir='ltr'><strong>ucgubut</strong></span> <span class='ocrx_word' id='word_1_58' title='bbox 963 1200 997 1248; x_wconf 87' lang='lat' dir='ltr'><strong>sc</strong></span> <span class='ocrx_word' id='word_1_59' title='bbox 1019 1182 1139 1256; x_wconf 72' lang='lat' dir='ltr'><strong>sobre,</strong></span> <span class='ocrx_word' id='word_1_60' title='bbox 1159 1180 1243 1265; x_wconf 89' lang='lat' dir='ltr'><strong>quod</strong></span> <span class='ocrx_word' id='word_1_61' title='bbox 1265 1199 1317 1248; x_wconf 81' lang='lat' dir='ltr'><strong>se-</strong></span> 
     </span>
     <span class='ocr_line' id='line_1_10' title="bbox 255 1288 548 1373; baseline -0.003 -17"><span class='ocrx_word' id='word_1_62' title='bbox 255 1288 317 1356; x_wconf 86' lang='lat' dir='ltr'><strong>teri</strong></span> <span class='ocrx_word' id='word_1_63' title='bbox 336 1309 396 1356; x_wconf 88' lang='lat' dir='ltr'><strong>nou</strong></span> <span class='ocrx_word' id='word_1_64' title='bbox 418 1292 548 1373; x_wconf 81' lang='lat' dir='ltr'><strong>poterut.</strong></span> 
     </span>
    </p>
   </div>
   <div class='ocr_carea' id='block_1_3' title="bbox 252 1426 1322 2459">
    <p class='ocr_par' dir='ltr' id='par_1_3' title="bbox 252 1426 1322 2459">
     <span class='ocr_line' id='line_1_11' title="bbox 318 1426 1318 1511; baseline -0.002 -17"><span class='ocrx_word' id='word_1_65' title='bbox 318 1449 321 1454; x_wconf 90' lang='lat'>·</span> <span class='ocrx_word' id='word_1_66' title='bbox 356 1429 424 1498; x_wconf 88' lang='lat' dir='ltr'><strong>Ibd.</strong></span> <span class='ocrx_word' id='word_1_67' title='bbox 449 1430 507 1495; x_wconf 88' lang='lat'><strong>13:</strong></span> <span class='ocrx_word' id='word_1_68' title='bbox 544 1448 627 1496; x_wconf 86' lang='lat' dir='ltr'><strong>cum</strong></span> <span class='ocrx_word' id='word_1_69' title='bbox 662 1445 742 1494; x_wconf 89' lang='lat' dir='ltr'><strong>eum</strong></span> <span class='ocrx_word' id='word_1_70' title='bbox 765 1429 904 1511; x_wconf 83' lang='lat' dir='ltr'><strong>praeter</strong></span> <span class='ocrx_word' id='word_1_71' title='bbox 929 1426 1318 1494; x_wconf 84' lang='lat' dir='ltr'><strong>simulatumversu-</strong></span> 
     </span>
     <span class='ocr_line' id='line_1_12' title="bbox 253 1533 1319 1619; baseline -0.003 -19"><span class='ocrx_word' id='word_1_72' title='bbox 253 1535 652 1619; x_wconf 84' lang='lat' dir='ltr'><strong>tumquetristitiem</strong></span> <span class='ocrx_word' id='word_1_73' title='bbox 682 1533 792 1597; x_wconf 84' lang='lat' dir='ltr'><strong>nulle</strong></span> <span class='ocrx_word' id='word_1_74' title='bbox 821 1551 883 1598; x_wconf 90' lang='lat' dir='ltr'><strong>res</strong></span> <span class='ocrx_word' id='word_1_75' title='bbox 913 1533 1216 1612; x_wconf 76' lang='lat' dir='ltr'><strong>commendaret,</strong></span> <span class='ocrx_word' id='word_1_76' title='bbox 1237 1533 1319 1599; x_wconf 87' lang='lat' dir='ltr'><strong>&#39;nou</strong></span> 
     </span>
     <span class='ocr_line' id='line_1_13' title="bbox 252 1636 1319 1707; baseline -0.002 -3"><span class='ocrx_word' id='word_1_77' title='bbox 252 1639 478 1707; x_wconf 85' lang='lat' dir='ltr'><strong>inconsulte</strong></span> <span class='ocrx_word' id='word_1_78' title='bbox 510 1639 683 1706; x_wconf 91' lang='lat' dir='ltr'><strong>studium</strong></span> <span class='ocrx_word' id='word_1_79' title='bbox 706 1657 776 1703; x_wconf 90' lang='lat' dir='ltr'><strong>nou</strong></span> <span class='ocrx_word' id='word_1_80' title='bbox 806 1639 963 1704; x_wconf 87' lang='lat' dir='ltr'><strong>dicendi</strong></span> <span class='ocrx_word' id='word_1_81' title='bbox 990 1639 1091 1705; x_wconf 82' lang='lat' dir='ltr'><strong>uitis</strong></span> <span class='ocrx_word' id='word_1_82' title='bbox 1124 1636 1183 1704; x_wconf 89' lang='lat' dir='ltr'><strong>rei</strong></span> <span class='ocrx_word' id='word_1_83' title='bbox 1211 1639 1319 1704; x_wconf 87' lang='lat' dir='ltr'><strong>ruili-</strong></span> 
     </span>
     <span class='ocr_line' id='line_1_14' title="bbox 253 1744 1318 1831; baseline 0 -22"><span class='ocrx_word' id='word_1_84' title='bbox 253 1746 360 1812; x_wconf 82' lang='lat' dir='ltr'><strong>toris</strong></span> <span class='ocrx_word' id='word_1_85' title='bbox 396 1765 466 1812; x_wconf 89' lang='lat' dir='ltr'><strong>uon</strong></span> <span class='ocrx_word' id='word_1_86' title='bbox 503 1745 855 1831; x_wconf 82' lang='lat' dir='ltr'><strong>cognoscendorum</strong></span> <span class='ocrx_word' id='word_1_87' title='bbox 893 1744 1089 1812; x_wconf 89' lang='lat' dir='ltr'><strong>hominum</strong></span> <span class='ocrx_word' id='word_1_88' title='bbox 1134 1745 1318 1826; x_wconf 80' lang='lat' dir='ltr'><strong>studium,</strong></span> 
     </span>
     <span class='ocr_line' id='line_1_15' title="bbox 253 1849 1319 1919; baseline 0.002 -6"><span class='ocrx_word' id='word_1_89' title='bbox 253 1869 329 1916; x_wconf 88' lang='lat' dir='ltr'><strong>uon</strong></span> <span class='ocrx_word' id='word_1_90' title='bbox 352 1850 589 1918; x_wconf 80' lang='lat' dir='ltr'><strong>liberalitas.</strong></span> <span class='ocrx_word' id='word_1_91' title='bbox 633 1851 685 1917; x_wconf 83' lang='lat' dir='ltr'><strong>Sic</strong></span> <span class='ocrx_word' id='word_1_92' title='bbox 707 1852 742 1917; x_wconf 89' lang='lat' dir='ltr'><strong>P.</strong></span> <span class='ocrx_word' id='word_1_93' title='bbox 777 1849 818 1916; x_wconf 78' lang='lat' dir='ltr'><strong>lut</strong></span> <span class='ocrx_word' id='word_1_94' title='bbox 839 1851 1006 1918; x_wconf 87' lang='lat' dir='ltr'><strong>studium</strong></span> <span class='ocrx_word' id='word_1_95' title='bbox 1032 1854 1101 1919; x_wconf 90' lang='lat' dir='ltr'><strong>loco</strong></span> <span class='ocrx_word' id='word_1_96' title='bbox 1123 1871 1178 1918; x_wconf 91' lang='lat' dir='ltr'><strong>suo</strong></span> <span class='ocrx_word' id='word_1_97' title='bbox 1199 1853 1319 1916; x_wconf 90' lang='lat' dir='ltr'><strong>motum</strong></span> 
     </span>
     <span class='ocr_line' id='line_1_16' title="bbox 254 1955 1320 2041; baseline 0.002 -21"><span class='ocrx_word' id='word_1_98' title='bbox 254 1955 362 2040; x_wconf 86' lang='lat' dir='ltr'><strong>bisque</strong></span> <span class='ocrx_word' id='word_1_99' title='bbox 384 1957 520 2041; x_wconf 91' lang='lat' dir='ltr'><strong>positum</strong></span> <span class='ocrx_word' id='word_1_100' title='bbox 543 1957 592 2023; x_wconf 89' lang='lat' dir='ltr'><strong>est</strong></span> <span class='ocrx_word' id='word_1_101' title='bbox 612 1960 644 2023; x_wconf 88' lang='lat' dir='ltr'><strong>et</strong></span> <span class='ocrx_word' id='word_1_102' title='bbox 663 1957 696 2022; x_wconf 92' lang='lat' dir='ltr'><strong>iu</strong></span> <span class='ocrx_word' id='word_1_103' title='bbox 717 1975 792 2025; x_wconf 89' lang='lat' dir='ltr'><strong>uon</strong></span> <span class='ocrx_word' id='word_1_104' title='bbox 814 1959 987 2035; x_wconf 81' lang='lat' dir='ltr'><strong>turbetum3</strong></span> <span class='ocrx_word' id='word_1_105' title='bbox 1023 1960 1056 2024; x_wconf 90' lang='lat' dir='ltr'><strong>iu</strong></span> <span class='ocrx_word' id='word_1_106' title='bbox 1088 1958 1189 2024; x_wconf 86' lang='lat' dir='ltr'><strong>uitia</strong></span> <span class='ocrx_word' id='word_1_107' title='bbox 1214 1959 1320 2024; x_wconf 90' lang='lat' dir='ltr'><strong>subest</strong></span> 
     </span>
     <span class='ocr_line' id='line_1_17' title="bbox 253 2061 1319 2148; baseline -0.003 -22"><span class='ocrx_word' id='word_1_108' title='bbox 253 2063 415 2146; x_wconf 82' lang='lat' dir='ltr'><strong>peritia,</strong></span> <span class='ocrx_word' id='word_1_109' title='bbox 448 2063 566 2148; x_wconf 77' lang='lat' dir='ltr'><strong>fuitque</strong></span> <span class='ocrx_word' id='word_1_110' title='bbox 600 2063 666 2128; x_wconf 88' lang='lat' dir='ltr'><strong>baec</strong></span> <span class='ocrx_word' id='word_1_111' title='bbox 693 2063 756 2128; x_wconf 88' lang='lat' dir='ltr'><strong>fere</strong></span> <span class='ocrx_word' id='word_1_112' title='bbox 778 2061 931 2129; x_wconf 80' lang='lat' dir='ltr'><strong>Ciceronis</strong></span> <span class='ocrx_word' id='word_1_113' title='bbox 959 2083 1086 2131; x_wconf 83' lang='lat' dir='ltr'><strong>manus:</strong></span> <span class='ocrx_word' id='word_1_114' title='bbox 1118 2083 1187 2129; x_wconf 90' lang='lat' dir='ltr'><strong>nou</strong></span> <span class='ocrx_word' id='word_1_115' title='bbox 1219 2061 1319 2126; x_wconf 74' lang='lat' dir='ltr'><strong>toric</strong></span> 
     </span>
     <span class='ocr_line' id='line_1_18' title="bbox 253 2166 1319 2254; baseline 0.004 -25"><span class='ocrx_word' id='word_1_116' title='bbox 253 2167 434 2243; x_wconf 77' lang='lat' dir='ltr'><strong>scientia,</strong></span> <span class='ocrx_word' id='word_1_117' title='bbox 467 2187 540 2234; x_wconf 89' lang='lat' dir='ltr'><strong>uon</strong></span> <span class='ocrx_word' id='word_1_118' title='bbox 574 2166 733 2234; x_wconf 85' lang='lat' dir='ltr'><strong>dicendi</strong></span> <span class='ocrx_word' id='word_1_119' title='bbox 763 2167 833 2248; x_wconf 84' lang='lat' dir='ltr'><strong>oie,</strong></span> <span class='ocrx_word' id='word_1_120' title='bbox 863 2189 937 2233; x_wconf 79' lang='lat' dir='ltr'><strong>non</strong></span> <span class='ocrx_word' id='word_1_121' title='bbox 961 2171 1106 2254; x_wconf 74' lang='lat' dir='ltr'><strong>peritia</strong></span> <span class='ocrx_word' id='word_1_122' title='bbox 1134 2170 1192 2248; x_wconf 72' lang='lat' dir='ltr'><strong>rtei</strong></span> <span class='ocrx_word' id='word_1_123' title='bbox 1213 2169 1319 2234; x_wconf 85' lang='lat' dir='ltr'><strong>mili-</strong></span> 
     </span>
     <span class='ocr_line' id='line_1_19' title="bbox 252 2273 1322 2360; baseline 0.003 -23"><span class='ocrx_word' id='word_1_124' title='bbox 252 2273 368 2350; x_wconf 82' lang='lat' dir='ltr'><strong>taris,</strong></span> <span class='ocrx_word' id='word_1_125' title='bbox 401 2290 474 2340; x_wconf 89' lang='lat' dir='ltr'><strong>nou</strong></span> <span class='ocrx_word' id='word_1_126' title='bbox 508 2274 864 2360; x_wconf 84' lang='lat' dir='ltr'><strong>cognoscendorum</strong></span> <span class='ocrx_word' id='word_1_127' title='bbox 902 2273 1097 2340; x_wconf 87' lang='lat' dir='ltr'><strong>hominum</strong></span> <span class='ocrx_word' id='word_1_128' title='bbox 1133 2273 1322 2352; x_wconf 88' lang='lat' dir='ltr'><strong>studium,</strong></span> 
     </span>
     <span class='ocr_line' id='line_1_20' title="bbox 253 2375 1070 2459; baseline 0.002 -16"><span class='ocrx_word' id='word_1_129' title='bbox 253 2375 326 2444; x_wconf 85' lang='lat' dir='ltr'><strong>uon</strong></span> <span class='ocrx_word' id='word_1_130' title='bbox 355 2377 600 2447; x_wconf 76' lang='lat' dir='ltr'><strong>liberalitas.</strong></span> <span class='ocrx_word' id='word_1_131' title='bbox 654 2381 733 2459; x_wconf 89' lang='lat' dir='ltr'><strong>(Vis</strong></span> <span class='ocrx_word' id='word_1_132' title='bbox 756 2379 885 2445; x_wconf 89' lang='lat' dir='ltr'><strong>debetur</strong></span> <span class='ocrx_word' id='word_1_133' title='bbox 907 2380 1070 2457; x_wconf 80' lang='lat' dir='ltr'><strong>Geertzio.)</strong></span> 
     </span>
    </p>
   </div>
   <div class='ocr_carea' id='block_1_4' title="bbox 253 2519 1324 3217">
    <p class='ocr_par' dir='ltr' id='par_1_4' title="bbox 253 2519 1324 3217">
     <span class='ocr_line' id='line_1_21' title="bbox 354 2519 1322 2606; baseline 0.004 -20"><span class='ocrx_word' id='word_1_134' title='bbox 354 2521 423 2586; x_wconf 90' lang='lat' dir='ltr'><strong>Ibd.</strong></span> <span class='ocrx_word' id='word_1_135' title='bbox 446 2520 506 2586; x_wconf 82' lang='lat'><strong>23:</strong></span> <span class='ocrx_word' id='word_1_136' title='bbox 528 2523 570 2587; x_wconf 93' lang='lat' dir='ltr'><strong>ut</strong></span> <span class='ocrx_word' id='word_1_137' title='bbox 597 2569 605 2586; x_wconf 92' lang='lat'><strong>.</strong></span> <span class='ocrx_word' id='word_1_138' title='bbox 628 2569 637 2586; x_wconf 89' lang='lat'><strong>.</strong></span> <span class='ocrx_word' id='word_1_139' title='bbox 660 2567 668 2590; x_wconf 85' lang='lat'><strong>.</strong></span> <span class='ocrx_word' id='word_1_140' title='bbox 697 2539 781 2586; x_wconf 91' lang='lat' dir='ltr'><strong>cum</strong></span> <span class='ocrx_word' id='word_1_141' title='bbox 802 2519 945 2606; x_wconf 80' lang='lat' dir='ltr'><strong>opertis</strong></span> <span class='ocrx_word' id='word_1_142' title='bbox 967 2520 1156 2591; x_wconf 82' lang='lat' dir='ltr'><strong>hostibus</strong></span> <span class='ocrx_word' id='word_1_143' title='bbox 1175 2521 1322 2590; x_wconf 87' lang='lat' dir='ltr'><strong>bellum</strong></span> 
     </span>
     <span class='ocr_line' id='line_1_22' title="bbox 255 2623 1323 2712; baseline 0.001 -22"><span class='ocrx_word' id='word_1_144' title='bbox 255 2643 401 2710; x_wconf 83' lang='lat' dir='ltr'><strong>gerum,</strong></span> <span class='ocrx_word' id='word_1_145' title='bbox 424 2625 580 2694; x_wconf 90' lang='lat' dir='ltr'><strong>timidis</strong></span> <span class='ocrx_word' id='word_1_146' title='bbox 603 2627 736 2692; x_wconf 79' lang='lat' dir='ltr'><strong>amicis</strong></span> <span class='ocrx_word' id='word_1_147' title='bbox 758 2623 976 2712; x_wconf 78' lang='lat' dir='ltr'><strong>ignoscam,</strong></span> <span class='ocrx_word' id='word_1_148' title='bbox 1008 2628 1232 2712; x_wconf 86' lang='lat' dir='ltr'><strong>proditores</strong></span> <span class='ocrx_word' id='word_1_149' title='bbox 1253 2646 1323 2699; x_wconf 87' lang='lat' dir='ltr'><strong>uun</strong></span> 
     </span>
     <span class='ocr_line' id='line_1_23' title="bbox 253 2729 1324 2816; baseline 0.002 -20"><span class='ocrx_word' id='word_1_150' title='bbox 253 2729 438 2810; x_wconf 87' lang='lat' dir='ltr'><strong>iudicem,</strong></span> <span class='ocrx_word' id='word_1_151' title='bbox 462 2733 632 2798; x_wconf 87' lang='lat' dir='ltr'><strong>dolorem</strong></span> <span class='ocrx_word' id='word_1_152' title='bbox 654 2730 916 2814; x_wconf 87' lang='lat' dir='ltr'><strong>profectionis</strong></span> <span class='ocrx_word' id='word_1_153' title='bbox 942 2751 1032 2798; x_wconf 89' lang='lat' dir='ltr'><strong>meae</strong></span> <span class='ocrx_word' id='word_1_154' title='bbox 1056 2733 1212 2798; x_wconf 87' lang='lat' dir='ltr'><strong>reditus</strong></span> <span class='ocrx_word' id='word_1_155' title='bbox 1240 2732 1324 2816; x_wconf 81' lang='lat' dir='ltr'><strong>dig·</strong></span> 
     </span>
     <span class='ocr_line' id='line_1_24' title="bbox 255 2835 1323 2926; baseline 0 -24"><span class='ocrx_word' id='word_1_156' title='bbox 255 2835 383 2903; x_wconf 86' lang='lat' dir='ltr'><strong>uitete</strong></span> <span class='ocrx_word' id='word_1_157' title='bbox 406 2838 594 2903; x_wconf 88' lang='lat' dir='ltr'><strong>consoler.</strong></span> <span class='ocrx_word' id='word_1_158' title='bbox 638 2835 744 2920; x_wconf 88' lang='lat' dir='ltr'><strong>Neque</strong></span> <span class='ocrx_word' id='word_1_159' title='bbox 772 2839 810 2902; x_wconf 93' lang='lat' dir='ltr'><strong>de</strong></span> <span class='ocrx_word' id='word_1_160' title='bbox 837 2837 999 2904; x_wconf 86' lang='lat' dir='ltr'><strong>indicendo</strong></span> <span class='ocrx_word' id='word_1_161' title='bbox 1025 2839 1055 2904; x_wconf 94' lang='lat' dir='ltr'><strong>h.</strong></span> <span class='ocrx_word' id='word_1_162' title='bbox 1080 2840 1101 2905; x_wconf 88' lang='lat'><strong>1.</strong></span> <span class='ocrx_word' id='word_1_163' title='bbox 1130 2839 1240 2926; x_wconf 84' lang='lat' dir='ltr'><strong>agitur,</strong></span> <span class='ocrx_word' id='word_1_164' title='bbox 1269 2856 1323 2903; x_wconf 91' lang='lat' dir='ltr'><strong>ue-</strong></span> 
     </span>
     <span class='ocr_line' id='line_1_25' title="bbox 256 2929 1322 3030; baseline 0.006 -26"><span class='ocrx_word' id='word_1_165' title='bbox 256 2959 315 3025; x_wconf 91' lang='lat' dir='ltr'><strong>que</strong></span> <span class='ocrx_word' id='word_1_166' title='bbox 345 2941 552 3022; x_wconf 86' lang='lat' dir='ltr'><strong>proditoribus</strong></span> <span class='ocrx_word' id='word_1_167' title='bbox 584 2941 684 3030; x_wconf 80' lang='lat' dir='ltr'><strong>magis</strong></span> <span class='ocrx_word' id='word_1_168' title='bbox 726 2961 818 3026; x_wconf 83' lang='lat' dir='ltr'><strong>quam</strong></span> <span class='ocrx_word' id='word_1_169' title='bbox 855 2944 971 3027; x_wconf 82' lang='lat' dir='ltr'><strong>apertis</strong></span> <span class='ocrx_word' id='word_1_170' title='bbox 1006 2929 1145 3010; x_wconf 82' lang='lat' dir='ltr'><strong>hostibus</strong></span> <span class='ocrx_word' id='word_1_171' title='bbox 1178 2963 1322 3028; x_wconf 83' lang='lat' dir='ltr'><strong>parsurus</strong></span> 
     </span>
     <span class='ocr_line' id='line_1_26' title="bbox 257 3045 1323 3144; baseline 0.001 -34"><span class='ocrx_word' id='word_1_172' title='bbox 257 3045 362 3112; x_wconf 81' lang='lat' dir='ltr'><strong>Cicero</strong></span> <span class='ocrx_word' id='word_1_173' title='bbox 402 3046 478 3114; x_wconf 86' lang='lat' dir='ltr'><strong>erat.</strong></span> <span class='ocrx_word' id='word_1_174' title='bbox 522 3047 722 3116; x_wconf 71' lang='lat' dir='ltr'><strong>scribendum</strong></span> <span class='ocrx_word' id='word_1_175' title='bbox 753 3047 936 3142; x_wconf 81' lang='lat' dir='ltr'><strong>mquifesto:</strong></span> <span class='ocrx_word' id='word_1_176' title='bbox 981 3050 1199 3134; x_wconf 86' lang='lat' dir='ltr'><strong>proditores</strong></span> <span class='ocrx_word' id='word_1_177' title='bbox 1241 3051 1323 3144; x_wconf 68' lang='lat' dir='ltr'><strong>utp-</strong></span> 
     </span>
     <span class='ocr_line' id='line_1_27' title="bbox 257 3151 390 3217; baseline 0.03 -4"><span class='ocrx_word' id='word_1_178' title='bbox 257 3151 390 3217; x_wconf 84' lang='lat' dir='ltr'><strong>dicem.</strong></span> 
     </span>
    </p>
   </div>
   <div class='ocr_carea' id='block_1_5' title="bbox 256 3291 1326 4011">
    <p class='ocr_par' dir='ltr' id='par_1_5' title="bbox 256 3291 1326 4011">
     <span class='ocr_line' id='line_1_28' title="bbox 357 3291 1324 3378; baseline 0.004 -22"><span class='ocrx_word' id='word_1_179' title='bbox 357 3292 425 3362; x_wconf 82' lang='lat' dir='ltr'><strong>Ibd.</strong></span> <span class='ocrx_word' id='word_1_180' title='bbox 452 3291 584 3372; x_wconf 61' lang='lat' dir='ltr'><strong>25:1Q.</strong></span> <span class='ocrx_word' id='word_1_181' title='bbox 608 3292 770 3360; x_wconf 83' lang='lat' dir='ltr'><strong>Metellum</strong></span> <span class='ocrx_word' id='word_1_182' title='bbox 791 3293 828 3360; x_wconf 90' lang='lat' dir='ltr'><strong>P.</strong></span> <span class='ocrx_word' id='word_1_183' title='bbox 850 3292 1010 3371; x_wconf 72' lang='lat' dir='ltr'><strong>Sestius)</strong></span> <span class='ocrx_word' id='word_1_184' title='bbox 1042 3293 1095 3360; x_wconf 83' lang='lat' dir='ltr'><strong>ud.</strong></span> <span class='ocrx_word' id='word_1_185' title='bbox 1116 3293 1182 3360; x_wconf 89' lang='lat' dir='ltr'><strong>sui</strong></span> <span class='ocrx_word' id='word_1_186' title='bbox 1203 3311 1324 3378; x_wconf 84' lang='lat' dir='ltr'><strong>geue-</strong></span> 
     </span>
     <span class='ocr_line' id='line_1_29' title="bbox 257 3397 1326 3481; baseline -0.001 -17"><span class='ocrx_word' id='word_1_187' title='bbox 257 3397 314 3464; x_wconf 88' lang='lat' dir='ltr'><strong>ris</strong></span> <span class='ocrx_word' id='word_1_188' title='bbox 342 3445 350 3463; x_wconf 92' lang='lat'><strong>.</strong></span> <span class='ocrx_word' id='word_1_189' title='bbox 376 3442 417 3464; x_wconf 82' lang='lat'><strong>..</strong></span> <span class='ocrx_word' id='word_1_190' title='bbox 445 3398 552 3466; x_wconf 81' lang='lat' dir='ltr'><strong>tuoto</strong></span> <span class='ocrx_word' id='word_1_191' title='bbox 576 3399 827 3481; x_wconf 81' lang='lat' dir='ltr'><strong>virtutesque</strong></span> <span class='ocrx_word' id='word_1_192' title='bbox 848 3399 1070 3478; x_wconf 83' lang='lat' dir='ltr'><strong>revocavit,</strong></span> <span class='ocrx_word' id='word_1_193' title='bbox 1098 3400 1140 3464; x_wconf 86' lang='lat' dir='ltr'><strong>ut</strong></span> <span class='ocrx_word' id='word_1_194' title='bbox 1160 3399 1326 3469; x_wconf 81' lang='lat' dir='ltr'><strong>heberet</strong></span> 
     </span>
     <span class='ocr_line' id='line_1_30' title="bbox 256 3504 1324 3582; baseline 0 -14"><span class='ocrx_word' id='word_1_195' title='bbox 256 3504 295 3568; x_wconf 88' lang='lat' dir='ltr'><strong>iu</strong></span> <span class='ocrx_word' id='word_1_196' title='bbox 317 3504 481 3571; x_wconf 88' lang='lat' dir='ltr'><strong>oonsilio</strong></span> <span class='ocrx_word' id='word_1_197' title='bbox 510 3505 549 3570; x_wconf 90' lang='lat' dir='ltr'><strong>et</strong></span> <span class='ocrx_word' id='word_1_198' title='bbox 574 3504 738 3570; x_wconf 80' lang='lat' dir='ltr'><strong>tratrem</strong></span> <span class='ocrx_word' id='word_1_199' title='bbox 766 3505 811 3570; x_wconf 85' lang='lat' dir='ltr'><strong>ub</strong></span> <span class='ocrx_word' id='word_1_200' title='bbox 832 3504 993 3582; x_wconf 78' lang='lat' dir='ltr'><strong>inferis,</strong></span> <span class='ocrx_word' id='word_1_201' title='bbox 1028 3504 1178 3572; x_wconf 84' lang='lat' dir='ltr'><strong>socium</strong></span> <span class='ocrx_word' id='word_1_202' title='bbox 1198 3522 1324 3573; x_wconf 87' lang='lat' dir='ltr'><strong>rerum</strong></span> 
     </span>
     <span class='ocr_line' id='line_1_31' title="bbox 258 3609 1324 3693; baseline 0.001 -19"><span class='ocrx_word' id='word_1_203' title='bbox 258 3628 449 3687; x_wconf 77' lang='lat' dir='ltr'><strong>mserum,</strong></span> <span class='ocrx_word' id='word_1_204' title='bbox 485 3613 522 3676; x_wconf 87' lang='lat' dir='ltr'><strong>et</strong></span> <span class='ocrx_word' id='word_1_205' title='bbox 549 3629 686 3676; x_wconf 86' lang='lat' dir='ltr'><strong>omues</strong></span> <span class='ocrx_word' id='word_1_206' title='bbox 718 3609 925 3685; x_wconf 88' lang='lat' dir='ltr'><strong>Metellos,</strong></span> <span class='ocrx_word' id='word_1_207' title='bbox 958 3609 1324 3693; x_wconf 74' lang='lat' dir='ltr'><strong>praestantissimos</strong></span> 
     </span>
     <span class='ocr_line' id='line_1_32' title="bbox 257 3714 1325 3797; baseline 0.003 -18"><span class='ocrx_word' id='word_1_208' title='bbox 257 3715 379 3792; x_wconf 81' lang='lat' dir='ltr'><strong>cives,</strong></span> <span class='ocrx_word' id='word_1_209' title='bbox 411 3733 515 3797; x_wconf 85' lang='lat' dir='ltr'><strong>peeue</strong></span> <span class='ocrx_word' id='word_1_210' title='bbox 546 3734 588 3782; x_wconf 87' lang='lat' dir='ltr'><strong>er</strong></span> <span class='ocrx_word' id='word_1_211' title='bbox 627 3716 854 3782; x_wconf 85' lang='lat' dir='ltr'><strong>Acheronte</strong></span> <span class='ocrx_word' id='word_1_212' title='bbox 894 3716 1098 3782; x_wconf 82' lang='lat' dir='ltr'><strong>excitatos.</strong></span> <span class='ocrx_word' id='word_1_213' title='bbox 1150 3714 1325 3784; x_wconf 80' lang='lat' dir='ltr'><strong>Deleodum</strong></span> 
     </span>
     <span class='ocr_line' id='line_1_33' title="bbox 256 3811 1325 3904; baseline 0.002 -18"><span class='ocrx_word' id='word_1_214' title='bbox 256 3821 303 3886; x_wconf 80' lang='lat' dir='ltr'><strong>eb</strong></span> <span class='ocrx_word' id='word_1_215' title='bbox 322 3819 479 3896; x_wconf 81' lang='lat' dir='ltr'><strong>inferis,</strong></span> <span class='ocrx_word' id='word_1_216' title='bbox 501 3822 693 3904; x_wconf 81' lang='lat' dir='ltr'><strong>adscriptum</strong></span> <span class='ocrx_word' id='word_1_217' title='bbox 713 3821 755 3888; x_wconf 86' lang='lat' dir='ltr'><strong>ed</strong></span> <span class='ocrx_word' id='word_1_218' title='bbox 775 3821 853 3888; x_wconf 91' lang='lat' dir='ltr'><strong>illud</strong></span> <span class='ocrx_word' id='word_1_219' title='bbox 874 3811 1204 3888; x_wconf 59' lang='lat' dir='ltr'><strong>crAcberouto‘ct</strong></span> <span class='ocrx_word' id='word_1_220' title='bbox 1225 3819 1325 3890; x_wconf 74' lang='lat' dir='ltr'><strong>ulduno</strong></span> 
     </span>
     <span class='ocr_line' id='line_1_34' title="bbox 257 3923 1325 4011; baseline -0.003 -21"><span class='ocrx_word' id='word_1_221' title='bbox 257 3926 327 3992; x_wconf 91' lang='lat' dir='ltr'><strong>loco</strong></span> <span class='ocrx_word' id='word_1_222' title='bbox 346 3926 507 3993; x_wconf 86' lang='lat' dir='ltr'><strong>insertum.</strong></span> <span class='ocrx_word' id='word_1_223' title='bbox 551 3927 635 3995; x_wconf 85' lang='lat' dir='ltr'><strong>Nom</strong></span> <span class='ocrx_word' id='word_1_224' title='bbox 651 3945 753 4011; x_wconf 86' lang='lat' dir='ltr'><strong>neque</strong></span> <span class='ocrx_word' id='word_1_225' title='bbox 773 3930 861 3994; x_wconf 85' lang='lat' dir='ltr'><strong>recte</strong></span> <span class='ocrx_word' id='word_1_226' title='bbox 879 3927 927 3994; x_wconf 89' lang='lat' dir='ltr'><strong>bis</strong></span> <span class='ocrx_word' id='word_1_227' title='bbox 940 3926 1027 3994; x_wconf 86' lang='lat' dir='ltr'><strong>idem</strong></span> <span class='ocrx_word' id='word_1_228' title='bbox 1044 3927 1170 4011; x_wconf 87' lang='lat' dir='ltr'><strong>ponitur</strong></span> <span class='ocrx_word' id='word_1_229' title='bbox 1177 3926 1213 3992; x_wconf 83' lang='lat' dir='ltr'><strong>ct</strong></span> <span class='ocrx_word' id='word_1_230' title='bbox 1223 3923 1325 4006; x_wconf 87' lang='lat' dir='ltr'><strong>inepto</strong></span> 
     </span>
    </p>
   </div>
   <div class='ocr_carea' id='block_1_6' title="bbox 0 0 1505 4644">
    <p class='ocr_par' dir='ltr' id='par_1_6' title="bbox 0 0 1505 4644">
     <span class='ocr_line' id='line_1_35' title="bbox 0 0 1505 4644; baseline 0 0"><span class='ocrx_word' id='word_1_231' title='bbox 0 0 1505 4644; x_wconf 95' lang='lat' dir='ltr'><strong> </strong></span> 
     </span>
    </p>
   </div>
  </div>
 </body>
</html>
