2970 4648
519 266 550 322 L.
569 265 669 324 aereae
686 264 793 336 quasti
813 266 900 318 natur.
1137 256 1204 322 439

178 467 351 534 fulmine
373 468 443 531 est.
482 464 647 530 Manifesto
660 453 992 543 sententia'dagitante
1015 458 1069 521 ant
1080 453 1242 532 (violenter

180 575 269 648 satis)
306 572 500 638 scribendum
538 575 601 636 est:
645 569 752 634 Adeo
794 568 878 632 ista
909 581 973 630 res
1005 581 1080 626 non
1114 560 1243 625 affert

179 680 297 745 ullam
320 697 479 755 moram,
511 687 553 740 eo
576 679 718 742 eontra
737 693 854 736 rouro
875 669 1027 754 ignium
1049 667 1121 741 sit,
1144 683 1242 749 quos

179 788 246 859 eet,
269 786 324 850 ant
343 785 459 850 lenius:
482 784 589 849 Adeo
609 781 695 846 ista
711 797 775 844 res
798 797 870 844 non
892 776 1243 842 affert...moram:

180 893 321 956 eontra
352 908 475 956 eausa
505 889 658 972 ignium
688 886 753 961 fit,
777 901 871 968 quos
904 884 974 959 eet,
1011 877 1120 945 eodem
1153 877 1243 944 modo

179 995 291 1061 omimo
326 999 385 1074 ut,
428 994 688 1078 quemadmodum
731 992 878 1076 dicimus:
928 988 1058 1050 Tantum
1098 984 1180 1046 abest
1211 992 1244 1044 er

175 1099 312 1183 pirron,
344 1101 396 1162 orio
426 1102 523 1162 rreum
557 1110 647 1165 moneo.
698 1098 806 1179 Simile
839 1099 944 1162 tamen
980 1090 1152 1174 exemplum
1183 1107 1244 1154 non

179 1208 260 1272 novi.
304 1207 349 1272 Er
371 1225 415 1281 eo,
438 1206 519 1289 quod
540 1221 601 1272 non
623 1205 759 1290 fulgurat
778 1205 839 1270 nisi
860 1201 932 1267 eaelo
955 1197 1152 1282 impendente
1176 1195 1245 1274 (hoe

180 1312 238 1387 est,
259 1312 390 1378 obduoto
412 1313 544 1388 nubibus
574 1311 828 1395 dependentibus)
856 1305 1063 1380 eoneludiuur,
1085 1302 1244 1366 humorem

179 1416 274 1482 eiiam
304 1435 428 1484 oausam
455 1418 574 1502 ignium
605 1435 683 1482 esse.
727 1417 883 1492 (Extremo
913 1411 1014 1495 eapite
1042 1411 1125 1474 reete
1156 1405 1243 1470 Bin

180 1523 408 1606 superiora,
441 1509 533 1607 prere
562 1525 588 1588 Id
620 1524 659 1588 in
686 1523 902 1591 inferiorar
938 1519 1022 1582 reete
1052 1513 1243 1581 Gronovius:

179 1628 303 1694 nubes
325 1630 409 1691 imm
430 1632 470 1694 et
489 1630 691 1711 humiles.)

278 1734 345 1800 Ibd.
384 1734 442 1808 27,
481 1733 501 1796 3
537 1735 581 1800 sie
615 1736 648 1800 in
687 1736 714 1800 n
749 1733 910 1800 scribitur:
952 1729 1075 1794 Aliud
1118 1745 1243 1812 genus

180 1839 337 1917 (touitms)
353 1843 417 1905 est
440 1858 547 1918 aere,
570 1842 775 1918 aoerbnm,
797 1838 898 1923 quod
919 1837 1106 1903 aeerbum
1130 1852 1244 1917 mage

180 1945 236 2022 (sio
259 1945 351 2014 etiam
374 1946 400 2010 P
421 1945 456 2022 3,
486 1945 549 2011 Col.
571 1957 673 2022 mae,
712 1947 739 2010 B
761 1947 794 2012 et
813 1947 838 2012 P
857 1945 878 2006 4
899 1943 1043 2028 magio)
1064 1940 1244 2005 dixerim

180 2069 295 2132 qnam
325 2069 526 2128 sonorum,
563 2053 723 2135 qualem
759 2051 901 2117 audire
932 2049 1127 2120 solemus,
1159 2063 1244 2110 eum

181 2175 300 2238 super
321 2157 441 2239 eaput
461 2158 637 2224 alieuius
660 2158 824 2240 dirupta
845 2156 983 2224 vesiea
1011 2154 1081 2220 est.
1127 2151 1244 2216 Omitto

179 2262 310 2328 eliorum
363 2265 501 2329 eonatus.
564 2265 719 2348 Hauptins
762 2281 858 2346 nuper
902 2262 946 2339 (II
987 2279 1018 2342 p.
1063 2258 1114 2334 17)
1159 2257 1244 2320 reete

176 2369 301 2452 negavit
321 2368 472 2434 Senonum
494 2371 552 2436 hoe
572 2387 634 2434 nno
657 2370 723 2450 loeo
758 2387 873 2452 mage
895 2386 931 2432 er
953 2367 1078 2448 antiqno
1100 2379 1243 2429 sermone

177 2474 263 2538 nulla
284 2475 414 2540 minima
448 2493 541 2540 eausa
569 2474 750 2557 arripuisse3
785 2473 839 2538 sed
871 2489 964 2556 quem
989 2469 1161 2554 perieulose
1189 2487 1243 2550 pro

179 2599 214 2645 eo
237 2581 443 2646 substituetur
463 2580 627 2646 tritissima
647 2579 747 2644 forma
767 2581 914 2662 magis,
939 2578 1006 2660 ipse
1027 2576 1144 2658 optime
1174 2575 1242 2641 seit.

178 2683 244 2750 Nee
255 2685 388 2768 alioquin
407 2687 504 2751 oratio
527 2687 581 2750 ant
601 2684 757 2750 sententia
776 2685 944 2768 probabilis
968 2687 1031 2749 est:
1055 2682 1243 2748 acerbum

178 2786 307 2874 magis
340 2791 509 2855 dixerim
544 2809 655 2874 qnam
685 2809 866 2856 sonorem
896 2790 953 2867 (sie
984 2789 1066 2854 enim
1096 2788 1243 2872 sempsit).

177 2895 333 2977 qualem
367 2897 426 2960 eet.
471 2895 577 2979 Neque
610 2897 691 2961 enim
728 2897 859 2963 tonitrus
881 2898 953 2980 apte
992 2895 1105 2960 dieitur
1143 2895 1242 2978 magis

177 3019 286 3066 nomen
320 3001 362 3076 id,
393 3002 475 3084 qnod
506 3003 689 3085 imponitur,
713 3005 839 3077 mereri,
870 3019 962 3085 qnam
991 3003 1018 3068 is
1044 3003 1110 3085 ipse
1139 3019 1242 3076 sonus,

176 3107 229 3190 qni
262 3106 385 3172 aliunde
414 3108 460 3172 rei
489 3109 628 3191 exemplo
656 3110 847 3176 illustrandae
875 3127 967 3182 eausa
989 3108 1173 3185 assumitn13
1197 3106 1242 3172 di·

175 3213 309 3278 eendum
341 3215 489 3296 praeterea
518 3216 584 3282 erat
604 3215 636 3279 in
665 3215 723 3281 tali
751 3215 994 3300 comparatione:
1024 3231 1141 3297 quam
1163 3233 1242 3276 eum

176 3335 381 3396 sonorem,
415 3339 525 3402 quom
559 3323 618 3384 eet.
681 3321 749 3384 Nee
781 3323 904 3386 omnino
942 3321 1043 3384 aeoobe‘
1079 3319 1242 3404 appellatio

175 3425 271 3509 (quod
293 3444 339 3508 op.
363 3424 414 3498 56,
444 3423 463 3486 5
485 3425 574 3508 longe
598 3419 691 3491 aliter¹
710 3426 748 3491 de
769 3445 841 3493 roeo
863 3428 999 3492 hnmana
1021 3426 1146 3512 dieitur)
1170 3429 1242 3510 epta

175 3534 224 3598 est
244 3531 284 3596 ad
306 3531 444 3596 sobitum
467 3535 498 3597 et
519 3530 647 3612 ruptum
669 3550 779 3598 sonum
801 3533 1043 3617 significandum.
1100 3533 1241 3617 vestigia

174 3640 207 3702 et
239 3635 347 3719 optimi
380 3637 493 3704 eodiois
523 3638 555 3702 et
581 3638 750 3702 ceterorum
786 3640 944 3704 declarant
972 3637 1074 3703 loeum
1102 3639 1241 3703 laborare

175 3742 391 3828 dittographiie
424 3743 456 3808 et
485 3743 777 3825 interpretamentis.
823 3745 860 3808 In
888 3743 941 3809 illo
962 3729 1081 3826 mage,
1103 3743 1161 3806 hoe
1184 3746 1241 3821 est,

175 3849 312 3914 detracto
343 3871 384 3924 m,
414 3849 495 3933 qnod
526 3868 563 3914 ex
597 3849 781 3933 praeeedenti
814 3868 887 3914 rooe
924 3850 1073 3928 adhaesit,
1105 3850 1137 3913 in
1168 3867 1240 3933 age

173 3955 275 4037 ipsum
301 3955 385 4021 inest
411 3974 519 4036 aere,
552 3975 607 4021 nee
636 3955 751 4020 Seneca
783 3955 945 4040 quiequam
978 3957 1101 4040 scripsit
1131 3958 1240 4040 praeter

173 4059 254 4124 haee:
311 4059 436 4126 Aliud
479 4079 604 4145 genus
649 4063 723 4136 est,
771 4061 872 4143 quod
915 4083 1004 4124 aere
1049 4062 1236 4137 dixerim,
