3018 4634
310 291 372 355 m
668 287 951 360 mmmm

368 485 876 570 lbd84,ubiAlraniiprose
916 487 1043 552 etsuis
1070 483 1151 570 apud
1181 483 1335 550 (lemnam

268 591 364 658 oratio
387 590 540 666 redditur,
577 607 663 674 paene
691 591 869 658 incredibile
904 593 954 658 est
974 593 1014 658 sb
1035 589 1177 657 omnious
1202 591 1247 654 sic
1268 589 1338 654 odi:

267 697 409 780 ltaque
430 715 469 761 se
487 695 616 761 victos
631 697 834 773 confiteri3
857 701 1100 780 orarentque
1118 697 1339 769 obsecrare,

268 801 303 866 si
335 802 401 884 qai
436 800 547 866 locus
588 799 871 867 misericordiae
908 803 1171 885 relinquatur,
1205 819 1254 865 ne
1288 799 1337 867 ad

268 905 451 971 ultimum
471 905 708 988 supplicium
738 907 921 991 progredi
953 923 1117 972 necesse
1148 906 1338 983 babeant,

271 1011 369 1095 quasi,
391 1010 445 1110 qui
465 1011 649 1092 supplicium
671 1012 844 1096 patiuntur,
867 1010 929 1078 diui
948 1013 1068 1096 possint
1088 1013 1132 1078 ad
1153 1012 1336 1077 ultimum

268 1116 502 1199 supplicium
523 1117 703 1201 progredi
725 1120 757 1184 et
777 1134 936 1200 necesse
967 1119 1105 1184 habere
1137 1114 1337 1200 progredi,

270 1240 401 1304 quornm
423 1222 587 1304 utrumque
609 1222 674 1287 eius
697 1223 754 1296 est,
775 1221 828 1306 qui
849 1241 974 1288 uecesse
993 1225 1085 1306 putat
1105 1223 1250 1288 ultimum
1261 1239 1337 1304 sup·

265 1326 393 1410 plicium
424 1344 558 1392 sumere.
614 1328 723 1410 ltaque
759 1326 902 1389 habeut
933 1327 972 1393 de
1008 1328 1128 1394 desere
1160 1325 1341 1392 coniectura.

267 1431 463 1515 scripseram,
499 1451 570 1496 eum
602 1433 688 1497 nulla
723 1434 806 1497 esset
839 1432 919 1516 apud
951 1433 1171 1516 Nipperdeium
1199 1432 1338 1497 varietas·

267 1538 423 1603 annotata.
467 1536 558 1602 Nunc
579 1537 660 1619 apud
681 1537 879 1602 Duobuerum
905 1537 995 1604 video
1016 1538 1157 1602 habeat
1177 1555 1194 1601 e
1211 1536 1334 1602 duobus

266 1641 488 1725 antiquioribus
520 1643 674 1709 codicibus
705 1642 740 1706 et
771 1641 911 1724 pluribus
941 1643 1114 1708 recentium
1144 1641 1273 1726 proferri
1301 1643 1336 1707 at

265 1745 361 1811 tacite
382 1745 496 1828 sperni.
525 1745 640 1830 [Primi
655 1746 787 1812 editores
809 1765 871 1812 uon
893 1746 1097 1832 spreverant]

364 1849 431 1915 Ibd.
464 1849 521 1914 85:
564 1849 693 1935 Neque
728 1854 828 1917 enim
860 1873 924 1919 ser
963 1856 1139 1939 legiones
1178 1850 1256 1916 alia
1290 1850 1337 1915 de

264 1973 377 2020 causa
398 1955 537 2020 missas
557 1955 596 2019 in
617 1955 842 2039 Hispaniam
870 1958 1148 2042 septimamque
1169 1957 1225 2022 ibi
1243 1972 1339 2022 cou-

263 2060 449 2142 scriptam
491 2079 610 2143 neque
652 2064 712 2126 tot
747 2063 953 2147 tantasque
985 2065 1132 2130 classes
1174 2065 1339 2147 paratas.

263 2185 383 2249 neque
427 2166 640 2231 submissos
682 2166 797 2232 ducas
848 2169 904 2232 rei
947 2169 1128 2234 militaris
1172 2169 1336 2252 peritos..

264 2270 386 2337 Classes
407 2271 507 2335 nullas
528 2270 651 2335 omnino
672 2270 704 2334 iu
726 2271 878 2354 Hispania
908 2274 1006 2340 fuisse
1039 2275 1145 2339 autin
1167 2274 1250 2339 omui
1270 2274 1334 2338 hac

263 2393 367 2442 rerum
388 2376 739 2458 narratione-appellari,
762 2382 885 2444 constet
904 2381 937 2444 et
956 2380 1128 2464 expositum
1149 2381 1198 2444 est
1216 2379 1335 2460 aldip-

263 2481 394 2563 perdsio.
451 2481 545 2545 Latet
581 2480 631 2544 lrie
668 2495 805 2566 quoque·
826 2483 973 2551 mendum
1010 2485 1139 2552 licenter
1180 2483 1332 2552 mutando

263 2587 468 2664 occultatum
504 2586 655 2668 scriptum
697 2589 780 2653 euim
818 2588 921 2656 fuerat
956 2591 1023 2656 sius
1059 2592 1166 2657 dubio:
1210 2601 1330 2674 nequ'e

265 2691 435 2756 coloreas
454 2691 616 2777 alaeque
637 2696 804 2774 paratas.
860 2696 939 2763 Cum
960 2717 997 2762 ex
1029 2697 1204 2764 cohortes
1227 2697 1331 2761 alas·-

263 2817 336 2882 que.
352 2799 469 2866 lactum
493 2800 577 2863 esset
596 2816 656 2877 nou
689 2801 788 2880 prino
811 2820 923 2881 errore,
946 2804 1001 2868 sed
1022 2803 1136 2868 sensim
1164 2802 1225 2865 tot
1244 2802 1334 2865 tau-

263 2907 412 2988 basque,
436 2901 578 2967 additum
600 2905 649 2968 est
671 2902 828 2972 classes.
864 2908 961 2974 Paulo
982 2911 1066 2992 post,
1087 2907 1142 2974 ubl
1161 2908 1194 2971 in
1217 2905 1335 2972 codici-

262 3011 320 3074 bus
353 3011 415 3074 est:
453 3007 492 3071 in
525 3027 577 3074 se>
600 3009 715 3075 etiam
748 3013 1196 3080 aetatisercusationem
1230 3011 1332 3077 nihil

262 3115 410 3190 valere,
443 3113 541 3196 quod
562 3116 824 3197 superioribus
844 3119 961 3185 bellis
984 3119 1137 3202 probati
1158 3119 1206 3184 ad
1225 3117 1329 3184 obti-

262 3219 404 3284 nendos
440 3221 639 3286 exercitus
685 3227 907 3303 evocentur,
949 3225 1142 3290 scribendum
1185 3226 1236 3290 est
1269 3241 1329 3289 usu

265 3343 378 3409 quum
414 3329 533 3407 (parum
567 3326 650 3391 euim
684 3330 760 3411 apta
790 3329 922 3396 causalis
954 3330 1138 3414 significatio
1170 3334 1241 3411 est),
1274 3331 1330 3396 sed

264 3429 362 3514 quio.
376 3430 464 3507 (nllril
495 3433 597 3498 valere
620 3451 677 3498 nec
706 3434 846 3512 obstare,
879 3436 977 3519 quin),
1001 3453 1068 3519 quae
1091 3437 1245 3518 particula
1266 3451 1328 3500 uon

262 3536 309 3600 ita
328 3529 396 3600 raro
419 3536 451 3600 in
474 3539 568 3621 quod
589 3540 728 3618 transiit,
748 3540 834 3606 velut
854 3540 936 3623 apud
957 3540 1102 3606 Ovidium
1121 3541 1216 3608 Trisb.
1239 3541 1275 3618 V,
1299 3541 1333 3617 6,

265 3640 305 3703 27
328 3641 657 3724 (addicturus,
680 3644 883 3728 napata).

362 3748 429 3814 Iib.
452 3749 493 3828 ΙΙ,
529 3751 682 3816 lenum
704 3749 843 3816 codicum
867 3753 1034 3835 scripture:
1069 3751 1113 3818 ed
1144 3752 1184 3816 id
1209 3761 1330 3825 mare,

263 3854 359 3937 quod
378 3853 507 3938 adigit
523 3855 568 3920 ad
589 3857 733 3920 ostium
756 3857 938 3922 Rhodani
956 3876 1015 3922 nou
1036 3854 1197 3924 ediscet
1215 3857 1331 3924 acicu-

262 3958 452 4026 dum·fuisse
472 3960 604 4041 uidetur,
626 3960 681 4037 sed
702 3960 891 4044 adigitur,
922 3963 979 4028 hoc
1000 3965 1058 4044 est,
1091 3964 1275 4030 semovetur
1297 3963 1334 4028 et
