2918 4652
297 267 358 330 w
653 264 920 336 mmmm

256 465 453 530 Substituunt
474 482 526 546 pro
548 467 685 530 extrema
707 483 780 530 voce
795 453 992 540 uillicum,
1025 481 1124 546 neque
1147 465 1230 545 uptus
1253 480 1325 543 per·

256 590 338 636 sonae
381 589 490 664 nomen
533 589 632 654 neque
675 589 746 638 cum
781 571 918 636 sblstivo
960 571 1102 636 ieiunio
1140 585 1324 651 congruens.

255 677 472 742 Soribendum:

719 849 721 854 ,
1011 780 1117 862 Capite

455 891 561 970 nperto
584 909 651 956 esse
672 891 768 964 iubet,
789 893 860 956 ente
881 889 983 954 lucem
1005 885 1143 952 suscitet.

453 994 567 1080 frigore
588 999 695 1070 torret,
715 1000 860 1062 venetum
882 995 956 1062 eicit
973 993 1087 1059 ieiunio

451 1101 589 1170 velocem.

256 1205 435 1270 velocitatis
457 1209 604 1293 augendae
626 1229 719 1274 causo
739 1188 896 1274 bominem
919 1206 988 1272 cibo
1008 1204 1140 1270 frondet.

354 1312 389 1376 P.
411 1313 474 1376 458
496 1321 630 1391 (sument
653 1315 829 1380 Lucilius
851 1314 1066 1380 satirarum
1088 1310 1174 1374 libr.
1198 1305 1270 1372 IV:

338 1417 426 1497 Quod
448 1418 476 1484 si
497 1421 581 1486 nulla
602 1425 704 1504 potest
728 1421 839 1486 mulier
859 1421 925 1486 tum
947 1437 1071 1500 corpore
1094 1416 1170 1480 duro

337 1541 415 1600 esse,
438 1525 542 1590 tomen
564 1529 672 1592 tenero
693 1529 876 1610 monentque
901 1543 1027 1590 sucussn
1048 1525 1163 1588 Incerto

337 1631 369 1694 et
388 1649 499 1696 munus
521 1633 606 1698 uberi
632 1634 760 1698 lactenti
782 1634 812 1698 in
834 1633 954 1698 sumine
977 1631 1070 1696 sidet.

254 1736 352 1802 Soribi
372 1741 504 1819 oportet:
1078 1755 1081 1760 ·

337 1843 426 1923 Quod
448 1845 473 1908 si
497 1844 582 1910 nulle
602 1845 705 1927 potest
725 1844 837 1910 mulier
861 1848 926 1910 tnm
949 1861 1073 1925 corpore
1094 1841 1169 1904 duro

337 1969 415 2025 csse,
438 1955 542 2014 temen
563 1952 667 2016 teucro
688 1960 790 2014 mand
816 1951 891 2035 quio
912 1950 996 2016 sucu*
1019 1949 1134 2012 lacerto

311 2079 315 2085 ·
337 2057 370 2118 ct
392 2071 500 2120 munus
521 2055 649 2117 odmen
670 2057 800 2122 lnctsuti
820 2057 852 2122 in
875 2057 995 2122 sumine
1016 2053 1099 2118 sidat

255 2159 474 2242 (profundeque
505 2160 724 2242 imprimatur).
789 2161 891 2240 Quin
924 2161 1079 2226 similiter
1101 2164 1168 2238 (pro
1190 2161 1325 2238 quom)

251 2266 449 2332 restituturus
481 2285 564 2330 eram
597 2269 630 2332 in
658 2267 772 2334 Oaecilii
793 2268 966 2352 fragmento
988 2285 1006 2330 c
1028 2264 1164 2330 Pollucis
1188 2282 1220 2345 p.
1245 2262 1321 2339 512,
1446 2301 1447 2304 =

251 2371 306 2436 sed
327 2377 535 2455 praeceperunt
557 2373 619 2445 ulii,
643 2375 752 2456 quibus
773 2373 930 2438 obeditum
952 2373 1093 2454 oportuit
1122 2369 1320 2454 [chrtim
1446 2433 1447 2474 i

252 2478 345 2542 etism
368 2477 562 2561 Muellerus]
1072 2463 1077 2472 ’
1446 2477 1447 2498 ²

353 2583 387 2649 P.
409 2583 474 2648 480
493 2585 617 2667 (mirus)
659 2585 780 2650 Varro
809 2584 1104 2651 Eumenidibus:
1148 2583 1319 2663 Hospes,

251 2688 341 2772 quid
369 2689 485 2756 mirus
517 2691 644 2756 cnimo
677 2709 811 2756 curere
839 2691 1034 2772 Serapim?
1076 2690 1172 2768 Quid
1200 2687 1320 2772 quasi

251 2813 320 2859 non
353 2799 464 2860 curat
495 2796 683 2862 tantidem
718 2798 966 2863 Aristoteles.
1015 2797 1116 2862 ldem
1150 2794 1318 2859 eisdem:

251 2905 315 2966 eut
337 2902 467 2966 ambos
489 2902 583 2966 mire
603 2905 670 2968 sut
690 2903 770 2968 noli
791 2904 932 2969 mirere
952 2904 998 2969 de
1018 2903 1161 2970 eodem.
1213 2901 1318 2964 Verba

249 3007 351 3072 idem
394 3007 540 3074 eisdem
584 3010 668 3072 recte
703 3007 868 3074 subditicio
901 3009 1086 3076 Ribbeokius
1124 3013 1156 3072 ct
1190 3007 1317 3073 Ricsius

249 3113 433 3186 indienmut,
465 3132 618 3196 unumque
652 3133 719 3180 esse
750 3113 969 3198 fragmentum.
1041 3113 1101 3180 Sed
1133 3111 1219 3195 quod·
1246 3114 1318 3193 post

250 3217 440 3303 scaligerum
473 3224 581 3284 curet
613 3220 770 3294 scribitur,
813 3221 881 3286 tolli
912 3221 1007 3286 simul
1039 3219 1170 3284 debebat
1204 3217 1315 3300 quid,

250 3322 331 3406 quod
367 3326 485 3390 temere
520 3326 616 3392 fieret.
681 3326 831 3392 Versuum
860 3327 945 3394 nulls
970 3327 1084 3392 indicis
1114 3327 1198 3390 certa
1231 3327 1314 3388 sunt.

251 3428 464 3494 Scribendum:
485 3432 651 3514 Hospes,
675 3432 763 3514 quid
785 3429 902 3498 mirso
925 3433 1040 3496 nirnio
1062 3431 1127 3509 (alii
1149 3438 1315 3508 nummo)

250 3552 386 3600 curere
419 3536 611 3618 Serapim?
656 3537 770 3616 Quid,
803 3559 944 3622 queso,
978 3559 1047 3604 non
1079 3539 1188 3602 curet
1224 3537 1316 3600 tsn-

249 3640 667 3710 tidc'mbristoteles?
729 3646 805 3709 Aut
836 3645 969 3710 ambos
1001 3644 1100 3709 miro
1132 3647 1195 3706 ant
1231 3643 1315 3707 noli

249 3747 388 3812 mirare
410 3749 453 3810 de
477 3750 551 3816 deo.
594 3749 729 3833 Vulgare
751 3751 895 3814 mendum
918 3751 1018 3814 estin
1041 3750 1161 3832 qussi.

350 3853 384 3919 P.
406 3853 469 3916 494
490 3838 599 3933 (rediet
637 3856 753 3920 Varro
787 3855 833 3920 de
868 3857 951 3922 vito
985 3856 1118 3939 populi
1154 3855 1315 3920 Romani

248 3958 316 4022 lib.
350 3959 381 4022 l:
423 3959 511 4026 Haee
544 3961 648 4037 aedis,
685 3981 754 4044 qno
791 3979 887 4026 nunc
920 3964 995 4035 est,
1031 3963 1168 4026 multis
1201 3962 1313 4025 annis

249 4069 335 4146 post
375 4065 482 4132 fecte
512 4071 564 4132 sit
601 4069 716 4150 inque
752 4067 879 4134 omnis
915 4068 1035 4152 regiis
1075 4068 1313 4149 temporibus
