2956 4648
395 287 400 315 ’
524 303 555 359 L.
576 305 681 358 Sensus
699 303 838 374 Epistola.
1107 306 1166 370 501
1244 337 1247 346 ,

147 503 211 568 est
238 505 364 583 (emisse
393 502 510 585 quud).
570 505 705 585 Apparet
740 503 854 568 iterum
886 505 1049 588 utrumque
1081 506 1210 571 uerbum

148 609 395 694 coniungendam
418 627 492 674 esse.
538 597 737 674 Seribeu'dum
761 609 846 673 reeta
877 610 1047 675 sententia:
1085 613 1121 676 et
1143 613 1211 676 hoe

146 715 286 800 ipsum,
319 715 351 779 si
383 701 661 797 intelligimus,
707 714 894 779 solatium
932 720 990 780 est
1024 717 1115 798 (quud
1149 735 1210 782 neu

147 821 245 886 sutum
268 819 404 903 perdere,
428 819 481 884 sed
503 819 600 901 perire
622 835 746 882 neeesse
769 821 824 894 est,
847 821 892 894 ut,
915 837 985 884 eum
1018 821 1076 886 hoc
1099 841 1209 904 evene*

52 950 60 966 ·
146 927 303 1001 utnulla
332 941 365 990 re
399 921 633 1005 opusfuturum
658 923 722 1001 sit).
763 921 882 1007 AEquu
917 925 1043 991 auimo
1072 929 1210 1011 perde3

146 1029 387 1116 pereundum
411 1030 481 1094 est.

248 1137 309 1214 (De
331 1153 377 1217 ep.
400 1133 450 1204 99,
473 1133 513 1196 26
534 1132 598 1210 (23)
620 1133 682 1199 diri
702 1134 762 1199 rol.
787 1137 801 1199 I
823 1156 851 1218 p.
876 1137 941 1215 76.)

246 1243 301 1326 up.
327 1240 402 1312 100,
435 1239 454 1302 5
477 1239 527 1318 (ee
554 1223 682 1304 Fabiani
710 1240 825 1322 Papirii
855 1243 1008 1326 scupus:
1052 1241 1211 1308 ututur-

146 1368 229 1414 mus
257 1347 298 1422 (h.
323 1367 360 1418 e,
396 1364 454 1409 neu
477 1363 557 1409 nunu
579 1346 758 1428 quaerimus:
791 1347 851 1411 vid.
883 1367 959 1432 quae
975 1347 1036 1412 dixi
1059 1348 1099 1413 ad
1121 1349 1210 1432 epist.

147 1455 198 1532 75,
215 1453 257 1533 5),
283 1453 372 1535 quid
393 1469 522 1534 parum
545 1453 711 1516 resisum
735 1453 794 1524 sit:
819 1453 907 1536 quid
930 1473 1061 1538 parum
1085 1456 1211 1519 strue·

144 1563 238 1637 tum,
260 1557 350 1642 quid
373 1575 444 1621 nou
464 1556 579 1621 huius
603 1558 773 1622 recentis
798 1560 996 1641 politurae;
1032 1577 1114 1624 eum
1137 1561 1211 1624 eir-

146 1665 406 1748 eumspexeris
428 1661 560 1738 omnia,
576 1663 701 1728 nullas
724 1663 873 1730 videbis
895 1665 1102 1750 angustias
1123 1667 1211 1730 ina-

144 1789 219 1836 nes,
248 1767 342 1834 Mirer
353 1769 408 1836 hue
423 1767 530 1834 tulisse
547 1767 715 1846 taurorum,
730 1769 880 1853 Lipsium‚
890 1769 1086 1837 Gronovium.
1109 1771 1211 1836 Nullae

145 1877 286 1942 orationis
309 1876 380 1940 sunt
401 1874 560 1958 angustie,
583 1893 649 1956 quae
671 1876 776 1940 vitatae
799 1877 832 1940 et
853 1875 1001 1960 neglectae
1032 1895 1051 1941 a
1074 1873 1208 1942 Fabiano

36 2000 38 2004 ’
145 1984 205 2048 dici
236 1975 366 2066 possint,
404 1979 517 2045 nedum
544 1979 662 2045 inanes.
715 1979 840 2058 Seneca,
879 1982 904 2047 si
933 1980 1065 2047 defuerit
1095 1982 1209 2065 aliquid

145 2087 273 2153 Fabiani
295 2085 423 2152 orationi
446 2085 553 2150 novitii
575 2087 710 2163 ornatus,
734 2106 840 2152 rursus
871 2088 971 2153 nullas
995 2089 1026 2152 iu
1049 2104 1085 2152 ea
1107 2107 1211 2170 reper-

144 2196 212 2258 tum
230 2192 269 2257 iri
281 2192 458 2276 arputa'aa
478 2194 613 2270 inanes
635 2192 914 2279 affirmat-§sm
926 2213 995 2258 eum
1007 2195 1147 2259 Fickerto
1162 2212 1208 2257 re-

143 2297 302 2364 tinendam
314 2302 388 2381 pute
400 2296 538 2363 uodieurn
550 2297 748 2379 scripturam:
770 2299 837 2363 sed
853 2302 975 2364 tutum
993 2320 1140 2383 eorpus,
1153 2301 1210 2365 vi-

144 2404 266 2478 deris,
282 2422 391 2487 quam
407 2403 459 2468 sit
474 2406 686 2488 cumptum:
709 2405 911 2469 honestum
929 2408 999 2483 est,
1014 2407 1050 2470 ut
1066 2406 1211 2472 videris

143 2513 175 2575 in
192 2509 373 2592 alloquendo
392 2509 499 2573 eudem
517 2509 607 2574 modo
624 2509 739 2574 dietum
755 2511 890 2592 putetur,
914 2531 973 2593 quo
996 2510 1080 2578 dese
1097 2511 1211 2576 Seneca

144 2616 368 2682 uidebimus
390 2613 476 2692 dieit,
510 2618 541 2679 et
562 2615 677 2698 aliquid
699 2615 900 2681 differendum
928 2621 980 2682 aut
1002 2616 1210 2682 emittendum

146 2722 316 2807 significet,
348 2741 406 2787 usu
425 2740 484 2785 nou
506 2722 598 2806 longe
621 2722 733 2787 abillo
756 2723 893 2796 distanti,
916 2743 974 2807 que
996 2727 1036 2788 tu
1057 2723 1210 2787 videris

25 2863 27 2870 ι
139 2827 331 2910 antiquiores
361 2827 467 2892 dieunt
489 2829 543 2892 eut
575 2832 661 2911 post
682 2829 831 2906 videro:
864 2830 968 2912 itaque
990 2830 1056 2894 heeu
1078 2829 1211 2894 efficitur
1279 2841 1281 2844 ·

145 2933 312 3000 sententia:
342 2931 402 2996 Sed
423 2934 523 2998 totum
556 2953 663 3017 eorpus
692 2954 731 2999 ue
754 2936 928 3018 quaesiveris
950 2954 1031 3000 nunu
1054 2953 1146 3018 quam
1169 2935 1210 3000 sit

145 3035 315 3121 comptum:
337 3037 499 3104 honestum
515 3044 576 3116 est:
599 3061 670 3106 nam
693 3041 769 3106 illud
793 3061 899 3126 quam
923 3043 978 3110 sit
1000 3043 1209 3124 sumptum,

143 3146 293 3211 uideris
339 3145 522 3210 interiieitur
571 3148 732 3212 sententiae
764 3146 944 3229 principali.
1004 3148 1082 3212 Tum
1129 3146 1209 3230 quod

144 3251 303 3317 scribitur:
340 3269 409 3314 neu
434 3251 547 3316 habet
567 3255 688 3318 oratio
722 3253 818 3329 eius,
848 3256 917 3317 sed
939 3252 1054 3318 debet
1080 3252 1210 3336 digui-

145 3360 278 3437 tatem,
316 3355 448 3422 Haustus
481 3360 563 3422 reete
599 3378 661 3424 uon
692 3359 765 3424 tulit
801 3359 931 3435 debet,
967 3380 983 3425 e
1012 3377 1070 3444 quo
1101 3377 1210 3424 sensus

145 3463 227 3529 efflei
249 3463 370 3544 nequit:
403 3461 518 3527 sedne
549 3464 650 3526 decere
676 3465 799 3548 quidem
831 3465 1009 3547 dipnttatem
1031 3465 1141 3547 (ipsius
1164 3463 1209 3528 di-

145 3567 256 3644 uentis]
286 3568 362 3632 mihi
385 3570 491 3650 aptum
513 3570 642 3634 uidetur.
687 3571 814 3635 Fuitne:
856 3571 923 3634 sed
960 3571 1067 3634 debit
1102 3570 1209 3649 (bonos

143 3693 245 3739 mures
269 3673 434 3752 decenum?
463 3674 516 3758 [Et
537 3676 626 3740 video
653 3675 735 3740 idern
748 3676 854 3758 Lipsio
875 3677 907 3740 in
930 3679 1067 3744 mentem
1090 3678 1210 3742 venisse

145 3786 177 3856 (a
199 3779 339 3845 Fickerte
359 3780 566 3859 emissum)et
587 3781 770 3863 ebHauptio
794 3781 833 3864 (Ι,
858 3782 910 3865 10)
932 3784 1094 3866 probatum
1118 3783 1209 3867 esse]

245 3883 403 3968 apruna
417 3885 578 3951 senteutiae
586 3887 629 3951 siu
637 3888 814 3968 separandae
825 3893 897 3955 suut
908 3892 939 3955 et
948 3888 1208 3954 sieseribendum:

144 3991 251 4056 Nihil
268 3994 328 4056 est
351 3991 533 4056 miserius
560 3992 802 4059 dubitatione
820 3995 1057 4059 venientium
1072 4001 1209 4068 (veren-

146 4096 533 4180 tiumGrut.),quursus
549 4099 723 4176 evadent,
736 4101 914 4182 quantum
931 4101 982 4166 sit
996 4098 1209 4181 illud‚quod
1282 4149 1284 4153 .
