2918 4636
296 305 355 370 m
655 303 919 376 fflnwn

337 502 413 568 Inde
436 503 527 570 deum
550 503 693 580 uelimus,
716 502 902 586 devectaque
927 517 1015 566 suere
1036 501 1174 586 Pelasgis

300 621 305 628 “
379 606 508 671 Flumen
529 606 629 670 adhue
649 607 750 692 priseo
771 625 857 672 mere
879 606 979 673 Dialis
1000 607 1071 670 obit.

353 712 517 789 111,124:

369 813 449 883 lesu
484 818 555 899 quis
587 819 635 884 bis
669 822 761 903 quino
794 820 908 886 femine
939 835 1045 882 mense
1067 817 1157 899 perii.
1211 850 1214 859 ·

252 923 323 990 Neu
345 924 445 1008 magis
467 923 525 990 hee
554 923 714 989 ferendum
742 929 816 1010 pute
845 945 937 1011 quem
966 925 1042 987 deno
1069 943 1169 984 mense
1190 942 1245 1006 pru
1269 923 1324 984 de·

254 1029 342 1105 simo,
364 1029 633 1112 reponendumque
657 1031 702 1092 bis
721 1032 834 1116 quieto,
861 1031 896 1096 ui
917 1031 970 1107 VI,
994 1029 1055 1092 768
1077 1028 1235 1095 suribitur:

404 1133 536 1215 Quartus
559 1135 598 1200 eb
621 1139 757 1203 extreme
777 1155 883 1202 mense
906 1135 954 1203 bis
976 1135 1029 1200 ille
1052 1134 1124 1199 dies.

352 1240 419 1306 Ibd.
444 1239 505 1304 208
538 1241 583 1325 (in
614 1242 737 1309 Sabine
759 1242 842 1325 apud
862 1241 996 1325 reliques
1019 1239 1159 1306 Sabinus·
1173 1239 1321 1306 Romanis

252 1345 520 1430 repensurus:
546 1399 549 1404 .

452 1451 519 1516 Non
540 1454 622 1520 ultre
643 1453 728 1519 lende
751 1468 914 1536 possumus
937 1469 1003 1518 esse
1026 1451 1091 1535 pise,

250 1558 357 1641 Neque
387 1557 462 1621 dente
489 1559 562 1642 pius
583 1561 666 1624 reete
695 1559 817 1638 dieitur,
850 1577 964 1641 neque,
999 1557 1026 1622 si
1054 1557 1223 1636 dieereiur‚
1261 1557 1318 1622 hee

251 1663 427 1749 regendum
450 1662 570 1729 Sabinae
595 1668 695 1740 esset,
723 1683 815 1748 posse
837 1683 870 1731 se
892 1664 1039 1747 pietatem
1061 1664 1145 1728 lente
1167 1679 1317 1742 exeruere,

252 1771 306 1836 sed
317 1768 384 1848 hec,
406 1788 495 1852 pesse
517 1787 549 1835 se
563 1770 628 1836 sine
639 1773 798 1856 impietate
815 1773 914 1837 lentes
927 1789 1005 1845 esse,
1027 1769 1111 1835 iente
1133 1773 1164 1836 et
1190 1770 1320 1852 pariensi

252 1876 354 1942 anime
375 1876 491 1941 bellum
512 1878 635 1957 petrum
663 1879 695 1943 et
713 1878 905 1978 'meritorum
941 1878 1089 1960 speeiere.
1149 1875 1322 1957 Scripserai

251 1981 358 2064 pesiu:
1251 1978 1269 1994 “

453 2085 523 2151 Nou
544 2087 625 2151 uldra
650 2087 737 2150 iente
755 2107 920 2171 pessumus
942 2106 1010 2154 esse
1029 2088 1088 2172 pie.

355 2191 420 2256 Ibd.
444 2191 525 2255 451:

259 2341 262 2350 ·
295 2298 436 2364 Creditur
457 2298 507 2363 hie
528 2298 690 2382 (Pegasus)
714 2321 800 2366 eaesae
822 2301 949 2385 gravide
971 2299 1085 2366 eerviee
1108 2297 1247 2364 Medusae
1292 2323 1295 2331 ¹

337 2403 490 2489 Sanguine
514 2405 660 2488 respersis
682 2407 861 2489 prosiluisse
879 2405 969 2474 iubis.

164 2545 177 2556 ,
251 2510 390 2577 Ridicule
412 2511 513 2576 servir
534 2510 662 2594 gravida
683 2512 804 2591 dieisur,
826 2529 884 2577 nen
907 2513 1048 2591 Medusa,
1071 2529 1165 2595 prave
1187 2507 1320 2576 Medusa
1450 2539 1451 2580 r

252 2635 342 2695 uaese,
365 2633 426 2682 nen
449 2617 560 2682 servir.
606 2616 827 2682 scribendum:

618 2743 695 2784 eoesa
718 2723 856 2806 yravidoe
878 2723 997 2789 cervius
1019 2724 1166 2791 Medusae.

351 2827 419 2893 Ibd.
442 2827 505 2890 500
526 2827 568 2908 (in
591 2827 736 2893 Arisdnae
757 2828 918 2912 querelis):

403 2933 557 3017 Ceperunt
579 2934 709 2999 mairem
731 2933 859 2999 formosi
881 2953 993 2999 cornua
1015 2935 1105 3011 dauri,

431 3057 481 3103 me
502 3037 567 3102 ius.
592 3040 624 3103 et
644 3037 695 3102 hie
716 3038 810 3115 ledit,
833 3039 886 3106 ille
908 3039 1067 3124 pudendus
1090 3059 1185 3106 emer.

251 3143 302 3209 Sic
334 3142 499 3208 Merkelius
535 3143 633 3208 edidit
665 3163 735 3208 euru
770 3145 874 3222 obelo,
907 3165 998 3211 versu
1019 3142 1131 3212 vitiose
1161 3146 1204 3226 [in
1226 3147 1321 3211 verbe

253 3249 364 3328 tede),
403 3248 557 3314 sententie
585 3267 680 3331 prere
712 3249 891 3330 (dieeudurn
921 3252 1004 3316 enim
1032 3254 1098 3318 eret
1126 3265 1152 3314 et
1182 3251 1244 3317 hie.
1258 3299 1265 3317 .
1278 3261 1320 3318 ‚ee

250 3353 311 3432 iile,
334 3355 365 3420 ei
387 3353 524 3420 eiusdem
540 3356 661 3439 generis
684 3354 826 3420 dicuutur
848 3374 915 3422 esse
935 3377 1063 3433 erueres,
1087 3377 1161 3442 ques
1178 3375 1322 3440 seperare

250 3460 386 3526 Ariadne
407 3461 486 3526 uelle
509 3459 620 3538 debet),
650 3463 758 3526 seuere
785 3461 932 3528 indicium
956 3463 1109 3537 uedieum,
1138 3463 1318 3546 inquorum

250 3566 365 3650 optimo
388 3567 437 3632 ese
457 3585 505 3627 me
524 3565 590 3626 uiae
614 3581 641 3627 eu
663 3564 767 3646 dudit,
802 3567 834 3631 in
868 3568 979 3632 esteris
1011 3567 1083 3632 hine
1114 3589 1162 3630 me
1188 3571 1273 3632 iuvat
1294 3578 1319 3632 et

252 3671 342 3738 ledit.
383 3671 518 3756 Longius
545 3672 649 3737 temen
672 3672 756 3746 abit,
793 3673 871 3755 quud
904 3672 1051 3738 Heinsius
1073 3674 1319 3742 commenderits

250 3799 299 3842 me
320 3789 381 3840 tua.
425 3777 468 3840 As
490 3774 536 3839 lu'e
560 3775 648 3839 laudi
668 3787 717 3852 eet,
741 3777 792 3840 ille
807 3800 843 3862 p.
866 3800 895 3846 α.
940 3777 1038 3844 Mulie
1063 3780 1161 3845 lenius
1183 3781 1247 3845 esi:

450 3901 500 3948 me
522 3893 583 3947 tua.
632 3881 671 3944 Te
693 3881 795 3955 leudis,⁸
817 3883 871 3948 ille
893 3903 923 3966 p.
946 3903 985 3959 a„

249 3990 307 4056 hee
328 3992 391 4055 esi:
421 3987 569 4052 Iniuriam
596 3987 655 4052 tibi
675 3987 741 4069 ipse
761 3987 849 4066 funis,
871 4007 1067 4054 eum‘menm
1089 4007 1224 4055 emerem
1247 4009 1317 4056 unm

249 4095 392 4177 pudende
434 4093 486 4157 illo
526 4109 683 4174 compares
720 4093 752 4157 et
788 4092 916 4176 spernis.
994 4093 1065 4160 Neu
1105 4095 1317 4163 enimudverse
