2938 4630
611 287 748 344 Horatius.
1130 290 1168 354 61

147 483 337 566 prestanda,
359 485 512 566 utreque
542 484 731 552 desideretur
761 505 859 568 neque
892 485 987 554 nimio
1011 486 1146 552 offendet
1183 490 1214 552 et

147 589 292 670 suspecta
315 589 378 662 fiet,
400 589 497 654 videri
517 591 728 657 scribendum:

349 711 410 757 neu
432 693 513 758 desis
536 715 638 778 opera,

151 799 291 881 exemplo
320 799 448 866 CaeserIs
481 799 562 881 apud
597 801 732 868 Gellium
754 802 838 878 XIII,
872 804 902 877 3,
937 803 973 867 5:
1006 805 1111 868 video-r
1138 803 1214 866 mite

147 957 156 974 ,
181 953 189 968 .
215 953 222 968 .
245 927 305 968 nou
329 905 439 980 labore,
460 925 522 968 ooo
544 927 644 989 opera,
667 929 728 970 reon
749 909 901 971 mdosteu’a
923 909 1062 992 deflete-ee.

248 1011 312 1076 Set.
334 1012 375 1088 ΙΙ,
398 1012 426 1086 6,
449 1012 506 1075 59:

207 1117 352 1182 Perditur
372 1118 437 1181 haeo
458 1117 540 1182 iuter
561 1117 676 1186 misero
696 1119 757 1195 lux,
778 1137 839 1184 nou
861 1119 927 1185 siue
949 1124 1038 1196 votis,
1063 1124 1121 1188 eet.

246 1223 317 1288 Non
347 1223 506 1288 ferendam
531 1243 599 1290 esse
621 1225 679 1290 hoo
699 1243 760 1290 uno
780 1225 852 1290 boni
874 1225 1033 1308 seripturis
1054 1225 1119 1290 Iooo
1141 1243 1214 1307 pue·

146 1329 247 1396 eiiam
269 1329 399 1392 formem
418 1329 542 1410 pedor,
575 1331 650 1396 eutis
672 1333 790 1397 eertum
813 1332 870 1405 eet,
909 1351 966 1396 neo
987 1331 1026 1398 ed
1047 1330 1212 1396 Horatium

147 1434 368 1518 inquinandum
400 1433 464 1498 ulle
486 1438 535 1500 eet
555 1435 699 1518 Prosperi
717 1437 772 1500 eut
794 1437 974 1521 Hieronymi
995 1439 1140 1520 quattuor
1162 1455 1212 1502 se-

154 1541 226 1605 eulis
249 1541 455 1622 posteriorum
476 1542 659 1617 auctoritem
679 1541 831 1606 eSeneeae
842 1543 947 1622 eutem
962 1543 1027 1608 loeo
1037 1543 1159 1610 indens.
1172 1543 1211 1607 ed

151 1643 240 1711 Mero.
277 1645 335 1722 22,
369 1645 675 1727 Squomadmoduru
706 1649 738 1712 et
759 1648 883 1714 oodioes
912 1650 944 1712 et
965 1649 1120 1716 sententie
1138 1670 1212 1732 pue
1253 1675 1260 1690 ·

153 1751 289 1814 duonum
310 1751 497 1827 removeant,
519 1753 590 1832 post
612 1751 739 1818 dicetur.
795 1753 856 1820 Sed
888 1754 969 1836 quod
991 1755 1209 1820 Laoirmennus

139 1861 285 1940 poryirur
295 1856 465 1935 substituit,
489 1860 525 1920 ut
544 1857 606 1939 ipsi
627 1859 698 1924 huio
720 1858 827 1924 formae
849 1861 982 1942 untiquae
1004 1861 1035 1924 in
1057 1861 1209 1927 sermoni-

144 1963 199 2028 bus
222 1963 345 2028 Horatii
366 1964 450 2027 loeus
472 1964 523 2038 eit,
556 1982 653 2046 neque
681 1965 797 2048 porrigi
820 1965 885 2029 dies
908 1964 1020 2030 dieitur
1041 1985 1150 2050 neque,
1184 1967 1210 2030 si

144 2069 305 2142 diceretur,
326 2067 358 2132 id
383 2069 569 2134 senteutiam
591 2070 718 2135 heberet
732 2070 800 2136 loeo
814 2073 930 2152 eptem.
965 2070 1098 2154 longius
1114 2071 1209 2135 etiem

144 2173 275 2240 discedit
301 2175 448 2256 preterit,
482 2175 573 2240 reid
605 2175 730 2257 quidem
752 2179 860 2257 aptum
897 2175 934 2240 de
963 2176 1011 2240 die
1045 2176 1124 2241 inter
1152 2176 1210 2240 hes

144 2297 242 2364 nugae
275 2264 422 2360 iouente
452 2283 482 2344 et
518 2281 631 2346 exeoto.
698 2281 801 2346 Unum
835 2284 868 2346 et
905 2283 1043 2367 vestigiis
1086 2282 1210 2348 truditae

146 2385 304 2467 scripturae
328 2387 359 2448 et
379 2385 423 2448 rei
446 2375 612 2450 satisfecit:

343 2489 497 2572 Meryiter
519 2492 584 2556 heee
606 2493 687 2556 inter
710 2493 822 2558 misere
846 2492 907 2569 iux,
935 2490 940 2494 ’

141 2595 199 2661 hoo
223 2599 280 2674 est,
304 2595 414 2660 eooidit
436 2596 519 2660 etin
542 2596 698 2662 Oeeanum
720 2598 794 2662 ruit.

243 2700 307 2766 Set.
330 2701 371 2778 ΙΙ,
403 2701 434 2780 8,
468 2702 497 2766 6.
540 2703 589 2766 Ne
611 2705 864 2785 vero‘praeoepte,
889 2701 970 2784 quod
992 2702 1066 2766 olim
1090 2705 1206 2784 (opusc.

142 2825 185 2872 ee.
210 2808 251 2884 ΙΙ,
277 2806 338 2868 218
360 2813 440 2888 sqq.)
462 2806 753 2890 exposui-noteto,
786 2806 868 2888 quod
892 2810 959 2871 tum
982 2809 1040 2874 eet.
1065 2809 1091 2888 Ι,
1115 2809 1144 2884 6,
1168 2807 1208 2869 13

143 2912 307 2978 edebatur:
325 2912 434 2995 potos
448 2913 544 2996 feyr't,
566 2913 616 2976 hio
636 2912 721 2976 lours
744 2930 913 2995 repugnare
930 2913 1080 2991 videatur,
1102 2913 1207 3008 dieen-

144 3017 216 3082 dum
241 3019 298 3096 est,
321 3019 365 3084 sio
387 3019 562 3103 interpungi
583 3019 709 3084 debere:

276 3123 307 3187 in
329 3123 438 3204 primis
461 3125 601 3189 Lucanus
623 3141 698 3206 aper
719 3123 782 3188 leni
804 3125 862 3190 fuit
888 3128 991 3192 austro

278 3230 396 3314 eaptus,

141 3333 198 3400 hoe
232 3338 294 3400 est:
326 3336 357 3398 iu
386 3335 494 3416 primis
531 3335 644 3416 (prime
678 3353 750 3400 esee
781 3355 808 3400 v.
837 3336 867 3414 5)
894 3336 953 3400 fuit
980 3355 1062 3419 aper,
1097 3337 1206 3419 eaptus

140 3438 202 3505 leni
223 3442 336 3505 austro.

240 3547 338 3630 Epist.
362 3546 391 3618 Ι,
426 3547 475 3622 14,
506 3546 548 3607 40
570 3548 741 3612 neceeeerIo
770 3549 866 3612 oratio
896 3548 940 3612 sie
960 3548 1207 3631 interpungendu

141 3656 206 3731 est,
238 3654 274 3716 ut
294 3653 357 3716 iem
380 3650 453 3714 olim
476 3652 624 3734 quosdam
647 3653 871 3736 interpunxisse
899 3653 931 3716 in
965 3654 1087 3718 sehoIiIs
1111 3671 1205 3718 enno-

139 3759 223 3823 tetur
245 3756 434 3840 quorundam
458 3757 615 3824 oodIcum:

237 3863 341 3930 rident
363 3862 454 3928 vieini
475 3864 581 3946 glebae
604 3864 636 3927 et
657 3881 729 3928 sere
750 3864 925 3928 moventem

240 3987 311 4034 eum
334 3969 441 4036 serris
485 3969 610 4036 Urbane
632 3969 728 4034 dierie
749 3970 856 4034 rodere
878 3970 988 4044 mavis,
1012 3970 1071 4032 eet.

143 4071 264 4138 Pondus
299 4093 402 4138 rerum
437 4074 658 4138 contrariarum
695 4077 742 4140 eet
773 4075 805 4138 in
836 4074 973 4151 urbana3
1015 4095 1083 4134 eom
1114 4072 1207 4133 seroie
