2938 4630
321 287 364 350 44
678 287 739 342 Lib.
758 287 806 342 VI.
824 285 891 356 Cup.
904 287 942 342 ΙΙ.

379 487 507 552 Prorsus
526 486 711 550 inusitatum
742 485 889 569 conopoea
909 487 946 548 de
967 506 1100 569 coepere,
1133 488 1286 553 usitatum
1312 492 1344 556 et

277 596 419 676 frequens
446 593 596 674 eodnpero
635 612 758 673 ooopm3
804 595 897 673 atque
932 591 1008 655 illud
1047 593 1166 657 etiamsi
1205 595 1339 677 dicatur,

279 701 373 766 aliam
394 698 535 764 videatur
555 697 667 792 habere
680 695 943 778 significationem,
955 700 990 761 ut
1001 697 1043 762 sit
1053 698 1230 781 stringendo
1241 701 1339 783 parti-

279 809 382 872 culam
405 801 716 884 doeonporeauferre.
761 801 982 878 (Adscribiturt
1006 807 1173 889 ἐπέγραψε
1196 809 1258 871 τοῦ
1283 801 1342 872 coi-

278 937 398 997 ματος.
416 929 422 938 ’
442 910 518 988 QuIs
537 909 570 971 id
591 907 689 970 dixit?
743 907 784 970 llt
805 908 832 972 si
853 907 969 973 dictum
992 913 1082 987 osset,
1106 912 1184 976 alius
1211 913 1259 976 ost
1280 914 1341 977 Le·

278 1020 362 1084 tinus
385 1035 466 1088 usus,
490 1014 567 1080 alius
590 1012 742 1094 oraecus.)
799 1013 925 1078 Poterat
950 1015 1105 1097 Vergilius
1142 1017 1272 1082 sciibere
1305 1018 1343 1082 de
1458 1029 1459 1108 j

277 1126 369 1190 hesta
391 1125 493 1187 cutem
516 1118 684 1202 personanti
711 1137 767 1181 nec
793 1121 898 1184 temen
926 1120 958 1183 in
989 1122 1134 1186 inteoiora
1155 1125 1342 1204 penetranti:

303 1263 306 1268 ·
403 1227 529 1292 tandem
552 1224 645 1288 otiam
668 1241 781 1305 magno
804 1225 891 1284 licat
910 1247 942 1287 ce
956 1245 1084 1308 corpore
1106 1229 1209 1292 lurni.

377 1334 417 1411 X,
441 1331 518 1394 769:

340 1439 421 1502 Huic
441 1439 618 1515 (Mezentio)
646 1437 753 1500 contra
772 1435 895 1513 AEnoan,
929 1439 1104 1518 speculatus
1136 1439 1168 1503 iu
1190 1439 1318 1522 agmine

1177 1546 1279 1629 longo,

341 1651 446 1716 obuius
467 1651 513 1714 ire
533 1649 630 1732 parat.

377 1757 436 1820 Hic
458 1755 582 1839 quidem
604 1751 806 1816 confidentius
828 1752 895 1817 dico
919 1771 1094 1835 perversam
1118 1773 1185 1820 esse
1207 1755 1341 1838 agminis

276 1861 361 1946 longi
383 1862 630 1944 appellationem,
652 1877 718 1940 quse
750 1859 873 1941 longam
907 1859 1035 1923 aliorum
1058 1863 1130 1941 post
1159 1862 1235 1925 elios
1257 1861 1343 1926 inoe-

277 1969 415 2033 dcntium
438 1967 549 2031 seriem
573 1963 736 2047 significet,
759 1982 824 2028 rem
847 1965 885 2028 ab
907 1964 1051 2028 hocloco
1073 1966 1217 2043 alienam,
1244 1967 1343 2049 scrip-

277 2075 404 2155 tumque
427 2091 445 2136 a
465 2073 557 2155 poeta
577 2071 659 2152 puto,
686 2069 765 2151 quod
784 2069 817 2132 in
841 2070 944 2134 oodioe
970 2069 1210 2155 Minorangiensi
1233 2075 1301 2136 este

760 2175 934 2257 speculatus
957 2176 987 2239 in
1012 2177 1134 2260 agmine
1159 2176 1256 2259 leupo,

280 2301 315 2348 eo
346 2282 470 2365 quidem
502 2281 612 2364 magis,
645 2280 725 2361 quod
751 2279 783 2344 in
813 2281 842 2344 li
868 2300 886 2346 a
908 2282 1008 2362 prima
1028 2299 1121 2346 menn
1145 2284 1194 2347 ost
1215 2283 1340 2349 tono.

278 2389 330 2453 Ad
364 2389 444 2452 hano
479 2405 495 2450 e
535 2386 699 2470 longinquo
740 2386 977 2467 speculationem
1019 2389 1125 2469 aptum
1162 2389 1266 2450 obvius
1299 2389 1344 2451 ire
1458 2419 1459 2422 ¹

272 2503 379 2578 parat.
423 2491 592 2575 [Inciderat
610 2491 643 2554 in
659 2489 789 2554 eandem
806 2493 991 2556 sententiam
1004 2493 1176 2567 (leentzius5
1198 2493 1343 2577 idemque

276 2600 360 2664 recte
380 2598 437 2671 XI,
459 2597 519 2658 214
542 2595 630 2678 Ionpe
651 2615 667 2658 e
689 2595 776 2660 codd.
800 2598 838 2661 bc
859 2597 1085 2662 restituendum
1105 2599 1279 2685 iudicavit]

377 2704 416 2779 X,
439 2701 516 2766 838:

490 2809 577 2872 fusus
597 2824 760 2888 proponam
783 2807 814 2870 in
837 2812 958 2890 pectore
975 2811 1116 2875 barbam.

377 2916 425 2979 De
456 2911 642 2994 dependenti
672 2911 766 2974 barba
798 2915 912 2978 rectius
942 2915 1061 2978 videtur
1085 2917 1270 2999 depectere,
1307 2918 1342 2978 ut

278 3021 406 3088 Ovidius
431 3020 512 3084 Fast.
536 3019 561 3094 Ι,
595 3017 655 3078 259
672 3037 843 3100 propenens
865 3020 907 3080 ad
932 3028 1059 3102 pectora
1096 3019 1223 3083 beatam
1257 3021 1342 3094 dixit,

281 3127 375 3192 Silius
397 3123 526 3188 Italicus
547 3121 639 3196 XIII,
662 3121 724 3184 310
740 3126 887 3206 propende
907 3125 939 3186 in
958 3137 1083 3208 pectore
1105 3127 1216 3190 barbis.

376 3229 431 3304 XI,
455 3227 515 3290 295
538 3246 636 3310 neque
650 3228 799 3292 librorum
815 3231 997 3312 scripturam
1021 3241 1061 3303 (et
1080 3253 1147 3314 pooe
1167 3233 1207 3292 oct
1230 3251 1342 3313 mapno
1458 3187 1459 3218 1

279 3339 423 3420 sententia
448 3333 535 3410 bello)
557 3333 714 3396 ferendam
736 3335 810 3416 puto
832 3353 930 3418 neque
953 3336 1152 3418 probandum,
1174 3325 1253 3419 qnod
1272 3354 1343 3417 pro·

276 3444 411 3526 positum
434 3441 535 3516 videm
557 3439 664 3521 mapoi
692 3441 1053 3524 sententiabolli310ngo
1076 3442 1158 3506 enim
1180 3443 1269 3506 aliter
1292 3439 1344 3505 Si-

276 3547 336 3611 lius
359 3546 449 3611 dixit:
472 3554 531 3606 scot
554 3545 697 3606 secontia
720 3546 797 3623 belli,
820 3547 877 3611 hoc
899 3553 955 3620 est
993 3548 1155 3612 consilium
1178 3551 1210 3612 et
1231 3547 1344 3613 docre-

276 3656 342 3718 tum
365 3653 438 3717 belli
459 3651 595 3735 gerendi.
640 3651 785 3716 Omnium
807 3653 1071 3734 simplicissimum
1095 3659 1158 3718 est:

376 3757 417 3823 Et
438 3776 584 3839 responsa
606 3757 697 3822 simul
720 3777 786 3839 quae
811 3759 882 3832 sint,
904 3777 957 3822 rex
979 3759 1103 3840 optime,
1125 3759 1218 3840 regis,

375 3864 551 3938 audisti'st
572 3883 638 3945 quae
661 3865 697 3925 de
718 3881 831 3946 magno
852 3864 1004 3927 sententia
1026 3863 1116 3941 bello,

277 3968 397 4033 sublata
419 3969 511 4033 etiam
537 3968 743 4052 geminatione
763 3969 864 4032 inani:
888 3978 915 4030 eo
936 3989 1003 4053 qooe
1023 3968 1136 4030 eioo-
1155 3978 1182 4030 eo
1203 3989 1271 4054 qne
1292 3967 1342 4032 eit.
