3018 4634
604 271 718 332 Quen·
736 273 806 332 Bell.
827 273 884 334 (tir.
1176 275 1236 340 ici

310 473 396 542 Belli
413 471 517 541 ciuilis
537 473 609 540 libri
628 473 721 557 primi
753 475 860 558 primis
882 474 1051 558 capitibus,
1087 474 1125 540 de
1146 493 1275 558 quorum

210 579 430 662 depravatione
448 580 598 664 singulari
618 595 717 662 supra·
730 579 803 655 diui,
825 595 888 646 nen
908 579 1041 646 multum
1063 579 1177 659 auxilii,
1199 581 1280 664 quod

212 701 274 751 non
296 687 335 751 air
357 687 427 752 aliie
447 685 627 768 occupatum
649 685 824 758 citatiore
870 683 979 768 Itaque
999 683 1139 750 indicato
1160 685 1279 768 elique-

208 791 268 858 tius
300 789 500 858 confirmandi
531 807 640 869 musa,
680 791 714 855 in
749 807 817 874 quae
848 789 888 857 ab
920 791 989 858 aliis
1015 791 1142 856 inventa
1170 792 1279 873 sponte

210 897 380 963 inciderim.
1154 907 1159 916 '

309 1002 376 1068 nio.
397 1002 423 1080 Ι,
445 1001 483 1066 4ι
526 1001 750 1086 Scipionem
784 1001 920 1068 eadem
948 1017 1041 1083 spes
1071 1000 1279 1083 provincia

210 1109 323 1190 atque
345 1109 586 1174 exercituum
608 1105 789 1190 impellit
814 1151 881 1183 ...,
904 1107 1020 1172 simul
1042 1105 1278 1172 indiciorum

209 1215 350 1290 metus,
381 1213 557 1279 adulatio
592 1215 706 1296 atque
743 1212 962 1300 ostentatio
990 1212 1049 1277 sui
1077 1213 1117 1276 et
1146 1212 1277 1296 potan-

208 1317 325 1397 tium,
366 1319 434 1402 qui
475 1319 515 1384 in
549 1335 627 1402 rep.
666 1315 905 1400 iudiciisque
947 1319 1027 1382 tum
1071 1316 1277 1399 plurimum

201 1425 433 1507 ¹pollebant.
475 1421 582 1508 Neque
598 1421 790 1508 significatur
811 1439 866 1488 nec
886 1421 978 1488 facilc
987 1421 1181 1506 intelligitur,
1203 1439 1278 1507 quos

210 1529 350 1595 heminas
375 1527 477 1611 Scipio
498 1529 642 1594 adulatus
663 1527 723 1603 sit,
744 1527 799 1593 aut
820 1527 968 1612 quomodo
989 1545 1027 1592 ea
1048 1527 1185 1594 adulatio
1207 1545 1278 1594 eum

209 1634 370 1720 impellere
390 1634 535 1717 potuerit.
592 1634 755 1712 (Homines
777 1633 952 1717 Scipionem
975 1633 1136 1699 addentes
1159 1634 1279 1719 signiti-

211 1739 276 1805 cari
296 1739 381 1804 nullo
413 1742 503 1823 pacto
533 1739 655 1823 patitur
672 1757 784 1804 nomeu
808 1757 879 1805 cum
902 1737 1055 1822 Scipionis
1084 1738 1181 1822 ipsius
1213 1756 1276 1822 cpe,

209 1845 305 1923 metu,
328 1846 532 1912 ostentatione
555 1846 776 1923 coniunctum.)
808 1845 939 1912 Accedit
957 1845 1158 1928 copulationis
1179 1845 1278 1911 forma

208 1949 318 2015 vitiosa
339 1950 466 2029 (simul
487 1951 760 2029 metus,‘adul.
783 1953 897 2036 atque
919 1953 1001 2030 cst.)
1057 1951 1168 2034 Itaque
1187 1951 1277 2017 ualde

210 2056 349 2139 suspicor
373 2056 546 2122 tollendum
568 2057 754 2124 adulationis
786 2075 897 2124 nornen
920 2075 1013 2142 prave
1034 2056 1074 2122 ad
1095 2057 1277 2124 ostentatio·

209 2162 258 2226 nis
279 2177 393 2227 nomen
415 2163 612 2246 adscriptum.
667 2162 728 2230 Sed
750 2164 818 2246 ipsa
839 2165 1006 2230 ostentatio
1027 2164 1075 2232 sui
1096 2166 1129 2230 ct
1151 2182 1275 2230 suarum

208 2282 310 2333 rerum
332 2268 395 2345 est;
418 2267 495 2332 aiios
517 2268 685 2351 (potentes)
708 2287 799 2335 nemo
821 2271 969 2335 ostentat.
1013 2269 1167 2354 Scriptum
1188 2269 1275 2336 uide·

205 2375 257 2438 tur
279 2373 389 2438 inisse:
422 2374 540 2438 simul
566 2374 802 2441 iudiciorum·
831 2377 959 2441 metus
992 2377 1107 2459 atque
1140 2378 1275 2442 oetan·

205 2479 310 2543 tatio
331 2479 392 2544 sui
410 2479 451 2543 et
466 2480 661 2563 potentio,
684 2503 756 2566 pua
779 2482 817 2546 in
839 2499 914 2565 rep.
936 2478 1174 2562 iudiciisque
1194 2481 1273 2544 turn

206 2583 412 2667 plurimum
430 2583 657 2669 pellatam)

306 2688 373 2755 Ibd.
395 2689 433 2753 6:
478 2689 686 2758 Marcellus
707 2711 796 2758 sero
818 2709 1020 2775 passurum
1041 2689 1078 2755 in
1100 2707 1272 2771 presen-

205 2794 262 2860 tia
296 2798 423 2878 negat.
458 2795 606 2891 'Codices
641 2817 711 2880 uon
748 2815 804 2880 pro
835 2814 924 2862 vero
959 2795 1085 2860 habent
1145 2794 1283 2875 Fumat

206 2901 326 2985 opinor:
373 2900 582 2968 Marcellus
607 2921 898 2987 conpetentem
922 2908 981 2970 eet.

305 3004 373 3073 lbd.
403 3005 438 3069 7:
471 3009 512 3072 ut
546 3008 759 3074 tribunicia
789 3008 1024 3075 intercessio
1060 3008 1175 3073 armis
1206 3026 1273 3073 no-

205 3111 357 3176 teretur
378 3110 504 3205 ‘atque
540 3115 838 3196 opprimeretur,
878 3133 956 3198 quae
1000 3111 1271 3196 superioribus

207 3214 317 3281 annis
357 3215 473 3282 armis
504 3221 609 3284 esset
641 3220 839 3288 restituta.
902 3219 1103 3288 Scribondum
1137 3219 1272 3302 primum

209 3445 405 3460 Μαι-.-

227 3627 248 3691 ¹)
278 3625 343 3698 Cap.
359 3629 375 3683 3
393 3631 629 3686 annotaveramsic
642 3633 811 3688 scribendum
826 3645 895 3690 esse:
914 3631 1117 3702 completur
1135 3633 1216 3688 urbs
1234 3636 1272 3687 et

277 3723 371 3786 ipsum
391 3721 475 3783 (codd.
494 3726 528 3777 et
557 3725 622 3793 ius)
648 3726 823 3780 comitium
852 3723 1022 3790 tribunis,
1051 3725 1270 3779 centurioni-

278 3809 349 3874 bus,
369 3815 533 3892 avocatie,
553 3817 664 3885 ignarus
681 3815 711 3870 in
729 3817 801 3872 idem
818 3815 945 3874 incidisse
964 3815 1092 3887 Hugium.
1113 3817 1166 3871 'In
1185 3820 1270 3874 comi·

276 3902 316 3956 tio
355 3907 417 3958 ante
452 3908 552 3962 curiam
587 3905 677 3963 Cesar
706 3907 859 3964 obuersatus
894 3909 1044 3981 significat,
1080 3912 1113 3964 ut
1142 3912 1267 3965 meatum

275 3997 415 4053 terrerent.
456 3995 521 4067 Cap.
551 3997 568 4054 5
600 4001 756 4052 terronam
792 3999 936 4058 audacia
965 4019 1024 4057 mea
1051 4005 1145 4072 sponte
1182 4003 1266 4072 scrip-

277 4103 376 4155 seram,
407 4104 466 4145 cum
489 4089 608 4146 nondum
631 4092 727 4146 scirem
744 4091 867 4148 Manutic
885 4093 957 4149 idem
974 4092 1117 4164 placuisse.
