2970 4648
300 231 364 298 430
630 281 634 288 .
656 229 939 302 hirsutorum

261 433 384 520 Lipsius
407 441 531 520 portum
553 429 669 496 ανωίὶὲο
692 427 777 494 cludi
795 447 889 512 prave
911 429 973 494 dici
994 429 1091 496 sensit
1111 433 1223 512 (neque
1244 427 1327 494 enim

260 538 409 608 auridum
430 538 553 624 portum
582 535 675 620 petit)
704 534 1070 619 scribendumqueease:
1092 537 1323 618 portumque

345 643 472 712 mutui
493 642 614 710 auxili
635 641 759 708 cludit
780 640 976 720 (miseris).¹)

361 750 428 817 lbd
454 747 484 828 6,
518 747 553 814 3:
604 748 702 832 Ergo
744 767 819 813 uon
861 745 1113 814 miserebitur
1155 746 1327 830 sapiens,

262 856 329 926 aod
366 856 582 936 succurret,
616 854 684 921 sed
718 853 907 937 proderit,
943 853 982 918 in
1014 870 1211 918 commune
1239 870 1329 918 aux-

264 963 373 1034 ilium
405 961 517 1030 uatus
549 979 591 1026 ac
627 958 824 1050 publicum
858 959 1013 1036 bouum,
1051 977 1092 1024 er
1123 976 1193 1042 quo
1215 956 1330 1024 ‘dabit

265 1069 402 1156 cuique
440 1069 604 1154 partem:
637 1065 756 1132 etiam
790 1064 836 1130 ad
870 1065 1121 1133 calamitosos
1153 1083 1218 1148 pro
1244 1083 1330 1146 por·

264 1175 367 1246 tloue
410 1171 679 1258 improbandos
733 1173 787 1242 et.
813 1170 1067 1238 emendandos
1109 1171 1330 1238 bonitatem

265 1300 371 1350 auam
404 1279 620 1365 permittet;
654 1275 835 1342 adflictis
868 1295 955 1343 vcro
987 1277 1179 1353 etscrtis
1207 1276 1331 1358 (culpa

269 1386 357 1456 addit
376 1385 526 1462 Haasius3
560 1382 726 1450 Pincianus
758 1385 790 1449 et
822 1383 876 1450 alii
897 1384 1090 1463 fortuitis)
1113 1383 1330 1450 laboranti·

266 1492 338 1561 bus
360 1492 479 1559 multo
499 1490 691 1556 libentius
713 1489 924 1558 subveniet.
957 1547 960 1554 .
985 1490 1021 1554 In
1043 1490 1100 1565 his,
1132 1507 1200 1572 qua
1222 1489 1332 1572 preter

267 1616 363 1666 uuum
395 1597 442 1685 iu.
462 1596 615 1662 codicibus
648 1613 793 1663 sanomm
828 1597 975 1680 speciem·
997 1596 1129 1670 habeut,
1168 1595 1269 1660 multa
1302 1595 1332 1658 et

269 1703 455 1790 grauissima
485 1705 558 1770 suut
584 1701 662 1769 v'itia
692 1703 863 1776 sententia.
912 1703 1052 1770 Primum
1078 1721 1133 1767 cur
1154 1701 1273 1768 etiam
1295 1697 1333 1764 ed

269 1807 464 1892 calamitosos
497 1808 671 1874 bonitatem
707 1809 913 1891 permissurus
947 1809 1071 1892 sepiens
1113 1807 1240 1882 dicitur,
1282 1803 1334 1888 qui
1461 1865 1462 1878 ,

269 1914 372 1997 primo
393 1913 459 1980 loco
479 1913 604 1980 iurandi
630 1913 772 1980 videntur
793 1917 884 1982 esse?
917 1913 1027 1980 deinde
1051 1933 1162 1998 quaro,
1201 1910 1276 1996 quid
1296 1909 1333 1975 ab
1461 1951 1462 1958 κ

270 2018 320 2084 hia
342 2020 388 2086 ita
408 2020 553 2086 differant
576 2019 739 2097 afflicti,
772 2022 809 2085 ut
839 2038 910 2084 oum
938 2019 1103 2086 adscensus
1126 2022 1199 2085 uota
1221 2020 1332 2096 (vero)
1461 2007 1462 2024 ¹

275 2125 397 2207 sapiens
425 2125 473 2192 his
505 2126 629 2193 multo
658 2126 846 2192 libentius
872 2127 1077 2194 ¹subventurus
1104 2144 1182 2194 esse,
1203 2123 1334 2196 dicaturt
1461 2137 1462 2140 ’

275 2231 344 2296 tum
376 2232 453 2298 scire
486 2232 590 2312 velim,
627 2252 681 2298 cur
711 2232 902 2316 portionis
934 2233 1052 2300 mentio
1082 2232 1116 2298 ln
1148 2229 1335 2297 calamitosis

274 2335 340 2414 liat,
374 2356 442 2421 quae
472 2340 503 2405 in
538 2339 678 2406 omuibus
712 2338 864 2406 seruanda
899 2337 1035 2416 videtum
1067 2339 1223 2421 postremo
1258 2349 1335 2408 vero,

274 2443 355 2525 quod
392 2444 527 2528 expedin‘
547 2446 631 2512 nullo
656 2447 747 2528 pacto
767 2447 885 2529 potest,
923 2463 977 2510 cur
998 2443 1037 2510 ad
1061 2444 1256 2512 calamitosos
1277 2459 1337 2506 non

273 2548 431 2628 iurandus,
467 2552 523 2619 sed
556 2550 764 2619 emendandos
803 2551 925 2618 bonitus
956 2549 1106 2634 sepientis
1139 2547 1337 2634 permittitur,
1461 2559 1462 2626 s

277 2658 366 2740 quasi
386 2657 558 2724 calamitosi
577 2658 677 2742 magis
699 2677 792 2742 quam
814 2657 962 2724 fortunati
983 2657 1059 2724 mali
1079 2657 1114 2722 ct
1133 2671 1243 2721 omues
1264 2649 1337 2717 muli
1461 2715 1462 2728 2

274 2763 362 2830 sint?
390 2783 463 2831 nam
492 2764 567 2848 quid
602 2765 643 2830 ad
675 2764 874 2840 calamitosos
899 2761 1174 2847 improbandos
1202 2757 1338 2824 boniute
1461 2733 1462 2820 Ϊ

274 2887 349 2954 opus
379 2870 423 2936 sit
449 2870 541 2936 etad
573 2887 625 2936 eos
657 2889 721 2954 pro
742 2870 918 2953 portione
938 2865 1226 2952 improbandos,
1266 2863 1339 2930 adeo
1461 2857 1462 2860 ’

276 2975 442 3060 excogitari
470 2974 588 3060 nequit,
623 2975 660 3040 ut
679 2994 804 3059 prorsus
825 2974 989 3042 ridiculum
1011 2974 1069 3041 hoc
1088 2973 1140 3040 eit
1183 2969 1266 3052 Quid
1287 2969 1340 3034 liet
1395 2987 1398 2994 ·

275 3080 394 3165 igitur?-
446 3081 636 3148 Removendi
656 3083 703 3150 ite
722 3083 797 3180 sunt
818 3080 1042 3148 calamitosi
1068 3079 1130 3154 illi,
1162 3078 1198 3144 ut
1217 3075 1340 3158 sapiens

276 3184 448 3252 bonitatem
471 3205 559 3254 suam
586 3188 766 3269 permittere
792 3187 913 3254 dicatur
940 3187 1033 3254 etiem
1064 3185 1104 3250 ad
1124 3181 1341 3269 improbandos

280 3294 313 3357 et
334 3293 551 3369 emendandos,
574 3293 631 3360 hoc
653 3297 716 3370 est,
750 3294 790 3359 ad
810 3293 950 3360 homines
977 3292 1080 3359 minua
1101 3292 1195 3358 bunos
1217 3291 1249 3354 ot
1269 3305 1341 3371 pro·
1461 3317 1462 3320 ¹

280 3397 337 3464 boa
370 3399 463 3482 atque
495 3401 709 3490 emendatione
737 3401 874 3486 egentes,
907 3399 1006 3466 multo
1033 3416 1105 3464 vero
1134 3393 1281 3462 libentius
1303 3389 1343 3456 ad

283 3503 432 3572 adflictos.
476 3504 528 3572 Sic
553 3506 649 3590 igitur
676 3507 858 3574 scribemus:
900 3523 942 3569 er
974 3521 1047 3587 quo
1075 3499 1183 3568 dabit
1208 3498 1343 3582 cuique

299 3857 321 3926 ¹)
350 3857 436 3912 Paulo
452 3848 517 3929 post
534 3857 575 3924 (4)
593 3853 665 3926 quod
693 3853 856 3924 ereatigiis
880 3851 980 3909 codicis
997 3851 1063 3908 Nau.
1082 3851 1250 3921 scripseram:
1279 3861 1345 3902 nou

349 3950 601 4020 potestantem
627 3961 769 4016 maguus
793 3963 867 4020 ease
895 3945 984 4002 idem
1002 3961 1039 4002 ac
1056 3944 1202 4009 mustum
1229 3952 1345 3996 meror

350 4045 410 4108 oet,
429 4041 569 4111 occuparit
586 4039 722 4110 Hauptius
740 4041 754 4095 1
772 4055 798 4110 p.
817 4043 843 4098 8.
