<?xml version="1.0" encoding="UTF-8"?>
<!DOCTYPE html PUBLIC "-//W3C//DTD XHTML 1.0 Transitional//EN"
    "http://www.w3.org/TR/xhtml1/DTD/xhtml1-transitional.dtd">
<html xmlns="http://www.w3.org/1999/xhtml" xml:lang="en" lang="en">
 <head>
  <title>
</title>
<meta http-equiv="Content-Type" content="text/html;charset=utf-8" />
  <meta name='ocr-system' content='tesseract 3.04.00' />
  <meta name='ocr-capabilities' content='ocr_page ocr_carea ocr_par ocr_line ocrx_word'/>
</head>
<body>
  <div class='ocr_page' id='page_1' title='image "./adversariacriti03madvgoog/adversariacriti03madvgoog_0672.png"; bbox 0 0 2918 4652; ppageno 0'>
   <div class='ocr_carea' id='block_1_1' title="bbox 631 257 1206 372">
    <p class='ocr_par' dir='ltr' id='par_1_1' title="bbox 631 257 1206 372">
     <span class='ocr_line' id='line_1_1' title="bbox 631 257 1206 372; baseline -0.003 -6"><span class='ocrx_word' id='word_1_1' title='bbox 631 311 745 368; x_wconf 88' lang='lat' dir='ltr'>Nonius.</span> <span class='ocrx_word' id='word_1_2' title='bbox 1120 310 1178 372; x_wconf 83' lang='grc'>661</span> <span class='ocrx_word' id='word_1_3' title='bbox 1203 257 1206 260; x_wconf 21' lang='lat'>¹</span> 
     </span>
    </p>
   </div>
   <div class='ocr_carea' id='block_1_2' title="bbox 139 508 1129 1130">
    <p class='ocr_par' dir='ltr' id='par_1_2' title="bbox 139 508 1129 1130">
     <span class='ocr_line' id='line_1_2' title="bbox 243 508 1056 594; baseline -0.004 -16"><span class='ocrx_word' id='word_1_4' title='bbox 243 512 446 578; x_wconf 76' lang='lat' dir='ltr'>Consteruare</span> <span class='ocrx_word' id='word_1_5' title='bbox 468 509 578 575; x_wconf 83' lang='lat' dir='ltr'>adimae</span> <span class='ocrx_word' id='word_1_6' title='bbox 601 529 636 575; x_wconf 86' lang='lat' dir='ltr'>cx</span> <span class='ocrx_word' id='word_1_7' title='bbox 658 511 781 594; x_wconf 79' lang='lat' dir='ltr'>pectore</span> <span class='ocrx_word' id='word_1_8' title='bbox 803 508 859 573; x_wconf 93' lang='lat' dir='ltr'>hac</span> <span class='ocrx_word' id='word_1_9' title='bbox 884 511 915 574; x_wconf 90' lang='lat' dir='ltr'>et</span> <span class='ocrx_word' id='word_1_10' title='bbox 929 509 1056 575; x_wconf 80' lang='lat' dir='ltr'>uoluere</span> 
     </span>
     <span class='ocr_line' id='line_1_3' title="bbox 244 615 1079 698; baseline -0.005 -15"><span class='ocrx_word' id='word_1_11' title='bbox 244 617 412 684; x_wconf 85' lang='lat' dir='ltr'>Consilium</span> <span class='ocrx_word' id='word_1_12' title='bbox 435 617 518 682; x_wconf 92' lang='lat' dir='ltr'>subit</span> <span class='ocrx_word' id='word_1_13' title='bbox 539 635 645 681; x_wconf 90' lang='lat' dir='ltr'>omnes</span> <span class='ocrx_word' id='word_1_14' title='bbox 668 615 748 698; x_wconf 89' lang='lat' dir='ltr'>quod</span> <span class='ocrx_word' id='word_1_15' title='bbox 771 615 882 679; x_wconf 83' lang='lat' dir='ltr'>denote</span> <span class='ocrx_word' id='word_1_16' title='bbox 904 617 952 680; x_wconf 89' lang='lat' dir='ltr'>cst</span> <span class='ocrx_word' id='word_1_17' title='bbox 972 615 1079 694; x_wconf 83' lang='lat' dir='ltr'>modo,·</span> 
     </span>
     <span class='ocr_line' id='line_1_4' title="bbox 244 719 1129 806; baseline 0 -18"><span class='ocrx_word' id='word_1_18' title='bbox 244 723 303 804; x_wconf 76' lang='lat' dir='ltr'>Qui</span> <span class='ocrx_word' id='word_1_19' title='bbox 325 725 413 806; x_wconf 91' lang='lat' dir='ltr'>pacto</span> <span class='ocrx_word' id='word_1_20' title='bbox 434 723 568 786; x_wconf 84' lang='lat' dir='ltr'>inimicis</span> <span class='ocrx_word' id='word_1_21' title='bbox 590 723 721 787; x_wconf 85' lang='lat' dir='ltr'>mortem</span> <span class='ocrx_word' id='word_1_22' title='bbox 744 721 776 785; x_wconf 86' lang='lat' dir='ltr'>et</span> <span class='ocrx_word' id='word_1_23' title='bbox 797 719 868 784; x_wconf 89' lang='lat' dir='ltr'>huic</span> <span class='ocrx_word' id='word_1_24' title='bbox 889 721 985 786; x_wconf 83' lang='lat' dir='ltr'>vitam</span> <span class='ocrx_word' id='word_1_25' title='bbox 1009 721 1129 788; x_wconf 80' lang='lat' dir='ltr'>afferas.</span> 
     </span>
     <span class='ocr_line' id='line_1_5' title="bbox 361 827 578 893; baseline -0.005 0"><span class='ocrx_word' id='word_1_26' title='bbox 361 827 578 893; x_wconf 85' lang='lat' dir='ltr'>Scribendum:</span> 
     </span>
     <span class='ocr_line' id='line_1_6' title="bbox 243 932 1037 1014; baseline -0.003 -16"><span class='ocrx_word' id='word_1_27' title='bbox 243 933 441 1012; x_wconf 69' lang='lat' dir='ltr'>Confirmare</span> <span class='ocrx_word' id='word_1_28' title='bbox 463 935 575 1008; x_wconf 83' lang='lat' dir='ltr'>anime,</span> <span class='ocrx_word' id='word_1_29' title='bbox 598 951 633 996; x_wconf 86' lang='lat' dir='ltr'>ex</span> <span class='ocrx_word' id='word_1_30' title='bbox 655 933 777 1014; x_wconf 78' lang='lat' dir='ltr'>pectore</span> <span class='ocrx_word' id='word_1_31' title='bbox 799 932 876 996; x_wconf 89' lang='lat' dir='ltr'>aude</span> <span class='ocrx_word' id='word_1_32' title='bbox 899 932 1037 997; x_wconf 82' lang='lat' dir='ltr'>evolvere</span> 
     </span>
     <span class='ocr_line' id='line_1_7' title="bbox 139 1030 1050 1130; baseline -0.003 -24"><span class='ocrx_word' id='word_1_33' title='bbox 139 1083 140 1086; x_wconf 57' lang='lat'><em>=</em></span> <span class='ocrx_word' id='word_1_34' title='bbox 244 1041 406 1106; x_wconf 89' lang='lat' dir='ltr'>eonsilium</span> <span class='ocrx_word' id='word_1_35' title='bbox 428 1039 570 1116; x_wconf 78' lang='lat' dir='ltr'>ruditum,</span> <span class='ocrx_word' id='word_1_36' title='bbox 591 1059 639 1100; x_wconf 83' lang='lat' dir='ltr'>ree</span> <span class='ocrx_word' id='word_1_37' title='bbox 662 1038 744 1123; x_wconf 81' lang='lat' dir='ltr'>quod</span> <span class='ocrx_word' id='word_1_38' title='bbox 765 1041 856 1103; x_wconf 81' lang='lat' dir='ltr'>enata</span> <span class='ocrx_word' id='word_1_39' title='bbox 878 1030 927 1130; x_wconf 77' lang='lat' dir='ltr'>es&#39;t</span> <span class='ocrx_word' id='word_1_40' title='bbox 947 1039 1050 1113; x_wconf 78' lang='lat' dir='ltr'>modo,</span> 
     </span>
    </p>
   </div>
   <div class='ocr_carea' id='block_1_3' title="bbox 124 1145 1270 4184">
    <p class='ocr_par' dir='ltr' id='par_1_3' title="bbox 124 1145 1120 1230">
     <span class='ocr_line' id='line_1_8' title="bbox 124 1145 1120 1230; baseline -0.001 -19"><span class='ocrx_word' id='word_1_41' title='bbox 124 1165 126 1168; x_wconf 84' lang='lat'>·</span> <span class='ocrx_word' id='word_1_42' title='bbox 244 1148 295 1230; x_wconf 90' lang='lat' dir='ltr'>qui</span> <span class='ocrx_word' id='word_1_43' title='bbox 317 1150 405 1230; x_wconf 85' lang='lat' dir='ltr'>pacto</span> <span class='ocrx_word' id='word_1_44' title='bbox 426 1147 558 1212; x_wconf 90' lang='lat' dir='ltr'>inimicis</span> <span class='ocrx_word' id='word_1_45' title='bbox 582 1147 714 1210; x_wconf 86' lang='lat' dir='ltr'>mortem</span> <span class='ocrx_word' id='word_1_46' title='bbox 738 1147 770 1209; x_wconf 86' lang='lat' dir='ltr'>et</span> <span class='ocrx_word' id='word_1_47' title='bbox 791 1145 862 1209; x_wconf 88' lang='lat' dir='ltr'>huic</span> <span class='ocrx_word' id='word_1_48' title='bbox 883 1146 978 1210; x_wconf 86' lang='lat' dir='ltr'>vitam</span> <span class='ocrx_word' id='word_1_49' title='bbox 1001 1145 1120 1210; x_wconf 80' lang='lat' dir='ltr'>afferes</span> 
     </span>
    </p>

    <p class='ocr_par' dir='ltr' id='par_1_4' title="bbox 160 1249 1225 1531">
     <span class='ocr_line' id='line_1_9' title="bbox 260 1249 1225 1330; baseline -0.006 -12"><span class='ocrx_word' id='word_1_50' title='bbox 260 1255 295 1320; x_wconf 85' lang='lat' dir='ltr'>P.</span> <span class='ocrx_word' id='word_1_51' title='bbox 309 1253 370 1317; x_wconf 74' lang='lat'>270</span> <span class='ocrx_word' id='word_1_52' title='bbox 385 1253 573 1330; x_wconf 83' lang='lat' dir='ltr'>(concedere)</span> <span class='ocrx_word' id='word_1_53' title='bbox 595 1251 781 1316; x_wconf 76' lang='lat' dir='ltr'>Lucilius</span> <span class='ocrx_word' id='word_1_54' title='bbox 804 1251 868 1314; x_wconf 91' lang='lat' dir='ltr'>lib.</span> <span class='ocrx_word' id='word_1_55' title='bbox 891 1249 1049 1314; x_wconf 84' lang='lat' dir='ltr'>XXVII:</span> <span class='ocrx_word' id='word_1_56' title='bbox 1073 1251 1113 1313; x_wconf 89' lang='lat' dir='ltr'>ln</span> <span class='ocrx_word' id='word_1_57' title='bbox 1136 1267 1225 1314; x_wconf 86' lang='lat' dir='ltr'>cou-</span> 
     </span>
     <span class='ocr_line' id='line_1_10' title="bbox 160 1357 1225 1442; baseline -0.003 -19"><span class='ocrx_word' id='word_1_58' title='bbox 160 1359 294 1424; x_wconf 78' lang='lat' dir='ltr'>cedere</span> <span class='ocrx_word' id='word_1_59' title='bbox 315 1363 561 1442; x_wconf 86' lang='lat' dir='ltr'>unnm-atque</span> <span class='ocrx_word' id='word_1_60' title='bbox 580 1359 621 1440; x_wconf 90' lang='lat' dir='ltr'>in</span> <span class='ocrx_word' id='word_1_61' title='bbox 645 1375 685 1422; x_wconf 92' lang='lat' dir='ltr'>eo</span> <span class='ocrx_word' id='word_1_62' title='bbox 709 1357 798 1420; x_wconf 91' lang='lat' dir='ltr'>dare</span> <span class='ocrx_word' id='word_1_63' title='bbox 820 1375 892 1438; x_wconf 93' lang='lat' dir='ltr'>qno</span> <span class='ocrx_word' id='word_1_64' title='bbox 913 1359 1123 1438; x_wconf 87' lang='lat' dir='ltr'>superatus</span> <span class='ocrx_word' id='word_1_65' title='bbox 1146 1369 1225 1420; x_wconf 91' lang='lat' dir='ltr'>ma-</span> 
     </span>
     <span class='ocr_line' id='line_1_11' title="bbox 160 1465 379 1531; baseline 0 -2"><span class='ocrx_word' id='word_1_66' title='bbox 160 1484 240 1531; x_wconf 83' lang='lat' dir='ltr'>nue.</span> <span class='ocrx_word' id='word_1_67' title='bbox 284 1465 379 1531; x_wconf 87' lang='lat' dir='ltr'>Scrib.</span> 
     </span>
    </p>

    <p class='ocr_par' dir='ltr' id='par_1_5' title="bbox 210 1567 1025 1658">
     <span class='ocr_line' id='line_1_12' title="bbox 210 1567 1025 1658; baseline -0.001 -25"><span class='ocrx_word' id='word_1_68' title='bbox 210 1654 212 1658; x_wconf 8' lang='lat' dir='ltr'>y</span> <span class='ocrx_word' id='word_1_69' title='bbox 647 1645 649 1649; x_wconf 12' lang='lat' dir='ltr'>v</span> <span class='ocrx_word' id='word_1_70' title='bbox 806 1567 841 1632; x_wconf 92' lang='lat' dir='ltr'>Id</span> <span class='ocrx_word' id='word_1_71' title='bbox 864 1567 1025 1634; x_wconf 84' lang='lat' dir='ltr'>concedere</span> 
     </span>
    </p>

    <p class='ocr_par' dir='ltr' id='par_1_6' title="bbox 139 1675 1118 1870">
     <span class='ocr_line' id='line_1_13' title="bbox 245 1675 1118 1760; baseline -0.002 -20"><span class='ocrx_word' id='word_1_72' title='bbox 245 1675 347 1741; x_wconf 90' lang='lat' dir='ltr'>Unum</span> <span class='ocrx_word' id='word_1_73' title='bbox 370 1682 461 1760; x_wconf 86' lang='lat' dir='ltr'>atque</span> <span class='ocrx_word' id='word_1_74' title='bbox 482 1677 514 1740; x_wconf 91' lang='lat' dir='ltr'>iu</span> <span class='ocrx_word' id='word_1_75' title='bbox 539 1693 574 1740; x_wconf 87' lang='lat' dir='ltr'>ec</span> <span class='ocrx_word' id='word_1_76' title='bbox 596 1676 668 1740; x_wconf 88' lang='lat' dir='ltr'>dare</span> <span class='ocrx_word' id='word_1_77' title='bbox 692 1695 766 1759; x_wconf 82' lang='lat' dir='ltr'>queo</span> <span class='ocrx_word' id='word_1_78' title='bbox 788 1675 949 1756; x_wconf 87' lang='lat' dir='ltr'>superatus</span> <span class='ocrx_word' id='word_1_79' title='bbox 971 1693 1090 1739; x_wconf 85' lang='lat' dir='ltr'>manus.</span> <span class='ocrx_word' id='word_1_80' title='bbox 1117 1719 1118 1723; x_wconf 46' lang='lat'><em>=</em></span> 
     </span>
     <span class='ocr_line' id='line_1_14' title="bbox 139 1779 1077 1870; baseline -0.003 -24"><span class='ocrx_word' id='word_1_81' title='bbox 139 1819 142 1826; x_wconf 91' lang='lat'>·</span> <span class='ocrx_word' id='word_1_82' title='bbox 260 1782 295 1848; x_wconf 86' lang='lat' dir='ltr'>P.</span> <span class='ocrx_word' id='word_1_83' title='bbox 318 1782 378 1844; x_wconf 82' lang='lat'>276</span> <span class='ocrx_word' id='word_1_84' title='bbox 402 1783 572 1858; x_wconf 82' lang='lat' dir='ltr'>(damnare)</span> <span class='ocrx_word' id='word_1_85' title='bbox 595 1781 771 1870; x_wconf 87' lang='lat' dir='ltr'>Lucilius</span> <span class='ocrx_word' id='word_1_86' title='bbox 793 1781 900 1844; x_wconf 86' lang='lat' dir='ltr'>satir.</span> <span class='ocrx_word' id='word_1_87' title='bbox 922 1781 985 1844; x_wconf 87' lang='lat' dir='ltr'>lib.</span> <span class='ocrx_word' id='word_1_88' title='bbox 1009 1779 1077 1844; x_wconf 88' lang='lat' dir='ltr'>XI:</span> 
     </span>
    </p>

    <p class='ocr_par' dir='ltr' id='par_1_7' title="bbox 244 1885 1075 1970">
     <span class='ocr_line' id='line_1_15' title="bbox 244 1885 1075 1970; baseline -0.002 -18"><span class='ocrx_word' id='word_1_89' title='bbox 244 1887 361 1952; x_wconf 82' lang='lat' dir='ltr'>Cassiu&#39;</span> <span class='ocrx_word' id='word_1_90' title='bbox 384 1887 488 1953; x_wconf 75' lang='lat' dir='ltr'>Gaius</span> <span class='ocrx_word' id='word_1_91' title='bbox 501 1887 552 1952; x_wconf 89' lang='lat' dir='ltr'>hic</span> <span class='ocrx_word' id='word_1_92' title='bbox 573 1887 730 1970; x_wconf 57' lang='lat' dir='ltr'>operario&#39;,</span> <span class='ocrx_word' id='word_1_93' title='bbox 753 1905 844 1970; x_wconf 88' lang='lat' dir='ltr'>quem</span> <span class='ocrx_word' id='word_1_94' title='bbox 867 1885 1075 1970; x_wconf 84' lang='lat' dir='ltr'>Cephalonem</span> 
     </span>
    </p>

    <p class='ocr_par' dir='ltr' id='par_1_8' title="bbox 245 1993 1115 2075">
     <span class='ocr_line' id='line_1_16' title="bbox 245 1993 1115 2075; baseline 0.001 -20"><span class='ocrx_word' id='word_1_95' title='bbox 245 1993 369 2057; x_wconf 83' lang='lat' dir='ltr'>dicimu&#39;</span> <span class='ocrx_word' id='word_1_96' title='bbox 391 1996 550 2067; x_wconf 80' lang='lat' dir='ltr'>sectorem,</span> <span class='ocrx_word' id='word_1_97' title='bbox 572 1993 759 2075; x_wconf 78' lang='lat' dir='ltr'>Furiumque</span> <span class='ocrx_word' id='word_1_98' title='bbox 781 1993 863 2058; x_wconf 87' lang='lat' dir='ltr'>huuc</span> <span class='ocrx_word' id='word_1_99' title='bbox 882 1993 1002 2058; x_wconf 80' lang='lat' dir='ltr'>Tullius</span> <span class='ocrx_word' id='word_1_100' title='bbox 1024 2011 1115 2075; x_wconf 89' lang='lat' dir='ltr'>quem</span> 
     </span>
    </p>

    <p class='ocr_par' dir='ltr' id='par_1_9' title="bbox 245 2092 1025 2165">
     <span class='ocr_line' id='line_1_17' title="bbox 245 2092 1025 2165; baseline 0.006 -5"><span class='ocrx_word' id='word_1_101' title='bbox 245 2098 338 2163; x_wconf 82' lang='lat' dir='ltr'>Index</span> <span class='ocrx_word' id='word_1_102' title='bbox 360 2099 503 2164; x_wconf 84' lang='lat' dir='ltr'>heredem</span> <span class='ocrx_word' id='word_1_103' title='bbox 525 2098 600 2164; x_wconf 87' lang='lat' dir='ltr'>iacit</span> <span class='ocrx_word' id='word_1_104' title='bbox 623 2101 654 2163; x_wconf 94' lang='lat' dir='ltr'>et</span> <span class='ocrx_word' id='word_1_105' title='bbox 677 2092 813 2164; x_wconf 83' lang='lat' dir='ltr'>damuati</span> <span class='ocrx_word' id='word_1_106' title='bbox 835 2099 887 2164; x_wconf 85' lang='lat' dir='ltr'>elii</span> <span class='ocrx_word' id='word_1_107' title='bbox 909 2117 1025 2165; x_wconf 88' lang='lat' dir='ltr'>omues.</span> 
     </span>
    </p>

    <p class='ocr_par' dir='ltr' id='par_1_10' title="bbox 161 2203 955 2280">
     <span class='ocr_line' id='line_1_18' title="bbox 161 2203 955 2280; baseline 0 -12"><span class='ocrx_word' id='word_1_108' title='bbox 161 2203 318 2270; x_wconf 85' lang='lat' dir='ltr'>Adhibitis</span> <span class='ocrx_word' id='word_1_109' title='bbox 340 2205 469 2270; x_wconf 85' lang='lat' dir='ltr'>aliorum</span> <span class='ocrx_word' id='word_1_110' title='bbox 491 2206 673 2280; x_wconf 79' lang='lat' dir='ltr'>coniecturis</span> <span class='ocrx_word' id='word_1_111' title='bbox 696 2204 777 2269; x_wconf 82' lang='lat' dir='ltr'>effici</span> <span class='ocrx_word' id='word_1_112' title='bbox 799 2204 903 2269; x_wconf 87' lang='lat' dir='ltr'>debet:</span> <span class='ocrx_word' id='word_1_113' title='bbox 953 2217 955 2222; x_wconf 82' lang='grc'><em>·</em></span> 
     </span>
    </p>

    <p class='ocr_par' dir='ltr' id='par_1_11' title="bbox 247 2308 1077 2394">
     <span class='ocr_line' id='line_1_19' title="bbox 247 2308 1077 2394; baseline -0.005 -20"><span class='ocrx_word' id='word_1_114' title='bbox 247 2309 364 2376; x_wconf 82' lang='lat' dir='ltr'>Cessiu&#39;</span> <span class='ocrx_word' id='word_1_115' title='bbox 386 2309 482 2376; x_wconf 77' lang='lat' dir='ltr'>Gaius</span> <span class='ocrx_word' id='word_1_116' title='bbox 503 2311 553 2374; x_wconf 91' lang='lat' dir='ltr'>hic</span> <span class='ocrx_word' id='word_1_117' title='bbox 574 2310 732 2392; x_wconf 86' lang='lat' dir='ltr'>operariu&#39;‚</span> <span class='ocrx_word' id='word_1_118' title='bbox 755 2329 845 2393; x_wconf 83' lang='lat' dir='ltr'>quem</span> <span class='ocrx_word' id='word_1_119' title='bbox 875 2308 1077 2394; x_wconf 78' lang='lat' dir='ltr'>Cephaleuum</span> 
     </span>
    </p>

    <p class='ocr_par' dir='ltr' id='par_1_12' title="bbox 247 2403 1270 2498">
     <span class='ocr_line' id='line_1_20' title="bbox 247 2403 1270 2498; baseline 0 -20"><span class='ocrx_word' id='word_1_120' title='bbox 247 2416 370 2487; x_wconf 86' lang='lat' dir='ltr'>dicimu&#39;</span> <span class='ocrx_word' id='word_1_121' title='bbox 393 2416 544 2480; x_wconf 76' lang='lat' dir='ltr'>sectorem</span> <span class='ocrx_word' id='word_1_122' title='bbox 567 2415 739 2498; x_wconf 86' lang='lat' dir='ltr'>furemque;</span> <span class='ocrx_word' id='word_1_123' title='bbox 761 2415 842 2478; x_wconf 88' lang='lat' dir='ltr'>huuc</span> <span class='ocrx_word' id='word_1_124' title='bbox 867 2415 997 2492; x_wconf 80' lang='lat' dir='ltr'>Tullius,</span> <span class='ocrx_word' id='word_1_125' title='bbox 1018 2414 1153 2497; x_wconf 89' lang='lat' dir='ltr'>inquam,</span> <span class='ocrx_word' id='word_1_126' title='bbox 1265 2403 1270 2414; x_wconf 81' lang='grc'>’</span> 
     </span>
    </p>

    <p class='ocr_par' dir='ltr' id='par_1_13' title="bbox 165 2511 1143 2709">
     <span class='ocr_line' id='line_1_21' title="bbox 247 2511 1143 2594; baseline -0.001 -9"><span class='ocrx_word' id='word_1_127' title='bbox 247 2520 339 2585; x_wconf 85' lang='lat' dir='ltr'>Index</span> <span class='ocrx_word' id='word_1_128' title='bbox 361 2519 503 2584; x_wconf 84' lang='lat' dir='ltr'>heredem</span> <span class='ocrx_word' id='word_1_129' title='bbox 526 2511 653 2594; x_wconf 77' lang='lat' dir='ltr'>facita</span> <span class='ocrx_word' id='word_1_130' title='bbox 689 2520 836 2581; x_wconf 76' lang='lat' dir='ltr'>damnant</span> <span class='ocrx_word' id='word_1_131' title='bbox 857 2521 911 2585; x_wconf 88' lang='lat' dir='ltr'>alii</span> <span class='ocrx_word' id='word_1_132' title='bbox 933 2537 1049 2585; x_wconf 90' lang='lat' dir='ltr'>omnes.</span> <span class='ocrx_word' id='word_1_133' title='bbox 1140 2521 1143 2528; x_wconf 84' lang='grc'><strong><em>’</em></strong></span> 
     </span>
     <span class='ocr_line' id='line_1_22' title="bbox 165 2626 739 2709; baseline -0.003 -19"><span class='ocrx_word' id='word_1_134' title='bbox 165 2627 357 2709; x_wconf 81' lang='lat' dir='ltr'>Quamquam</span> <span class='ocrx_word' id='word_1_135' title='bbox 379 2627 509 2690; x_wconf 82' lang='lat' dir='ltr'>fortasse</span> <span class='ocrx_word' id='word_1_136' title='bbox 531 2626 643 2690; x_wconf 89' lang='lat' dir='ltr'>rectius</span> <span class='ocrx_word' id='word_1_137' title='bbox 665 2626 739 2689; x_wconf 91' lang='lat' dir='ltr'>erit:</span> 
     </span>
    </p>

    <p class='ocr_par' dir='ltr' id='par_1_14' title="bbox 551 2721 1125 2813">
     <span class='ocr_line' id='line_1_23' title="bbox 551 2721 1125 2813; baseline 0 -18"><span class='ocrx_word' id='word_1_138' title='bbox 551 2731 733 2813; x_wconf 53' lang='lat' dir='ltr'>*furemque</span> <span class='ocrx_word' id='word_1_139' title='bbox 758 2730 815 2806; x_wconf 78' lang='lat' dir='ltr'>hie,</span> <span class='ocrx_word' id='word_1_140' title='bbox 838 2731 967 2808; x_wconf 76' lang='lat' dir='ltr'>Tollius,</span> <span class='ocrx_word' id='word_1_141' title='bbox 990 2721 1125 2813; x_wconf 76' lang='lat' dir='ltr'>inquam,</span> 
     </span>
    </p>

    <p class='ocr_par' dir='ltr' id='par_1_15' title="bbox 165 2835 1226 3140">
     <span class='ocr_line' id='line_1_24' title="bbox 247 2835 1173 2928; baseline -0.004 -25"><span class='ocrx_word' id='word_1_142' title='bbox 247 2838 345 2919; x_wconf 76' lang='lat' dir='ltr'>Quem</span> <span class='ocrx_word' id='word_1_143' title='bbox 367 2837 462 2928; x_wconf 76' lang='lat' dir='ltr'>index</span> <span class='ocrx_word' id='word_1_144' title='bbox 486 2835 629 2900; x_wconf 88' lang='lat' dir='ltr'>heredem</span> <span class='ocrx_word' id='word_1_145' title='bbox 651 2836 734 2911; x_wconf 85' lang='lat' dir='ltr'>iacit,</span> <span class='ocrx_word' id='word_1_146' title='bbox 760 2838 793 2900; x_wconf 83' lang='lat' dir='ltr'>at</span> <span class='ocrx_word' id='word_1_147' title='bbox 815 2835 962 2900; x_wconf 87' lang='lat' dir='ltr'>damnant</span> <span class='ocrx_word' id='word_1_148' title='bbox 983 2836 1037 2900; x_wconf 87' lang='lat' dir='ltr'>alii</span> <span class='ocrx_word' id='word_1_149' title='bbox 1060 2854 1173 2901; x_wconf 92' lang='lat' dir='ltr'>omues.</span> 
     </span>
     <span class='ocr_line' id='line_1_25' title="bbox 165 2941 1226 3026; baseline 0 -18"><span class='ocrx_word' id='word_1_150' title='bbox 165 2943 355 3026; x_wconf 85' lang='lat' dir='ltr'>Cephaleniae</span> <span class='ocrx_word' id='word_1_151' title='bbox 392 2943 621 3026; x_wconf 72' lang='lat' dir='ltr'>(Cephallaniae)</span> <span class='ocrx_word' id='word_1_152' title='bbox 658 2942 774 3007; x_wconf 86' lang='lat' dir='ltr'>incolas</span> <span class='ocrx_word' id='word_1_153' title='bbox 811 2943 978 3008; x_wconf 71' lang='lat' dir='ltr'>vomuerat</span> <span class='ocrx_word' id='word_1_154' title='bbox 1006 2941 1129 3008; x_wconf 79' lang='lat' dir='ltr'>Cassius</span> <span class='ocrx_word' id='word_1_155' title='bbox 1161 2943 1226 3008; x_wconf 85' lang='lat' dir='ltr'>sive</span> 
     </span>
     <span class='ocr_line' id='line_1_26' title="bbox 165 3046 1062 3140; baseline -0.001 -26"><span class='ocrx_word' id='word_1_156' title='bbox 165 3049 344 3140; x_wconf 77' lang='lat' dir='ltr'>publicanus</span> <span class='ocrx_word' id='word_1_157' title='bbox 367 3049 430 3113; x_wconf 86' lang='lat' dir='ltr'>sive</span> <span class='ocrx_word' id='word_1_158' title='bbox 451 3049 605 3114; x_wconf 84' lang='lat' dir='ltr'>fenerator</span> <span class='ocrx_word' id='word_1_159' title='bbox 626 3047 689 3113; x_wconf 89' lang='lat' dir='ltr'>sive</span> <span class='ocrx_word' id='word_1_160' title='bbox 711 3046 881 3129; x_wconf 84' lang='lat' dir='ltr'>praefectus·</span> <span class='ocrx_word' id='word_1_161' title='bbox 893 3046 1062 3129; x_wconf 85' lang='lat' dir='ltr'>legatusre.</span> 
     </span>
    </p>

    <p class='ocr_par' dir='ltr' id='par_1_16' title="bbox 134 3152 1228 3660">
     <span class='ocr_line' id='line_1_27' title="bbox 254 3152 1225 3240; baseline 0.002 -22"><span class='ocrx_word' id='word_1_162' title='bbox 254 3154 299 3218; x_wconf 75' lang='lat' dir='ltr'>r.</span> <span class='ocrx_word' id='word_1_163' title='bbox 323 3152 384 3216; x_wconf 77' lang='lat'>294</span> <span class='ocrx_word' id='word_1_164' title='bbox 417 3154 571 3240; x_wconf 85' lang='lat' dir='ltr'>(evadere)</span> <span class='ocrx_word' id='word_1_165' title='bbox 616 3153 776 3219; x_wconf 82' lang='lat' dir='ltr'>Sisenna</span> <span class='ocrx_word' id='word_1_166' title='bbox 798 3152 1048 3219; x_wconf 87' lang='lat' dir='ltr'>historiarum</span> <span class='ocrx_word' id='word_1_167' title='bbox 1073 3155 1136 3220; x_wconf 85' lang='lat' dir='ltr'>lib.</span> <span class='ocrx_word' id='word_1_168' title='bbox 1159 3155 1225 3220; x_wconf 85' lang='lat' dir='ltr'>IV:</span> 
     </span>
     <span class='ocr_line' id='line_1_28' title="bbox 165 3258 1228 3342; baseline 0 -18"><span class='ocrx_word' id='word_1_169' title='bbox 165 3258 309 3324; x_wconf 80' lang='lat' dir='ltr'>C&#39;ohcrs</span> <span class='ocrx_word' id='word_1_170' title='bbox 345 3278 418 3323; x_wconf 85' lang='lat' dir='ltr'>une</span> <span class='ocrx_word' id='word_1_171' title='bbox 457 3260 599 3342; x_wconf 82' lang='lat' dir='ltr'>passim</span> <span class='ocrx_word' id='word_1_172' title='bbox 634 3261 841 3336; x_wconf 70' lang='lat' dir='ltr'>concitata,</span> <span class='ocrx_word' id='word_1_173' title='bbox 884 3277 1102 3341; x_wconf 87' lang='lat' dir='ltr'>quamurus</span> <span class='ocrx_word' id='word_1_174' title='bbox 1145 3262 1228 3324; x_wconf 86' lang='lat' dir='ltr'>crat</span> 
     </span>
     <span class='ocr_line' id='line_1_29' title="bbox 163 3365 1225 3448; baseline -0.001 -19"><span class='ocrx_word' id='word_1_175' title='bbox 163 3365 419 3448; x_wconf 86' lang='lat' dir='ltr'>interruptus,</span> <span class='ocrx_word' id='word_1_176' title='bbox 443 3365 580 3430; x_wconf 87' lang='lat' dir='ltr'>evadit.</span> <span class='ocrx_word' id='word_1_177' title='bbox 606 3365 760 3447; x_wconf 81' lang='lat' dir='ltr'>Scriptum</span> <span class='ocrx_word' id='word_1_178' title='bbox 772 3365 873 3429; x_wconf 86' lang='lat' dir='ltr'>fueret</span> <span class='ocrx_word' id='word_1_179' title='bbox 887 3365 1225 3448; x_wconf 71' lang='lat' dir='ltr'>perreconditam,</span> 
     </span>
     <span class='ocr_line' id='line_1_30' title="bbox 166 3469 1225 3564; baseline 0.001 -29"><span class='ocrx_word' id='word_1_180' title='bbox 166 3471 226 3536; x_wconf 89' lang='lat' dir='ltr'>etsi</span> <span class='ocrx_word' id='word_1_181' title='bbox 256 3490 394 3552; x_wconf 86' lang='lat' dir='ltr'>passus</span> <span class='ocrx_word' id='word_1_182' title='bbox 427 3491 481 3554; x_wconf 91' lang='lat' dir='ltr'>pro</span> <span class='ocrx_word' id='word_1_183' title='bbox 513 3470 634 3555; x_wconf 85' lang='lat' dir='ltr'>gradu</span> <span class='ocrx_word' id='word_1_184' title='bbox 666 3471 766 3555; x_wconf 85' lang='lat' dir='ltr'>magis</span> <span class='ocrx_word' id='word_1_185' title='bbox 794 3469 875 3564; x_wconf 82' lang='lat' dir='ltr'>apud</span> <span class='ocrx_word' id='word_1_186' title='bbox 901 3473 1007 3553; x_wconf 88' lang='lat' dir='ltr'>poetas</span> <span class='ocrx_word' id='word_1_187' title='bbox 1030 3472 1060 3535; x_wconf 89' lang='lat' dir='ltr'>in</span> <span class='ocrx_word' id='word_1_188' title='bbox 1083 3490 1140 3536; x_wconf 85' lang='lat' dir='ltr'>usu</span> <span class='ocrx_word' id='word_1_189' title='bbox 1164 3475 1225 3550; x_wconf 88' lang='lat' dir='ltr'>est;</span> 
     </span>
     <span class='ocr_line' id='line_1_31' title="bbox 134 3577 664 3660; baseline 0.004 -20"><span class='ocrx_word' id='word_1_190' title='bbox 134 3603 137 3608; x_wconf 95' lang='lat'>·</span> <span class='ocrx_word' id='word_1_191' title='bbox 165 3577 421 3643; x_wconf 75' lang='lat' dir='ltr'>Enniusceleri</span> <span class='ocrx_word' id='word_1_192' title='bbox 443 3597 558 3660; x_wconf 85' lang='lat' dir='ltr'>passu</span> <span class='ocrx_word' id='word_1_193' title='bbox 580 3578 664 3642; x_wconf 83' lang='lat' dir='ltr'>dixit.</span> 
     </span>
    </p>

    <p class='ocr_par' dir='ltr' id='par_1_17' title="bbox 165 3680 1227 4081">
     <span class='ocr_line' id='line_1_32' title="bbox 264 3680 1227 3760; baseline -0.002 -14"><span class='ocrx_word' id='word_1_194' title='bbox 264 3683 300 3746; x_wconf 93' lang='lat' dir='ltr'>P.</span> <span class='ocrx_word' id='word_1_195' title='bbox 323 3681 385 3745; x_wconf 82' lang='lat'>304</span> <span class='ocrx_word' id='word_1_196' title='bbox 412 3683 525 3760; x_wconf 89' lang='lat' dir='ltr'>(factio)</span> <span class='ocrx_word' id='word_1_197' title='bbox 569 3681 749 3747; x_wconf 77' lang='lat' dir='ltr'>Caecilius</span> <span class='ocrx_word' id='word_1_198' title='bbox 769 3680 899 3746; x_wconf 86' lang='lat' dir='ltr'>filium</span> <span class='ocrx_word' id='word_1_199' title='bbox 931 3683 966 3746; x_wconf 90' lang='lat' dir='ltr'>in</span> <span class='ocrx_word' id='word_1_200' title='bbox 988 3683 1070 3748; x_wconf 87' lang='lat' dir='ltr'>elta</span> <span class='ocrx_word' id='word_1_201' title='bbox 1096 3697 1227 3746; x_wconf 88' lang='lat' dir='ltr'>eorum</span> 
     </span>
     <span class='ocr_line' id='line_1_33' title="bbox 166 3787 1227 3854; baseline 0 -2"><span class='ocrx_word' id='word_1_202' title='bbox 166 3789 303 3852; x_wconf 83' lang='lat' dir='ltr'>famem</span> <span class='ocrx_word' id='word_1_203' title='bbox 337 3789 563 3854; x_wconf 87' lang='lat' dir='ltr'>occultabat</span> <span class='ocrx_word' id='word_1_204' title='bbox 594 3787 722 3852; x_wconf 79' lang='lat' dir='ltr'>factio.</span> <span class='ocrx_word' id='word_1_205' title='bbox 779 3787 958 3852; x_wconf 75' lang='lat' dir='ltr'>miinoris</span> <span class='ocrx_word' id='word_1_206' title='bbox 990 3787 1117 3851; x_wconf 90' lang='lat' dir='ltr'>filium</span> <span class='ocrx_word' id='word_1_207' title='bbox 1149 3787 1227 3852; x_wconf 84' lang='lat' dir='ltr'>ina</span> 
     </span>
     <span class='ocr_line' id='line_1_34' title="bbox 166 3889 1226 3977; baseline -0.001 -17"><span class='ocrx_word' id='word_1_208' title='bbox 166 3897 263 3970; x_wconf 82' lang='lat' dir='ltr'>emto,</span> <span class='ocrx_word' id='word_1_209' title='bbox 297 3895 376 3976; x_wconf 91' lang='lat' dir='ltr'>qnod</span> <span class='ocrx_word' id='word_1_210' title='bbox 408 3893 526 3977; x_wconf 88' lang='lat' dir='ltr'>pridem</span> <span class='ocrx_word' id='word_1_211' title='bbox 559 3893 723 3958; x_wconf 88' lang='lat' dir='ltr'>Mereerius</span> <span class='ocrx_word' id='word_1_212' title='bbox 758 3889 927 3970; x_wconf 77' lang='lat' dir='ltr'>invenerat,</span> <span class='ocrx_word' id='word_1_213' title='bbox 960 3892 1070 3958; x_wconf 86' lang='lat' dir='ltr'>fabnlae</span> <span class='ocrx_word' id='word_1_214' title='bbox 1105 3893 1226 3960; x_wconf 89' lang='lat' dir='ltr'>nomine</span> 
     </span>
     <span class='ocr_line' id='line_1_35' title="bbox 165 3997 1226 4081; baseline 0 -17"><span class='ocrx_word' id='word_1_215' title='bbox 165 4000 407 4077; x_wconf 79' lang='lat' dir='ltr'>Philumene,</span> <span class='ocrx_word' id='word_1_216' title='bbox 451 4019 486 4064; x_wconf 85' lang='lat' dir='ltr'>ex</span> <span class='ocrx_word' id='word_1_217' title='bbox 507 3999 562 4063; x_wconf 83' lang='lat' dir='ltr'>lia</span> <span class='ocrx_word' id='word_1_218' title='bbox 584 4013 711 4063; x_wconf 90' lang='lat' dir='ltr'>eorum</span> <span class='ocrx_word' id='word_1_219' title='bbox 738 3999 924 4081; x_wconf 86' lang='lat' dir='ltr'>reliquisque</span> <span class='ocrx_word' id='word_1_220' title='bbox 947 3997 1139 4063; x_wconf 84' lang='lat' dir='ltr'>efficiendum</span> <span class='ocrx_word' id='word_1_221' title='bbox 1162 4001 1226 4064; x_wconf 85' lang='lat' dir='ltr'>est:</span> 
     </span>
    </p>

    <p class='ocr_par' dir='ltr' id='par_1_18' title="bbox 366 4103 1050 4184">
     <span class='ocr_line' id='line_1_36' title="bbox 366 4103 1050 4184; baseline 0.007 -20"><span class='ocrx_word' id='word_1_222' title='bbox 366 4103 554 4168; x_wconf 76' lang='lat' dir='ltr'>Facinoeum</span> <span class='ocrx_word' id='word_1_223' title='bbox 575 4105 689 4170; x_wconf 81' lang='lat' dir='ltr'>famam</span> <span class='ocrx_word' id='word_1_224' title='bbox 712 4103 885 4169; x_wconf 81' lang='lat' dir='ltr'>occultabat</span> <span class='ocrx_word' id='word_1_225' title='bbox 905 4104 1006 4184; x_wconf 80' lang='lat' dir='ltr'>factio.</span> <span class='ocrx_word' id='word_1_226' title='bbox 1048 4113 1050 4117; x_wconf 70' lang='grc'>“</span> 
     </span>
    </p>
   </div>
   <div class='ocr_carea' id='block_1_4' title="bbox 0 0 1469 4652">
    <p class='ocr_par' dir='ltr' id='par_1_19' title="bbox 0 0 1469 4652">
     <span class='ocr_line' id='line_1_37' title="bbox 0 0 1469 4652; baseline 0 0"><span class='ocrx_word' id='word_1_227' title='bbox 0 0 1469 4652; x_wconf 95' lang='lat' dir='ltr'> </span> 
     </span>
    </p>
   </div>
  </div>
 </body>
</html>
