2938 4630
322 252 342 312 2
725 254 895 310 Prooemium.

281 446 526 530 (Henriohsenii,
568 447 793 534 Wesenbergii‚
842 450 1002 536 Tregderi,
1051 451 1179 526 Lundii,
1223 453 1341 518 Halmii

280 553 456 636 Baiterique
491 553 523 618 et
550 553 694 636 Kayseri)
725 556 818 621 libros
853 575 1056 640 permagnum
1093 557 1342 623 emendationum

280 677 445 723 numerum
477 659 586 741 sparsi,
619 660 654 722 nt
689 659 752 724 iam
784 661 886 726 minus
930 660 1034 742 ampla
1070 661 1102 725 et
1137 661 1229 727 dives
1258 663 1343 746 copia

281 764 424 846 supersit,
447 783 505 829 nec
525 764 639 844 tamen,
668 766 704 829 ut
724 783 821 848 spero,
857 766 1094 850 contemnenda,
1127 766 1208 831 Livii
1229 768 1342 841 autem,

281 870 334 953 qui
368 869 449 933 inter
483 869 642 934 historicos
685 871 783 950 operis
820 870 1022 953 amplitudine
1051 872 1083 935 et
1114 870 1249 936 utilitate
1279 872 1342 952 pri·

280 993 350 1040 mus
373 976 431 1051 est,
463 972 556 1038 libros
593 991 663 1038 cum
706 977 777 1052 ante
810 993 924 1058 paucos
961 994 1057 1040 annos
1094 975 1342 1041 emendationum

280 1079 479 1144 Livianarum
500 1078 654 1144 volumine
676 1080 926 1161 pertractassem,
962 1080 1072 1145 deinde
1103 1081 1182 1146 totos
1204 1081 1342 1147 recensui

286 1186 318 1249 et
350 1203 421 1249 cum
449 1183 593 1267 Ussingio
614 1183 707 1261 edidi,
743 1185 781 1249 ad
804 1203 895 1268 quem
916 1184 1098 1266 scriptorem
1134 1184 1160 1249 si
1189 1186 1261 1268 quid
1289 1205 1341 1250 ao·

281 1287 375 1354 cessit
394 1290 464 1371 post
485 1307 504 1352 a
524 1307 575 1352 me
595 1288 765 1367 inventum,
798 1289 878 1372 quod
899 1289 1096 1373 perexiguum
1118 1292 1175 1366 est,
1198 1291 1342 1374 qnoniam

278 1394 360 1458 1111111
394 1395 423 1458 11
456 1395 606 1459 continue
640 1413 719 1460 curae
739 1393 887 1477 impendi,
924 1395 977 1460 alii
1008 1395 1140 1478 tempori
1170 1395 1271 1478 aptius
1292 1413 1342 1460 re·

274 1500 428 1564 servatur.
472 1499 580 1581 ltaque
602 1497 642 1563 ad
662 1498 783 1564 Livium
817 1499 1042 1566 emendandum
1072 1499 1154 1584 quod
1175 1501 1341 1582 pertineat,

280 1604 358 1668 nibil
378 1603 428 1668 bio
449 1604 627 1684 reperietur,
649 1602 856 1670 Ciceronianae
877 1606 1104 1672 emendationes
1127 1605 1202 1670 satis
1223 1605 1341 1682 multae,

280 1710 335 1774 sed
366 1711 472 1774 temen
493 1709 585 1792 longe
618 1709 784 1790 pauciores,
817 1697 910 1791 quem
931 1729 1006 1793 quas
1038 1714 1129 1778 autea
1151 1711 1251 1782 edidi;
1271 1710 1341 1794 plus

280 1815 339 1882 sibi
371 1815 431 1881 loci
467 1815 579 1896 prater
611 1813 765 1878 Ciceronis
788 1815 921 1896 aequales
952 1815 1152 1882 vindicabunt
1184 1815 1342 1880 subsecuti

279 1919 426 2002 temporis
447 1938 544 2002 prosae
565 1918 710 1998 orationis
721 1919 894 2000 scriptores,
916 1937 971 1984 neo
984 1939 1109 2002 parvam
1123 1921 1242 2003 partem
1254 1937 1341 1984 occu·

278 2025 397 2108 pabunt
418 2025 526 2107 poetae,
554 2041 629 2106 quos
651 2023 762 2104 praetor
782 2023 961 2088 Lucretium
989 2025 1021 2102 et
1040 2025 1218 2090 Iuvenalem
1240 2024 1340 2090 minus
1460 2039 1461 2096 i

279 2131 379 2196 adbuc
410 2131 443 2194 in
476 2129 572 2194 libris·
597 2127 687 2193 editis
720 2128 896 2212 attigeram.
955 2128 1016 2194 Sed
1052 2131 1165 2212 praeter
1196 2129 1275 2196 bano
1307 2129 1341 2192 in

280 2237 426 2302 Cicerone
462 2237 495 2300 et
529 2233 615 2298 Livio
648 2231 786 2298 materiae
819 2252 879 2298 non
908 2234 973 2297 tarn
1003 2232 1221 2300 detractionem
1248 2253 1341 2316 quam

278 2342 461 2407 levationem
505 2339 594 2418 (satis
637 2337 719 2402 enini
765 2338 852 2419 copia
894 2339 926 2402 et
970 2356 1061 2402 onere
1100 2341 1225 2422 gravat,
1273 2355 1340 2420 quae
1460 2371 1461 2454 ἒ

278 2448 398 2524 111111)
432 2443 516 2510 ebed
548 2441 761 2528 attingendum
786 2443 876 2508 verbo
908 2442 958 2506 bic
983 2445 1041 2522 111,
1074 2443 1153 2526 quod
1173 2443 1233 2526 ipsi
1253 2442 1340 2508 initio

279 2550 454 2618 voluminis.
476 2547 749 2614 commendationis
786 2547 910 2630 aliquid,
946 2567 985 2614 ne
1021 2548 1191 2633 splendoris
1227 2548 1340 2624 dicam,

280 2656 424 2722 detrahit.
467 2654 554 2720 Facit
575 2653 656 2718 enim
680 2652 839 2718 institutus
862 2654 943 2729 ordo,
966 2657 1001 2720 111
1022 2656 1061 2720 ab
1077 2656 1115 2720 iis
1139 2651 1340 2734 scriptoribus

278 2759 401 2826 Latinis
423 2757 602 2824 ordiendum
624 2756 700 2822 mibi
722 2757 773 2834 sit,
796 2757 905 2839 quibus
921 2760 1024 2826 minus
1046 2759 1203 2826 assiduam
1215 2775 1340 2840 operam

278 2864 438 2931 tribuerim
471 2865 504 2928 et
534 2861 574 2927 ad
606 2879 679 2944 quos
712 2864 766 2926 eut
796 2863 930 2947 exiguas,
959 2867 994 2930 ut
1027 2865 1064 2930 ad
1096 2865 1253 2942 Plautum,
1286 2865 1340 2928 aut

279 2969 409 3034 nonita
440 2968 541 3034 lautas
563 2965 719 3051 symbolas
741 2967 880 3041 afferam,
903 2969 939 3033 ut
961 2968 1000 3032 ad
1021 2969 1208 3034 Terentium.
1250 2971 1340 3034 Hanc

278 3073 360 3138 initii
378 3072 562 3160 tenuitatem
583 3054 778 3154 redemptum
798 3071 837 3136 iri
858 3091 946 3155 spero
967 3091 1082 3147 eorum,
1114 3094 1180 3158 quae
1201 3074 1241 3139 ad
1262 3075 1339 3142 aiios

280 3180 444 3264 scriptores
466 3179 699 3260 subsequentur,
720 3177 871 3245 ubertate.
901 3175 1067 3244 Poetarum
1089 3180 1282 3262 antiquorum
1304 3199 1340 3244 111

281 3286 443 3369 operibus,
477 3301 544 3364 quae
576 3281 805 3360 interciderunt,
837 3283 1010 3367 fragmenta
1045 3285 1189 3365 qnoniam
1214 3285 1277 3350 fere
1304 3304 1340 3350 ea

280 3391 355 3468 sola,
380 3407 446 3471 qnae
468 3386 550 3468 apud
570 3386 705 3452 Nonium
733 3388 814 3461 suut,
846 3387 946 3471 attigi,
981 3407 1088 3456 eorum
1109 3390 1339 3456 emendationes

279 3498 440 3580 ponentur,
473 3511 544 3558 cum
580 3493 619 3556 ad
640 3491 777 3558 Nonium
797 3494 923 3558 ventum
945 3493 1013 3570 erit,
1035 3495 1089 3558 aut
1110 3495 1136 3558 si
1158 3494 1238 3578 quod
1257 3494 1339 3578 apud

279 3602 374 3666 alium
396 3598 574 3680 scriptorem
589 3597 725 3680 positum
739 3596 872 3674 tentavi3
895 3597 969 3680 quid
990 3597 1030 3662 ad
1051 3617 1202 3682 quemque
1215 3601 1340 3683 poetam

280 3707 427 3771 collatum
450 3703 501 3783 sit,
524 3701 615 3768 index
636 3702 828 3768 monstrabit.

655 4017 950 4024 Ἠ-
