3018 4634
298 273 360 336 266
656 267 718 326 Lib.
736 271 798 326 vn.
812 267 877 340 Cep.
895 267 948 325 111.

255 476 324 546 dnn,
355 469 576 547 admonebant,
607 467 693 535 brevi
724 483 846 551 aequum
870 467 980 534 ‘looum
1017 464 1124 530 utun
1158 467 1215 545 iri,
1250 483 1322 530 oum

257 576 403 644 inanius
445 593 482 640 ex
522 593 567 653 eo,
610 591 702 657 quem
743 591 824 639 nune
866 573 997 646 teneret,
1039 567 1196 637 diseedere
1230 586 1322 655 eoge-

257 683 351 746 retur.

358 818 425 884 Ibd.
459 819 516 882 74:
573 817 727 883 Deinde
760 817 1016 901 imperatoris
1050 813 1175 879 fidem
1214 831 1323 898 quae-

257 915 552 998 runb'reutene
575 921 705 988 soilli
734 921 816 987 sind
837 921 1090 986 commissuri.
1147 917 1216 983 Non
1239 935 1323 1001 quae·

257 1031 331 1094 runi
350 1029 568 1113 requiruanue
593 1027 697 1103 fidem,
731 1027 818 1111 quasi
840 1026 936 1104 desid,
967 1025 1022 1091 sed
1043 1023 1144 1109 qualis
1163 1023 1213 1099 sib,
1236 1041 1320 1107 quee-

257 1133 339 1198 runt.
395 1132 589 1200 Geminande
619 1132 739 1216 syllaba
768 1132 833 1196 esb:
878 1131 1038 1196 Deinde
1071 1129 1113 1192 de
1144 1129 1322 1213 impere-

257 1239 356 1304 ioris
382 1239 472 1324 side
503 1239 689 1320 quaerunb.
733 1236 952 1302 Intellexeranb
971 1237 1031 1300 hoo
1051 1237 1115 1300 iem
1140 1233 1321 1300 ciacconius

259 1344 290 1406 eb
301 1341 449 1426 Scaliger,
471 1359 527 1407 neo
548 1343 653 1407 tamen
675 1341 739 1406 heeo
760 1340 885 1404 nemius
906 1341 1047 1420 editores,
1069 1337 1321 1416 udatdenderenb,

258 1448 428 1512 moverunt.
580 1445 584 1454 “
1035 1443 1038 1448 '

358 1585 426 1650 Ibd.
463 1586 519 1650 79:
563 1584 656 1650 Nem
688 1585 839 1649 bendum
879 1585 923 1650 eb
960 1584 1133 1668 equinum
1165 1601 1324 1648 suorum

258 1690 419 1756 auxiliis
463 1691 644 1766 aberent,
687 1708 845 1772 quorum
887 1709 1086 1754 numerum
1127 1688 1325 1754 hebebant

258 1813 450 1878 magnum,
482 1798 525 1861 ub
560 1842 633 1865 ...
670 1794 772 1862 ulbro
806 1815 871 1862 eos
898 1796 1110 1860 tuerentur.
1163 1793 1246 1858 Usus
1269 1792 1324 1874 ‘lo-

213 1972 215 1975 v
259 1899 372 1984 quendi
394 1901 586 1969 certissimus
609 1900 747 1982 postulet
768 1899 915 1964 donidio
937 1903 983 1980 (ud
998 1899 1114 1983 aliquid
1131 1901 1169 1965 ab
1188 1899 1229 1966 iis
1251 1915 1325 1962 aux-

258 2006 305 2070 ilii
330 2006 508 2086 haberenb);
540 2005 572 2070 id
604 2005 738 2072 oscitans
770 2006 915 2072 librarius
948 2005 1151 2098 mutaviooo
1193 2021 1324 2088 sequens

260 2131 428 2196 quorum.

357 2249 428 2319 Ibd.
450 2251 506 2314 81:
528 2250 612 2315 bodo
632 2251 749 2314 nonde
770 2249 1011 2316 munitiones
1032 2247 1244 2332 proferunt
1266 2265 1327 2312 oe-

258 2358 420 2439 stroque
454 2356 599 2421 eastris
631 2355 879 2424 converiunt.
933 2357 1043 2422 besue
1064 2353 1174 2419 nostru
1194 2369 1323 2416 eoum

258 2463 323 2526 bere
344 2462 418 2545 qnid
439 2461 497 2543 sib,
533 2479 632 2545 neque
662 2462 801 2544 exemplo
823 2463 887 2528 ullo
908 2462 1054 2526 doeemur
1073 2477 1172 2542 nequ
1194 2477 1230 2522 ex
1252 2459 1322 2540 ipse
1365 2443 1369 2450 ¹

259 2567 345 2633 verbi
370 2567 481 2634 netum
503 2570 535 2634 eb
555 2565 613 2632 usu
634 2567 806 2650 intelligere
841 2586 981 2651 possum
1014 2566 1146 2632 eostre
1178 2563 1328 2628 cestris

259 2672 435 2756 conferre
465 2675 510 2740 de·
527 2691 572 2751 eo,
605 2671 685 2755 quod
705 2671 737 2735 h.
758 2670 780 2736 l.
802 2673 908 2754 aperie
929 2671 1129 2755 significabit,
1162 2671 1195 2733 ed
1217 2667 1322 2734 einero

258 2779 291 2844 eb
302 2778 409 2844 Liuius
420 2777 529 2861 etipse
541 2777 645 2843 umen
654 2777 696 2854 (b.
707 2777 765 2841 eiu.
778 2777 834 2850 ΠΙ,
847 2777 900 2853 79)
912 2779 944 2842 et
955 2776 1076 2840 Hirtius
1088 2775 1128 2847 (b.
1142 2773 1179 2840 (i.
1193 2773 1279 2847 VIII,
1293 2772 1328 2855 9)

257 2882 408 2960 dixerunt,
429 2882 524 2966 idque
534 2883 660 2948 verbum
673 2883 724 2948 bie
747 2901 866 2965 quoque
885 2881 1038 2946 nGaesere
1058 2879 1193 2962 positum
1213 2878 1328 2954 indies,

259 2989 319 3054 edei
329 2989 465 3071 proxime
477 2987 844 3070 praeoodinpnofornno.
862 2987 931 3071 [Sie
943 2984 1150 3068 Oieooonius]
1166 2983 1327 3067 Sequitur:

259 3092 335 3160 Sed
355 3096 539 3176 quendum
561 3111 672 3175 opere
707 3093 982 3174 processerunt
1012 3093 1051 3157 ed
1079 3092 1209 3156 oestro
1229 3109 1326 3174 pre·

258 3197 445 3273 tulerant,
466 3200 579 3264 tendo
601 3199 764 3263 uberent
785 3198 830 3262 ab
851 3215 951 3281 equ-n
971 3195 1151 3280 longius‚‘
1173 3197 1211 3260 eb
1232 3213 1327 3278 pree-

259 3304 359 3369 senti
390 3304 488 3369 malo
521 3303 610 3368 aliis
648 3304 760 3368 melis
794 3301 1183 3367 remediedabaniur.
1238 3299 1325 3364 Adeo

259 3407 334 3472 dure
357 3407 528 3474 subiectum
550 3409 688 3474 mutetur
721 3425 851 3491 eumque
873 3407 912 3472 de
934 3407 1000 3490 ipso
1026 3407 1190 3472 hominum
1212 3407 1325 3472 eoneiu

259 3511 411 3578 iudicetur
424 3508 543 3594 (κακόν
565 3525 680 3585 κακοῖς
703 3513 828 3596 ἰῶντο),
840 3514 961 3600 passive
973 3513 1093 3590 dieitur,
1106 3509 1241 3596 adeoque
1252 3529 1325 3594 pra·

260 3637 334 3682 vum
356 3620 404 3686 eei
434 3619 603 3685 remedie
637 3619 725 3683 dare
748 3616 846 3683 malo
867 3619 993 3694 melis,
1030 3620 1066 3683 ud
1097 3617 1148 3684 vin
1174 3615 1321 3690 dubitem,

260 3723 334 3807 quin
369 3723 472 3790 Oaesar
507 3723 818 3788 remediebeoiuo
861 3723 1035 3808 scripserit,
1081 3739 1141 3806 quo
1174 3721 1265 3789 verbo
1299 3720 1330 3786 si

260 3847 330 3896 eum
367 3830 414 3896 ubi
445 3830 583 3911 nonense
617 3847 680 3895 non
713 3822 881 3908 sederem,
912 3828 1057 3912 quoniam
1091 3825 1175 3910 eund
1209 3817 1326 3896 inunae

260 3934 386 4002 demum
407 3935 508 4000 edetis
530 3934 694 4018 senonens
720 3934 879 4016 reperitur,
913 3934 953 3998 eb
975 3932 1043 4014 ipso
1073 3930 1330 3998 medebsntur
