2918 4636
278 256 338 318 m
633 233 898 323 mmmm

334 455 402 522 Lib.
435 451 487 526 IV,
523 451 583 514 1·74
606 471 674 536 sqq.
718 449 889 534 Postquam
907 439 1020 533 'hospes
1042 452 1233 537 Ar'gonamis
1267 454 1299 520 io

233 561 337 644 littore
360 559 511 642 Bebrycio
544 559 665 623 oblatus
699 575 751 623 eos
784 554 962 622 dehortatus
995 558 1053 635 est,
1074 577 1112 623 no
1146 560 1300 644 Amycum

233 670 382 752 peterent,
404 668 450 732 sie
470 665 622 750 pergitur:
774 661 776 668 ⁴
825 689 827 694 ’

369 773 445 838 Haec
466 769 519 834 ubi
541 787 602 834 non
625 767 689 834 ulla
710 765 838 833 iuvenes
863 767 1024 834 formidine
1045 771 1123 836 moti

368 877 534 958 accipiunt,
557 875 640 941 dolet
662 873 694 938 et
714 874 791 939 dura
813 873 857 940 sic
877 891 1005 957 porgere
1026 878 1142 954 moute,

368 985 457 1066 terga
478 981 564 1064 sequi
586 998 791 1064 properosque
812 979 898 1044 iubet
919 980 1105 1065 coniungere
1126 999 1260 1065 gressus.

333 1088 382 1151 lta
403 1087 486 1154 enim
515 1086 579 1150 haec
607 1084 727 1151 codices
762 1086 878 1169 scripta
898 1085 1044 1152 habent*
1083 1087 1223 1151 Primum
1245 1105 1299 1170 ap-

232 1193 321 1276 paret
342 1193 388 1272 (in
410 1211 470 1284 quo
492 1193 562 1276 post
582 1191 659 1256 alios
679 1188 768 1256 Thilo
789 1190 955 1266 aberravit,
985 1193 1053 1276 post
1074 1211 1100 1259 v.
1128 1191 1187 1256 175
1209 1192 1299 1276 plene

231 1299 474 1382 interpungere),
507 1317 536 1363 v.
571 1297 630 1358 176
663 1295 812 1362 contineri
838 1297 986 1380 apodosin
1017 1299 1160 1380 recteque
1181 1297 1299 1364 narrari

232 1405 399 1488 hospitem,
434 1405 596 1488 postquam
636 1401 714 1466 nihil
748 1401 937 1468 dehortando
967 1403 1072 1486 profici
1102 1403 1298 1479 intellexerit,

231 1509 405 1595 praecedere
435 1511 492 1575 vire
528 1508 637 1574 ducem
669 1509 847 1590 ceterosque
879 1505 984 1574 iubere
1017 1527 1051 1574 se
1083 1528 1161 1592 pone
1201 1509 1297 1593 sequi.

231 1615 268 1680 In
301 1635 329 1681 v.
361 1616 432 1694 175,
464 1616 496 1680 in
529 1633 587 1698 quo
615 1613 779 1679 infeliciter
800 1611 890 1680 Thilo
923 1613 1136 1680 Bormonuum
1174 1616 1297 1681 secutus

231 1730 291 1784 stat
311 1741 365 1805 pro
386 1722 430 1784 sic
451 1721 583 1804 scripsit,
607 1718 804 1786 vitiosissime
836 1719 916 1783 dolet
945 1721 984 1786 ad
1015 1721 1169 1804 hospitem
1190 1721 1296 1794 relato,

231 1837 290 1890 stac
323 1827 361 1892 ad
386 1828 592 1911 Argonautae,
615 1827 757 1910 quoniam
785 1825 960 1892 huiusmodi
982 1827 1153 1894 sententia:
1178 1825 1298 1907 „videt-

232 1952 291 2015 que
313 1951 366 1998 eos
388 1927 589 1998 iuramento
611 1935 758 2016 pergore“
782 1947 880 2015 neque
900 1930 989 1998 facile
1013 1931 1191 2018 corrigendo
1218 1931 1298 1998 effici

231 2040 335 2122 potest
370 2043 402 2104 ot
423 2039 568 2123 ignavam
602 2037 696 2102 habet
728 2035 944 2120 repetitionem
967 2039 1046 2114 eius,
1077 2037 1297 2122 quoio-174

231 2142 349 2209 dietum
373 2148 432 2223 ost,
452 2145 491 2210 ad
505 2143 584 2210 hanc
600 2141 780 2210 deducimur
801 2143 1026 2210 emendationis
1047 2145 1193 2221 formum,
1214 2142 1296 2210 viam

231 2237 422 2315 monstrante
443 2252 537 2316 etiam
559 2248 707 2315 mendoso
728 2249 782 2314 illo
805 2248 864 2313 ric:

330 2357 407 2422 Hree
429 2357 480 2421 uhi
502 2374 560 2422 nou
582 2355 646 2420 ulla
666 2356 790 2422 iuvenes
812 2353 977 2422 formidine
1003 2354 1081 2420 moti
1166 2387 1169 2396 ·

331 2461 494 2545 accipiunt,
516 2459 626 2524 uellent
647 2459 724 2526 (lura
745 2459 773 2524 si
794 2477 923 2545 pergere
947 2463 1060 2537 mente,

332 2570 420 2652 terga
441 2568 528 2651 sequi
549 2585 754 2650 properosque
779 2567 866 2632 iubet
891 2565 1073 2650 coniungere
1092 2585 1226 2651 grossus.

328 2672 436 2757 Neque
471 2673 552 2739 enim
585 2673 694 2737 aettmt
726 2693 796 2740 cum
827 2673 970 2758 prasenti
998 2673 1145 2740 historico
1181 2672 1292 2756 (iubet)

229 2779 424 2845 coniunctum
471 2779 538 2845 iure
579 2780 720 2849 mandat.
779 2779 813 2846 Si
849 2780 916 2865 quis
951 2781 1057 2846 tamen
1092 2778 1215 2862 propius
1254 2778 1294 2845 ad

228 2884 411 2967 scripturam
435 2884 576 2952 codicum
599 2885 694 2964 (dolet
714 2889 755 2970 et)
768 2887 904 2965 accedet,
925 2887 1063 2954 libenter·
1076 2885 1193 2954 cedam.

327 2989 396 3054 lbd.
426 2989 481 3053 181
515 3011 595 3074 sqq,
628 2991 681 3058 ubi
710 2990 891 3058 describitur
924 2991 1023 3058 fredus
1058 2994 1201 3076 aspectus
1230 2989 1293 3058 loci

228 3097 300 3160 aute
321 3095 497 3177 speluncam
520 3097 641 3181 Amyci,
662 3097 730 3161 hac
750 3098 910 3181 leguntur:

579 3201 654 3272 hinc,
672 3203 767 3281 (reete
788 3201 860 3268 Alo.
882 3203 947 3286 tic)
970 3205 1079 3269 trunco
1100 3203 1208 3269 rotatis

363 3307 487 3374 brachia
510 3309 599 3392 rapte
622 3308 696 3375 viris
718 3308 884 3392 strictoque
905 3310 1072 3376 immortua
1093 3311 1188 3376 caestu

364 3433 494 3498 ossaque
516 3416 607 3482 taetra
628 3414 691 3481 situ
712 3416 745 3482 et
765 3416 901 3500 capitum
922 3416 1137 3484 maestissimus
1160 3413 1244 3492 ordo,

363 3520 509 3604 respicias
532 3521 642 3606 quibus
667 3522 794 3588 adverso
817 3522 874 3589 sub
896 3523 1022 3590 vulnere
1043 3521 1127 3588 nulla

358 3626 421 3692 iam
442 3628 538 3694 lacios
560 3648 616 3698 uec
640 3648 749 3695 nomen
773 3630 848 3709 erat,

224 3729 256 3794 in
291 3733 401 3816 quibus
430 3735 592 3801 manifesto
623 3738 797 3819 corruptum
831 3736 880 3801 est
906 3735 1060 3820 respicias.
1102 3733 1185 3800 Nam
1208 3731 1289 3817 quod

225 3855 366 3903 enarrare
387 3841 536 3906 conantur
557 3841 586 3904 si
604 3842 763 3926 caspiaco,
797 3841 832 3906 ut
853 3842 1004 3917 omittam,
1042 3859 1133 3924 quam
1156 3836 1289 3907 inaniter

223 3944 281 4011 hoc
317 3945 458 4025 addatur,
489 3966 582 4031 quam
615 3965 745 4030 pravum
779 3947 821 4012 sit
854 3946 1037 4030 respiciendi
1056 3946 1184 4012 verbum
1221 3949 1287 4028 (pro

222 4050 424 4136 inspicienda),
461 4072 553 4135 quam
576 4070 636 4118 non
657 4052 729 4117 huic
751 4052 938 4118 condicionis
961 4053 1103 4136 ollipticae
1125 4052 1232 4119 forma
1253 4050 1285 4116 in
