3000 4638
605 323 730 379 Valerius
750 323 822 380 ltux.
1149 321 1212 388 329

288 519 355 587 loo.
379 521 409 600 6,
431 520 467 584 2:
507 520 650 617 lisono
679 520 877 604 Gampanae
896 519 1001 586 urbis
1109 515 1274 589 anili-'

186 645 287 705 num,
317 625 556 692 moderarum
580 627 728 692 virtute
759 625 925 704 clarum,
957 629 1255 708 perseverantie

187 731 380 796 amicitia
436 731 598 816 pignore
644 731 783 813 impios
834 732 967 797 oculos
1018 731 1250 798 verberavit.

188 837 240 902 Sic
280 837 317 903 B.
360 837 406 902 Er
453 836 585 902 seeundo
627 855 738 902 manne
780 835 965 903 cormctione
1007 838 1040 902 in
1077 839 1254 904 'doteriores

186 941 311 1008 transiit
332 939 437 1008 modo
466 960 552 1007 rara
574 942 735 1020 virtute,
766 941 819 1008 ubi
848 959 933 1008 rara
962 941 1113 1018 abundet,
1143 945 1251 1010 morlo

187 1067 312 1130 prorsuis
347 1063 524 1132 perversam
560 1047 621 1123 est3
658 1045 801 1112 Halmius
838 1065 857 1112 e
887 1047 1047 1113 Foertschii
1078 1049 1254 1114 coniectura

186 1155 400 1220 incolarum
421 1153 567 1218 virtute
590 1153 721 1238 scripsit,
737 1153 877 1238 genetivo
892 1153 967 1218 satis
980 1153 1092 1230 otioso3
1106 1171 1162 1218 nec
1183 1171 1255 1218 om·

187 1259 258 1325 nino
272 1259 468 1325 uirtutem
489 1257 641 1337 Valerius,
673 1279 741 1343 quaa
762 1260 838 1326 satis
859 1258 1085 1342 perseverantis
1106 1258 1254 1324 amicitiae

188 1365 310 1430 nomine
334 1363 540 1448 significatur,
561 1365 728 1448 separatim
750 1365 948 1439 nominasset,
985 1361 1046 1428 nisi
1068 1363 1184 1445 aliquid
1215 1383 1253 1429 ex

189 1470 342 1536 contrario
364 1469 519 1534 acuminis
538 1469 707 1552 quaesisset.
751 1468 788 1534 Iol
810 1468 988 1534 huiusmodi
1009 1471 1072 1534 est:
1115 1467 1255 1534 (insili--

186 1593 293 1653 num,
314 1573 410 1638 mole
425 1577 601 1658 peragam,
623 1573 771 1639 virtute
792 1573 945 1640 clarum.

288 1715 354 1780 lbd.
389 1711 418 1802 7,,
455 1713 489 1778 3:
526 1713 702 1798 quoniam
731 1713 889 1779 Tettius
921 1713 959 1778 in
984 1713 1135 1796 proprio
1167 1714 1250 1778 iure

186 1823 386 1906 procreato
414 1818 504 1884 filio
533 1809 676 1884 summa
703 1839 785 1884 cum
811 1819 1024 1904 iniquitate
1046 1821 1249 1903 paternum

186 1945 324 1992 nomen
360 1925 625 2010 abrogaverat.
684 1925 764 2006 Quid
800 1923 842 1990 sit
870 1925 952 1991 filius
980 1925 1012 1989 iu
1034 1925 1155 2009 proprio
1185 1925 1251 1990 iure

186 2033 373 2118 procreatae,
409 2049 532 2114 prorsus
554 2050 612 2096 non
635 2029 783 2116 intelligo.
824 2031 966 2097 Valerius
1000 2033 1179 2114 scripserat:
1212 2031 1250 2096 in

185 2137 339 2223 proprio
362 2137 452 2202 lure.

286 2279 352 2346 lbd.
376 2277 406 2354 8,
429 2279 464 2341 ἵε
508 2276 697 2344 Nimirum
731 2277 1015 2352 consternatio,
1050 2274 1251 2358 quaeani-

181 2405 280 2452 mum
315 2385 400 2452 eius
442 2384 710 2450 transvorsum
749 2383 831 2467 egit
864 2383 880 2420 *
910 2384 926 2420 *
962 2381 1107 2448 amavit
1146 2380 1247 2446 anim

181 2489 318 2558 sordes
339 2507 429 2555 suas
452 2489 490 2552 et
514 2487 658 2556 dilexit
677 2489 866 2570 pericula,
898 2492 954 2552 cet.
1006 2488 1136 2555 Lacuna
1158 2488 1247 2554 notas

180 2595 326 2663 Halmius
347 2596 467 2678 posuit,
494 2594 527 2663 iu
548 2593 651 2662 codice
679 2595 798 2660 nullum
829 2593 893 2658 cius
922 2593 970 2658 est
989 2591 1154 2668 indicium,
1189 2610 1246 2658 neo

182 2700 348 2784 quicquam,
376 2700 484 2767 subest
508 2700 657 2784 gravioris
683 2699 804 2776 mendi;
841 2697 1038 2766 scribendum
1066 2697 1149 2762 anim
1182 2698 1246 2762 est:

181 2803 373 2873 Nimirum
420 2806 689 2874 consternatio
732 2805 901 2890 qaedam
949 2804 1118 2871 animum
1164 2802 1246 2868 eius

84 2911 85 2916 ’
182 2915 451 2981 transuersum
489 2912 583 2996 egitr
615 2911 759 2981 amauit
788 2911 886 2976 enim
908 2911 965 2976 oet.
1009 2907 1153 2976 Confusio
1175 2908 1250 2974 orta

183 3035 220 3083 ex
241 3015 375 3098 (quoad)
397 3017 573 3084 amonim.
617 3016 678 3086 Gir.
700 3017 755 3093 IX,
780 3015 829 3094 12,
854 3014 884 3082 8.

284 3153 348 3221 Lib.
368 3155 455 3236 Vlli,
480 3157 495 3218 1
512 3157 617 3225 Absol
634 3159 664 3236 6,
686 3157 859 3222 tollendum
881 3159 928 3221 est
949 3157 1016 3220 aut
1034 3155 1108 3219 ante
1131 3152 1254 3218 attol-

182 3261 274 3335 lere,
299 3262 336 3325 ut
356 3261 402 3326 sic
435 3261 605 3328 scribatur:
631 3263 708 3328 'huc
743 3262 946 3327 deductum
970 3257 1253 3333 necessitatis,

182 3370 224 3432 ut
259 3365 433 3432 abiicere
463 3386 502 3432 ae
534 3367 612 3432 tam
646 3367 902 3451 suppliciter,
945 3365 1138 3431 attollere
1169 3364 1252 3430 tem

183 3579 383 3598 amu-

253 3753 385 3791 armorum
417 3751 513 3805 genere
540 3735 727 3805 militibusque
753 3752 784 3790 ea
807 3735 969 3789 habentibus
996 3731 1109 3796 dicitur;
1136 3745 1252 3783 arma—

253 3831 362 3882 turam
381 3825 462 3882 dare
481 3843 528 3898 pro
546 3844 568 3883 e.
588 3845 614 3897 q.
643 3845 665 3882 e.
685 3843 776 3882 arma
803 3829 881 3882 dare
900 3829 1054 3894 (armare)
1072 3837 1150 3876 nemo
1166 3821 1244 3874 (lixit.

252 3921 320 3975 Vera
338 3921 445 3976 edetur
473 3937 530 3976 esse
561 3921 680 3976 secunda
706 3935 801 3975 manus
818 3919 874 3974 cod.
894 3919 916 3972 B
936 3919 1079 3986 scriptume:
1106 3915 1252 3968 laturos

254 4027 357 4077 arma,
376 4005 514 4084 genusque
531 4031 594 4070 casu
612 4014 645 4068 sd
664 4027 755 4068 arma
773 4011 1005 4068 accommodatum.
