2924 4660
291 291 352 354 566
635 290 782 348 ninum.
801 290 868 360 Cap.
880 290 927 348 Ἡ.

351 487 417 552 Ibd.
440 487 498 552 44:
519 452 718 556 enimvero
740 508 862 573 neque
883 490 1049 556 nobilem
1069 489 1318 572 nequeinge-

251 613 381 671 nuum,
415 612 459 659 ne
480 592 711 662 libertinum
745 595 895 679 quidem
942 597 1059 661 armis
1095 613 1319 679 praeponere

252 699 363 785 regia
382 699 540 765 utilitas
557 701 633 764 est.
682 699 761 766 Mire
783 701 890 786 regia
911 700 1072 766 utilitas
1093 719 1147 785 pro
1169 717 1217 774 eo,
1239 697 1320 783 qnod

128 877 131 884 ¹
251 807 374 889 regibus
394 805 468 868 alltc
491 807 554 880 est,
583 805 704 884 dicitur,
730 825 787 872 nec
809 808 934 872 omnino
956 807 986 874 h.
1009 807 1040 883 l,
1073 806 1147 890 quid
1168 805 1244 872 utile
1267 805 1320 883 sit,

254 911 365 995 agitur.
408 910 535 976 Tacitus
567 930 638 978 cnm
684 912 852 978 acerbitate
882 911 985 996 aliqua
1016 915 1048 978 et
1083 913 1170 996 qnasi
1205 929 1320 976 norum

253 1017 413 1082 inventurn
447 1017 602 1084 admirans
635 1017 770 1084 dixerat:
807 1019 913 1102 regia
944 1018 1142 1081 subtilitas
1164 1021 1223 1083 est
1259 1016 1322 1094 (ein

254 1121 442 1207 konigliclrer
481 1123 557 1200 Fiff,
603 1125 671 1190 eine
716 1123 890 1209 konigliche
937 1124 1139 1205 Schlauheit).
1200 1124 1322 1190 Eodem
1451 1179 1452 1194 ,

256 1248 357 1294 errore
378 1229 459 1313 apud
481 1229 626 1304 Gellium,
648 1230 676 1309 I,
708 1230 739 1305 4,
768 1232 784 1292 1
807 1249 899 1296 voces
922 1227 1322 1296 commutatasostendam.

255 1335 368 1402 Contra
402 1337 482 1419 apud
505 1335 654 1402 Senecam
682 1356 734 1420 ep.
771 1336 823 1412 49,
856 1335 875 1398 6
907 1356 961 1419 pro
994 1335 1138 1401 utilius
1172 1336 1323 1417 scriptum
1452 1411 1453 1416 ἵ

257 1444 325 1510 erat
346 1440 550 1508 subtilius.

357 1547 423 1613 Ibd.
455 1546 513 1612 46:
552 1567 780 1632 quamquam
817 1548 996 1626 Peucini,
1040 1567 1130 1632 quos
1164 1546 1324 1631 quidam

176 1676 180 1685 ¹
257 1653 476 1730 Bastarnae
499 1658 655 1729 vocant,
678 1673 868 1728 sermone,
888 1656 1010 1734 cultu,
1032 1654 1124 1720 sede
1146 1671 1187 1719 ac
1204 1653 1326 1718 domi·

258 1760 364 1825 ciliis
387 1763 427 1825 ut
449 1759 632 1826 Germani
651 1764 791 1845 agunt;
825 1760 958 1826 sordes
980 1760 1149 1826 omnium
1171 1777 1212 1824 ac
1242 1762 1325 1823 tor·

257 1885 324 1949 por
366 1885 586 1948 procerum;
635 1867 841 1932 connubiis
884 1867 1017 1932 mixtis
1059 1865 1243 1932 nonnihil
1287 1865 1326 1929 in
1454 1905 1455 1920 ,

258 1973 523 2042 Sarmatarum
562 1972 732 2038 habitum
768 1973 972 2040 foedantur.
1022 1972 1168 2038 Perverse
1199 1989 1326 2054 prorsus

198 2117 199 2122 κ
259 2085 411 2171 ponuntur
445 2079 520 2146 nudi
545 2079 592 2144 illi
627 2075 808 2146 nominativi
841 2079 1060 2162 (nequeenim
1094 2080 1123 2142 h.
1151 2079 1172 2144 l.
1199 2079 1231 2142 in
1254 2097 1327 2142 nar-
1455 2072 1456 2128 l

259 2185 355 2250 raudo
378 2185 512 2252 breviter
538 2185 613 2250 iacti
638 2188 692 2251 aut
723 2187 824 2251 status
853 2185 981 2251 alicuius
1012 2185 1194 2270 significatio
1228 2184 1327 2248 inter·
1455 2241 1456 2252 ,

260 2293 409 2376 ponitur);
438 2311 495 2356 nec
525 2295 608 2358 recte
630 2292 761 2360 sordes
792 2292 916 2356 acultn
936 2293 1119 2373 separantur
1140 2291 1194 2354 aut
1214 2291 1328 2372 torpor,
1456 2315 1457 2372 l

261 2399 313 2481 qui
334 2399 412 2464 mire
433 2398 551 2464 infinite
574 2398 696 2471 dicitnr,
728 2398 767 2463 ad
798 2400 877 2463 hanc
899 2398 1159 2480 comparationem
1180 2396 1327 2478 pertinet.
1456 2411 1457 2426 ¹

98 2504 127 2572 2
262 2503 478 2571 Scribendum:
513 2527 633 2569 mores
668 2504 834 2571 omnium
867 2522 909 2568 ac
937 2523 1098 2586 corpora
1127 2519 1328 2584 procerum

262 2610 471 2677 connubiis
493 2611 628 2677 mixtis
650 2610 831 2677 nonnihil
858 2610 896 2674 in
924 2609 1187 2674 Sarmatarum
1217 2607 1330 2670 habi·
1401 2651 1412 2660 -

262 2716 341 2780 tum
371 2716 576 2792 foedantem
613 2717 673 2782 nisi
707 2716 786 2800 quod
812 2734 866 2799 pro
903 2732 1107 2799 procerum
1139 2712 1206 2778 sine
1237 2712 1331 2778 dubio

262 2822 471 2904 reponendum
497 2846 728 2908 paucorum,
761 2822 842 2906 quod
863 2828 934 2904 apte
955 2820 994 2885 ad
1015 2819 1183 2884 omnium
1206 2820 1329 2884 contra·

263 2927 343 2993 uum
364 2929 503 2995 refertur.
551 2930 736 3016 [Corpora
758 2929 918 2993 invenerat
939 2925 1160 3005 Muetzellius.]

258 3173 261 3184 =
316 3207 318 3212 ,
363 3113 525 3228 Agricola
558 3163 582 3208 c.
620 3144 657 3208 7:
699 3145 739 3208 Is
782 3139 973 3222 (Mucianus)
1105 3134 1330 3220 Agricolam

8 3261 9 3266 ’
134 3265 135 3269 ’
217 3241 219 3247 ’
377 3251 571 3316 vicesimae
607 3249 768 3334 legioni,
809 3247 919 3312 tarde
950 3242 997 3310 ad
1040 3243 1329 3308 sacramentum

258 3357 548 3439 transgressae,
571 3355 800 3440 praeposuit,
834 3352 898 3417 ubi
920 3351 1107 3418 decessor
1137 3344 1331 3410 seditiose

266 3478 382 3544 agere
423 3463 670 3539 nancietum
704 3461 846 3544 quippe
878 3456 1025 3541 legatis
1056 3470 1202 3537 quoque
1240 3468 1332 3514 con·

268 3567 466 3635 sularibus
489 3569 611 3634 nimia
632 3587 675 3634 ac
696 3565 949 3632 formidolosa
970 3562 1065 3635 erat;
1088 3575 1157 3622 nec
1172 3556 1341 3640 legatus»

268 3674 470 3757 praetorius
492 3674 536 3740 ad
567 3672 819 3742 cohibendum
850 3669 1004 3754 potens,
1039 3666 1235 3729 incertum
1266 3679 1331 3728 suo

270 3799 314 3846 an
337 3782 505 3848 militnm
536 3779 710 3864 ingenio.
764 3776 904 3841 Primum
935 3773 1063 3854 apparet
1084 3787 1119 3832 ex
1140 3767 1189 3832 his
1211 3766 1331 3849 postre-

269 3889 328 3976 mis
350 3892 382 3954 et
404 3907 439 3952 ex
460 3888 509 3964 iis,
542 3906 610 3970 qna
631 3887 800 3968 sequuntur
821 3882 859 3946 de
883 3876 1036 3963 Agricola,
1057 3893 1118 3940 non
1141 3873 1330 3938 decessorem

271 3999 336 4064 eius
370 3997 520 4081 (legatum
552 3993 739 4076 praetorium,
772 3989 820 4053 cui
853 3982 1058 4065 succedebat),
1091 3977 1146 4045 sed
1177 3975 1331 4059 legionem

270 4103 414 4169 seditiose
435 4101 544 4184 egisse.
604 4096 721 4162 Deinde
742 4112 865 4178 prorsus
887 4109 978 4175 prave
1010 4086 1153 4172 legatis
1186 4097 1331 4165 qnoque
