3018 4634
576 267 689 326 euris
706 267 739 323 B.
758 265 830 324 usu.
1134 267 1196 334 249

274 468 340 536 lbd.
372 467 429 532 26:
473 467 601 534 Gseser
636 466 682 533 ed
716 467 915 551 Lingones
946 466 1112 534 litteras
1144 489 1240 534 uun-

172 575 328 660 tioeque
349 575 476 652 misit,
508 593 551 640 ne
573 591 638 640 eos
658 573 855 640 frumento
887 591 983 639 neve
1014 575 1091 640 aliu
1116 594 1155 640 re
1176 576 1240 641 iu·

172 683 322 760 vsreut;
344 680 408 765 qui
428 679 463 746 si
483 677 694 759 iuvissent,
716 698 756 746 se
776 678 905 746 eedem
926 680 1026 757 leue,
1048 700 1119 765 quo
1143 682 1240 748 Hel·
1286 687 1291 698 '

173 788 308 862 vetius,
329 787 564 854 habiturum.
597 784 816 852 Seribeudum:
843 835 853 851 .
876 833 884 850 .
909 833 917 850 .
943 785 1143 865 iuvereut3
1174 789 1241 871 qui

172 893 391 969 iuvissent,
413 911 452 959 ee
474 891 554 960 eod.
576 891 660 957 loeo
677 892 1108 972 eet.‚hoeest,eossee.l.h.
1131 894 1241 960 Altero

173 999 265 1066 medo
297 998 492 1066 stutendum
526 1000 610 1064 erut:
744 999 898 1071 iuvarent·
929 999 958 1062 si
985 998 1137 1075 tuissent,
1167 1001 1239 1077 eet,

173 1105 233 1172 hee
253 1109 311 1182 est,
342 1107 428 1172 reete
449 1103 605 1170 oratioue:
634 1125 672 1167 ne
692 1103 844 1177 investita
878 1103 1074 1180 iissem,
1106 1104 1240 1182 tatsd03

173 1230 233 1279 non
258 1212 363 1294 potest
383 1209 501 1278 includi
521 1210 584 1294 qui.

272 1317 341 1384 lbd.
363 1316 420 1381 42:
450 1333 491 1381 eo
526 1313 771 1399 legionarios
796 1315 942 1382 milites
969 1315 1142 1400 legionis
1172 1315 1239 1381 de·

174 1421 295 1500 cimae,
329 1423 389 1488 eui
419 1441 532 1507 quum
563 1420 722 1486 maxime
748 1419 993 1497 considebat,
1028 1422 1242 1505 imponere.

176 1527 245 1594 Neu
268 1530 374 1612 speum
397 1547 514 1612 quem
534 1526 716 1605 maxime,
749 1526 894 1610 quonium
918 1528 1100 1610 simpliciter
1122 1528 1242 1612 signifi·

174 1635 262 1698 estur
281 1633 362 1717 legio
373 1633 507 1718 primum
517 1631 590 1698 fidei
600 1633 702 1698 lotum
716 1635 834 1700 teneus.
866 1633 934 1698 Iam
949 1633 1085 1700 melioris
1112 1635 1243 1700 familie

174 1738 295 1806 sedites
315 1758 423 1806 omues
444 1738 561 1804 habeut
581 1757 600 1804 ιι
620 1739 720 1822 prime
741 1755 836 1804 muuu
858 1738 922 1805 eui
941 1740 1039 1823 quod
1061 1741 1239 1816 maxime,

174 1863 265 1928 supru
287 1845 412 1928 scriptu,
432 1844 494 1910 uisi
514 1844 547 1909 iu
568 1844 789 1929 Bougursium,
813 1862 938 1929 quem,
970 1845 1050 1930 quod
1072 1846 1242 1913 detedoree

173 1951 290 2018 tenent.
344 1950 548 2018 Seuibendum
582 1951 678 2035 igitur
713 1951 774 2016 eui
804 1952 988 2029 mexime3
1032 1971 1105 2018 uem
1142 1951 1245 2035 quod

175 2058 227 2122 eut
248 2075 284 2122 ex
317 2056 406 2140 quoi
436 2058 539 2122 ortum
570 2057 620 2124 eet
644 2058 699 2123 eut
720 2056 922 2139 suscriptum,
954 2059 991 2123 ut
1010 2058 1240 2142 significaretur

175 2162 237 2228 eui
259 2179 327 2230 esse
349 2162 445 2246 quod
468 2162 513 2228 ei.
523 2163 547 2242 ¹)
602 2161 669 2246 [Sie
691 2161 870 2246 Charisius]

258 2268 341 2354 Lib.
366 2270 406 2344 ΙΙ,
439 2269 497 2336 17;
529 2270 573 2335 ut
602 2267 734 2334 inetur
762 2270 858 2335 muri
890 2269 944 2334 hae
971 2287 1091 2352 sepes
1114 2268 1242 2334 muni·

173 2375 302 2442 ments
336 2376 567 2458 preberent.
621 2374 749 2456 Ineptus
775 2374 903 2458 piureiis
931 2393 1076 2442 uumerus
1115 2377 1240 2441 muni-

174 2482 319 2558 ments3
342 2480 459 2546 codiees
480 2479 553 2547 boui
574 2496 681 2546 omues
705 2480 974 2548 munimentis.
1018 2479 1118 2548 Nemo
1140 2482 1244 2548 bonus

175 2586 304 2668 scriptor
325 2587 458 2654 instar
478 2603 532 2668 pro
553 2585 696 2652 adverbio
719 2586 822 2670 posuit
843 2592 1003 2670 (tauquam
1023 2591 1151 2666 mem),
1184 2587 1244 2654 eod

175 2693 229 2758 eut
249 2711 319 2758 cum
342 2693 433 2758 serbo
466 2711 527 2756 esse
548 2692 625 2775 (esse
645 2692 743 2756 instar
763 2691 894 2756 αιίσιιὲιω
916 2693 975 2776 rei)
1006 2693 1063 2758 sut
1095 2711 1150 2774 pro
1183 2692 1238 2758 ob·

175 2798 254 2866 iectu
276 2797 400 2878 (tatere
424 2799 522 2862 insuar
543 2797 673 2864 adustus
693 2801 753 2882 rei)
768 2803 824 2864 sut
846 2797 1038 2882 appositione
1060 2796 1245 2864 suunetmn

176 3016 374 3028 --ιι-.--1

195 3148 216 3216 ¹)
244 3149 330 3206 Initio
358 3149 456 3220 cepitis
484 3151 632 3209 necessario.
653 3165 668 3205 e
691 3149 752 3207 Per.
773 3153 788 3206 1
809 3149 874 3216 (etsi
899 3149 970 3203 hune
997 3147 1154 3204 Duebuerus
1173 3147 1239 3204 sub·

246 3244 341 3310 trehit,
360 3243 504 3300 substituit
521 3244 598 3300 Voss.
616 3244 642 3312 I)
666 3246 694 3298 et
722 3243 828 3312 aliquot
851 3239 1029 3298 deterioribus
1056 3242 1240 3316 recipiendum

245 3339 288 3392 est
305 3339 348 3405 (ut
364 3335 574 3396 feeitWhittius
585 3339 702 3404 noenu)
718 3335 940 3392 existimaret
955 3351 1003 3405 pte
1022 3331 1247 3401 e'xistimsres.

246 3431 338 3500 inepte
355 3429 406 3486 hoe
423 3428 535 3486 vertum
552 3443 613 3486 eum
631 3429 740 3486 litere
751 3427 933 3498 euuiungitun
951 3427 1090 3498 uptissime
1105 3443 1165 3485 eum
1175 3428 1248 3486 iilos

245 3523 408 3594 quoniam
496 3523 712 3578 secessisset.
738 3521 761 3589 Ι,
788 3523 823 3578 45
849 3523 920 3576 reete
939 3519 1097 3576 Duebnerus
1117 3524 1241 3590 (utente

245 3615 391 3685 Whittius)
410 3613 509 3671 edidit:
527 3630 630 3684 quere
654 3615 797 3686 negotio
822 3613 1000 3669 desistere
1022 3629 1086 3668 nou
1108 3617 1242 3684 posset3

244 3725 353 3780 neque
381 3724 476 3763 suem
501 3709 607 3777 deque
633 3724 706 3778 pop.
734 3708 820 3764 Rom.
845 3705 1133 3763 consuetudinem
1161 3707 1247 3780 peti„

246 3803 296 3858 eet
330 3801 445 3858 Ptorsus
461 3799 557 3857 vitiose
574 3803 638 3856 ente
659 3815 768 3869 neque
790 3799 976 3870 interponitur
1002 3801 1036 3854 et
1059 3797 1241 3868 geminatione

246 3898 343 3950 ortum.
391 3895 422 3962 1,
450 3895 485 3952 47
513 3893 632 3964 Scaliger
659 3894 832 3964 preceperat,
864 3893 936 3962 quod
965 3892 1067 3948 surrexi
1098 3892 1178 3948 olim:
1206 3908 1246 3947 eu

246 3989 367 4059 magis,
395 3987 482 4060 quod
509 3987 624 4059 pridie
718 3987 869 4042 retineri
897 4002 960 4042 uon
983 3997 1157 4054 posuerant
1183 3987 1247 4054 (pre

247 4084 438 4152 poterunt).
