2970 4648
517 259 549 315 L.
567 261 667 316 Seneos
685 262 792 330 quasti.
811 263 899 316 natur.
1134 262 1194 326 451

275 459 343 524 lbd.
370 456 400 535 3,
423 457 443 520 6
465 455 612 522 Senecam
635 455 793 538 scripsisse
813 458 935 540 opinor:
971 460 1116 544 grando
1138 461 1238 527 nihil

173 564 282 630 aliud
325 565 386 630 est
427 581 534 646 quam
579 581 767 645 suspensa
802 563 963 646 glacies,
1007 565 1068 630 nix
1103 568 1239 650 pruina

174 671 358 753 pendens.
411 667 517 748 (Oodd.
552 671 584 734 et
612 668 680 734 edd.
718 668 781 732 nin
812 669 850 733 in
886 670 1023 752 pruina
1064 670 1238 752 pendens

174 775 414 860 congelatio,
441 774 594 852 absurde.)
808 761 811 766 ’

274 881 341 946 Lib.
364 880 411 958 V,
432 880 469 958 4,
495 882 511 942 1
541 879 591 963 (de
619 883 776 947 ventorum
800 899 816 944 1
837 882 920 946 terra
942 882 1089 966 origine):
1120 883 1239 960 alias,

175 1006 256 1052 oum
302 1005 436 1071 magna
472 988 511 1052 et
547 986 729 1052 continua
765 985 901 1050 eximo
936 986 1160 1071 evaporatio
1200 989 1237 1053 iu

175 1092 417 1176 altumegit,
450 1111 529 1175 quae
551 1093 780 1170 emerserat,
813 1091 1034 1159 immutatio
1062 1095 1145 1178 ipsa
1169 1095 1238 1159 he-

173 1198 274 1264 11111
296 1197 408 1262 mixti
428 1198 465 1262 in
487 1199 641 1262 ventum
656 1197 836 1262 vertitur.
868 1195 1010 1263 Primum
1034 1198 1238 1274 scribendum,

175 1305 266 1390 quod,
289 1304 436 1388 cumipse
448 1303 662 1380 coniecissem,
684 1301 747 1365 vidi
758 1300 825 1366 iam.
838 1302 1019 1368 Piuciauum
1034 1305 1237 1369 intellexisse:

174 1413 212 1478 in
257 1412 381 1476 altum
425 1410 522 1492 egit,
565 1427 645 1491 quae
680 1428 801 1470 merea
837 1418 955 1472 111111.
1000 1409 1118 1494 (Neque
1156 1411 1238 1476 enim

175 1515 350 1600 evaporatio
385 1533 421 1580 aa
453 1514 563 1580 mersit
594 1514 648 1578 aut
681 1515 773 1598 antea
806 1513 956 1588 emersit.)
1009 1514 1070 1598 Sed
1101 1516 1238 1580 immu-

173 1621 272 1688 tatio
295 1640 363 1705 quae
385 1621 436 1695 sit,
459 1620 570 1696 neseio,
598 1619 794 1703 suspicorque
816 1619 911 1684 fuisse
932 1621 1098 1684 autolio.
1141 1622 1237 1688 Paulo

172 1730 244 1812 post
265 1725 441 1810 evestigiis
464 1726 528 1792 cod.
551 1726 576 1790 ll
598 1723 794 1789 scribendum
809 1724 949 1790 videtum·
984 1725 1085 1790 Bene
1113 1726 1239 1792 nobis·

173 1854 254 1900 cum
285 1835 431 1917 agitur,
466 1829 564 1915 quod
595 1849 764 1913 semper,
799 1848 880 1896 cum
918 1831 997 1908 (cod.
1025 1850 1107 1896 oum
1139 1832 1239 1915 quod

173 1946 333 2022 semper)
356 1936 576 2019 concoquit,
609 1935 666 2000 sic
702 1936 865 2015 emittit;
900 1937 1138 2002 immundius
1161 1937 1238 2002 ali·

172 2044 262 2129 quid
298 2045 532 2110 timeremus.
586 2040 673 2124 (Gap.
717 2041 747 2119 5,
792 2043 809 2103 1
853 2043 990 2108 notanda
1024 2043 1134 2109 lacuna
1159 2031 1238 2127 'post

171 2149 403 2237 gravitatem
427 2147 555 2229 aeris.)

272 2256 380 2332 (Deo.
405 2251 751 2336 10,4lixivol.1p.
777 2253 914 2344 1211Ι
1014 2307 1018 2314 ,

271 2359 337 2425 lbd.
365 2358 415 2436 13,
444 2357 480 2422 2:
513 2357 651 2441 saepius
674 2361 811 2438 (ventus)
833 2359 871 2422 in
896 2377 934 2422 se
958 2356 1162 2424 volutatur
1184 2361 1237 2424 si-

171 2467 382 2549 milemque
417 2463 520 2540 illis,
557 2481 650 2546 quas
689 2463 855 2529 diximus
895 2464 1067 2528 converti
1100 2483 1237 2547 aquas,

97 2603 130 2682 ι·
172 2572 269 2638 11111
298 2569 498 2635 vorticem.
542 2567 637 2634 Sorib.
666 2567 912 2650 similemque
940 2567 1044 2643 illis,
1077 2569 1114 2630 da
1149 2591 1239 2652 quos

173 2677 339 2742 diximus
361 2674 536 2740 converti
558 2693 693 2758 aquas,
714 2674 735 2737 f.
759 2693 787 2738 v.
904 2739 907 2748 ,

272 2782 338 2847 lbd.
371 2781 425 2858 15,
465 2782 482 2844 l
512 2780 576 2857 (ubi
612 2781 753 2846 narratur
780 2779 819 2843 de
847 2778 1023 2844 homiuibus
1051 2799 1070 2844 a
1096 2781 1237 2865 Philippo

174 2887 341 2954 Macedone
373 2885 406 2950 in
441 2884 603 2969 antiquum
647 2884 810 2949 metallum
853 2884 1008 2963 demissis)
1048 2904 1107 2951 non
1139 2887 1240 2968 potuit

98 3005 100 3012 '
175 2993 292 3060 Seneca
325 2991 479 3059 scribere:
523 2991 681 3057 Vidisse
812 2993 1240 3084 conceptusaquarnm

271 3117 343 3164 uon
379 3089 804 3176 11111111111111111.ι
838 3095 905 3162 Neo
931 3096 1053 3163 illorum
1080 3098 1240 3163 hominum

175 3207 284 3271 horror
316 3206 382 3270 aut·
401 3204 440 3268 ad
474 3221 539 3267 rem
572 3203 705 3286 pertinet
740 3206 795 3269 aut
830 3204 862 3268 11
897 3203 1006 3282 ceteris
1040 3204 1238 3288 significatur.
1312 3191 1313 3194 ¹

176 3312 280 3378 Oratio
313 3311 357 3380 sic
397 3308 597 3392 dispescenda
628 3308 750 3373 videtur
779 3311 810 3374 et
836 3309 965 3374 fortasse
988 3309 1033 3374 sic
1061 3309 1239 3375 scribenda:

270 3416 336 3482 sed
368 3415 505 3494 liberae
537 3413 727 3486 lenitatis.
778 3411 857 3478 Non
889 3415 974 3478 sine
1006 3415 1178 3492 horrore,
1211 3417 1243 3478 sa·

156 3501 248 3596 111,
279 3521 344 3584 sod
376 3539 457 3586 cum
490 3537 628 3602 magua
659 3521 728 3585 hoc
755 3519 838 3604 legi
867 3519 1078 3602 voluptate.
1123 3521 1183 3586 Sed
1206 3521 1242 3586 de

178 3627 362 3692 correctione
384 3623 528 3691 vocabuli
549 3624 654 3690 visos
677 3625 791 3690 dubito.

163 3767 165 3771 ,
278 3730 344 3796 Ibd.
380 3731 513 3809 18·,12:
560 3730 664 3796 Unde
707 3731 805 3806 seio,
848 3729 909 3794 hia
951 3731 1047 3795 mihi
1089 3751 1136 3795 an
1173 3731 1242 3797 ille

177 3841 314 3904 ventus
347 3837 493 3903 bellum
520 3837 702 3903 invehet?
745 3836 805 3916 Qui
828 3836 878 3911 fit,
912 3838 948 3900 ut
969 3854 1059 3900 nemo
1079 3835 1244 3907 invehat

179 3943 360 4028 scripserit?
472 4037 474 4044 Ι
1028 4027 1030 4032 Ι
1090 4023 1092 4030 Ι

994 4049 1045 4100 os*
