2924 4660
637 327 751 384 Gellius.
1127 325 1186 389 601

263 531 329 598 Lib.
352 531 415 608 Xl,
440 531 475 608 l,
498 529 518 590 2
539 528 810 594 seribendumeet:
833 525 903 592 Sed
927 544 1008 591 eun
1033 526 1231 595 eiuemedi

162 637 285 704 multa
305 637 466 721 peeoris
488 634 731 718 armentique
753 651 771 697 a
792 631 1104 716 magistratibus
1125 633 1236 699 dieta

163 745 260 821 erat,
282 743 541 828 atterebantur
562 738 896 818 (ademineadmultae
918 757 1074 806 summam
1096 739 1231 806 atteien-

163 850 249 928 dem)
285 850 412 930 beves,
441 866 611 930 evesque
648 845 750 911 aliae
793 845 918 928 pretii
957 845 1081 928 parvi,
1125 844 1233 909 alias

162 955 335 1022 maioris.
366 953 499 1019 ¹Editur
541 967 670 1018 nanee
702 951 789 1017 eedd.
831 951 1114 1036 adigebantur,
1157 950 1232 1014 elirn

164 1061 340 1127 mutentura
361 1061 456 1144 prave
477 1058 783 1124 addicebantur..

265 1168 332 1234 Ibd.
356 1168 386 1247 2,
417 1169 435 1229 2
458 1168 505 1246 (iu
527 1165 629 1231 verbis
651 1163 808 1242 Catonistz
853 1164 1077 1229 Avaritiam
1099 1163 1234 1228 emula

162 1275 265 1340 vitia
297 1275 437 1341 habere
469 1273 682 1356 putabunt3
736 1274 1001 1354 sumptuosus,
1045 1269 1234 1350 eupidus,

163 1377 349 1464 elegans,
393 1377 586 1457 vitiosus,
618 1379 780 1459 inritus
814 1378 880 1461 qui·
917 1377 1156 1453 habebatur,
1199 1375 1235 1440 ie

164 1486 414 1553 laudabatur.
470 1484 538 1550 Neu
559 1501 634 1550 ‘rane
656 1483 848 1562 laudabatur,
872 1482 985 1565 qui'ab
1005 1480 1081 1564 ipsis
1102 1480 1238 1546 laudan·

83 1664 85 1667 ,
164 1592 249 1659 tibus
271 1593 398 1658 vitiosus
420 1591 604 1668 habebetnr3
632 1609 686 1656 nee
707 1591 788 1656 inter
810 1590 913 1654 eetera
935 1589 1088 1654 tenerum
1111 1574 1231 1652 menum

164 1698 288 1763 nemina
309 1701 393 1764 reete
414 1697 558 1781 generale
581 1697 772 1762 vitiinernen
785 1694 918 1778 peuitur3
941 1695 1085 1759 inritus
1107 1711 1235 1776 prereue

164 1804 242 1870 nibil
262 1807 320 1870 eet.
377 1803 537 1890 Quaedam,
559 1819 626 1886 qnae
650 1802 688 1866 ab
718 1801 789 1867 aliia
809 1801 874 1866 fere
896 1800 1007 1866 vidone
1028 1800 1232 1878 habebantur,

163 1909 378 1987 laudabantur,
401 1909 769 1993 quedeoutrariaealtem
786 1908 921 2001 avaritiae
934 1910 1036 1972 eraut:
1060 1906 1235 1990 elegans,

164 2015 329 2092 niuosae,
351 2016 495 2078 innitere
515 2015 579 2099 qui
602 2015 681 2080 hab.
712 2014 894 2099 [Vinosae
916 2013 979 2078 iam
1001 2003 1183 2096 Matreium]

264 2121 332 2186 lbd.
369 2121 427 2196 10,
466 2121 486 2183 2
518 2121 561 2199 (in
595 2120 695 2185 verbis
729 2121 762 2186 O.
799 2120 960 2195 Graeehilt
1005 2119 1100 2185 llam
1144 2137 1234 2194 ves,

165 2226 360 2306 Quirites,
394 2229 427 2292 ei
449 2227 589 2292 velitis
613 2227 808 2311 sapientie
834 2228 953 2310 atque
975 2226 1131 2292 virtute
1153 2225 1230 2298 uti,

165 2332 242 2398 etei
267 2334 463 2415 qne-ritis,
484 2333 683 2398 nerninem
705 2335 881 2399 uestrum
912 2333 1126 2398 invenietis
1148 2332 1236 2396 eine

164 2437 291 2518 pretio
312 2437 382 2502 hue
403 2438 568 2521 prodire.
613 2437 781 2510 Sententiae
803 2439 987 2504 urbanum
1010 2438 1105 2513 etei3
1139 2436 1234 2503 scrib.

164 2543 276 2620 atter,
298 2543 332 2608 ai
355 2544 533 2626 quaeritis
555 2543 798 2627 (quaeretiei).
822 2542 1147 2609 Oeudiaieuieondlbio
1169 2542 1236 2606 alla

166 2650 287 2732 propior
319 2649 542 2731 eupernouitur.
597 2647 718 2714 Deinde
749 2649 767 2732 ξ
800 2651 820 2711 4
850 2650 969 2714 editur:
1011 2650 1051 2713 hi
1084 2667 1235 2732 queque

164 2756 308 2837 petunt
354 2772 429 2818 nen
472 2773 492 2818 a
534 2755 642 2818 vebis
691 2755 825 2841 bouem
875 2755 1234 2831 existimationem,

165 2879 293 2926 rerum
317 2879 335 2924 a
356 2859 591 2925 Mithridate
623 2861 679 2926 rei
711 2861 928 2926 familiaris
957 2879 1033 2926 aua
1052 2861 1225 2944 pretium

165 2969 202 3032 et
221 2966 429 3050 praemium.
484 2965 551 3030 Neu
583 2965 646 3034 rei
662 2967 881 3032 familiaria
903 2967 1073 3050 pretium
1098 2974 1171 3049 tque
1194 2983 1236 3030 ea

164 3074 297 3166 reniret)
319 3072 474 3156 petebant,
504 3071 559 3137 eed
586 3073 644 3137 rei
670 3071 875 3156 familiari
905 3087 982 3140 snae
1004 3074 1045 3155 (ei
1068 3073 1234 3157 augenda)

164 3179 351 3263 pretium.
490 3200 493 3206 ·

264 3285 330 3350 lbd.
355 3282 481 3359 18‚17:
516 3284 612 3367 qued
645 3285 681 3350 et
703 3281 862 3351 iurandi
890 3285 1074 3351 sollertia
1103 3286 1140 3349 et
1162 3301 1236 3348 ae·

164 3391 331 3460 euetude
352 3392 513 3455 uoueret
618 3391 766 3456 animae
794 3391 1119 3457 adeleeeentium.
1163 3390 1230 3458 Ser.

157 3495 261 3581 ‘qued
282 3517 324 3558 ea
348 3497 432 3577 (quae
454 3497 612 3562 nominata
638 3499 700 3575 eet)
729 3497 888 3562 iurandi
910 3497 995 3562 eell.
1053 3495 1134 3580 (Nou
1159 3497 1238 3572 tane

164 3621 256 3687 quana
285 3602 344 3668 duo
378 3601 609 3686 dintinguantur
639 3605 671 3668 et
696 3603 836 3670 athenia
864 3607 897 3669 et
926 3603 1102 3677 assuetudo,
1139 3603 1229 3668 debe·

163 3709 276 3790 batque
297 3706 358 3771 dini
379 3708 481 3790 qued
503 3707 664 3773 furandi
693 3710 733 3774 et
755 3709 944 3774 sollertia
965 3711 1003 3774 et
1023 3724 1123 3772 esan.
1168 3707 1234 3773 Sed,
1270 3735 1273 3740 ¹

164 3831 219 3879 eur
241 3815 306 3878 heae
328 3812 423 3878 lieet
465 3813 547 3878 Nam
570 3813 682 3896 quibus
702 3815 779 3880 talia
801 3814 945 3898 explicari
971 3816 1128 3897 epus'eet,
1151 3815 1235 3883 nihil

164 3921 269 3985 temen
290 3919 488 4009 intelligent.)

171 4057 177 4062 ·
263 4024 427 4102 hibllll,
461 4024 548 4104 1,v8:
587 4043 634 4090 ne
666 4026 1232 4110 aequerilludventrieirru-

163 4135 281 4216 geter
312 4149 354 4196 ae
388 4133 431 4198 de
464 4125 666 4217 grauitate
698 4132 825 4198 oneris
860 4135 898 4197 et
928 4132 1066 4198 labere
1094 4134 1232 4217 partus*
