2970 4648
323 272 386 338 428
682 273 966 347 numecpm.

281 475 386 540 ortum
419 477 479 556 est)
505 471 658 558 scribique
686 473 791 542 eruit·
814 472 926 549 volnit3
954 473 1087 542 rome
1118 474 1246 557 pressas
1281 474 1348 540 eicio

283 580 339 645 eut
359 578 474 646 winae

383 683 450 750 Lib.
471 684 514 763 11,
537 683 566 766 2,
589 685 607 748 1
631 686 664 750 ct
685 685 704 748 2
725 685 860 768 primum
881 683 959 752 nihil
980 686 1043 760 est,
1067 701 1122 750 cur
1145 701 1205 758 non
1227 683 1348 768 simpli·

282 789 362 856 citer
382 791 532 868 uncus.
565 791 647 874 quod
668 791 701 856 in
724 790 878 858 codicibus
900 792 964 858 est:
996 793 1179 874 poscetur
1208 789 1347 872 ubique

283 894 460 963 monibus
482 896 579 972 tuis,
615 897 673 962 boc
701 900 765 975 est,
796 896 908 981 ubique
939 895 1143 962 abstinebitur
1170 894 1346 969 solentne

282 1019 323 1066 ne
345 1001 493 1086 cogantur
514 1021 625 1068 monus
646 1004 708 1068 tus
735 1003 842 1070 tristes
862 1002 984 1070 litteras
1004 1002 1148 1068 scribere.
1203 999 1348 1084 Sequitur

164 1141 174 1168 ι
281 1106 614 1174 incodicibusbonis=
657 1107 820 1174 Diutius
853 1107 1060 1174 memorari
1079 1107 1169 1176 huic
1189 1108 1345 1191 petere,

282 1214 336 1280 ubi
358 1213 506 1292 Senecum
528 1213 690 1299 scripsisse
713 1215 832 1298 opinor:
874 1214 913 1280 D.
946 1232 1002 1280 me
1031 1212 1232 1277 immorari
1256 1211 1347 1277 huic

282 1319 393 1406 [occe]
423 1321 565 1402 pubere.
609 1319 695 1385 Infra
714 1319 780 1402 (3),
815 1319 868 1386 ubi
896 1319 962 1386 haec
990 1319 1023 1384 iu
1050 1317 1205 1384 codicibus
1233 1317 1347 1401 scriptu

282 1425 443 1512 leguntur:
486 1425 539 1490 Ac
570 1426 702 1516 nescio
744 1425 931 1511 quomodo
968 1423 1124 1509 ingonis
1165 1423 1346 1490 immunia

281 1532 321 1596 et
341 1530 466 1597 invise
498 1531 662 1597 muteris
695 1531 917 1600 secundiori
949 1531 1228 1612 expresserunt
1260 1547 1345 1596 sen·

281 1654 351 1702 sus
371 1634 621 1702 uehementes
643 1639 681 1704 et
703 1637 937 1712 concitatos,
976 1635 1086 1704 stetim
1107 1637 1237 1720 sppsret
1259 1637 1345 1719 ingo-

282 1741 335 1807 nis
360 1741 520 1824 poetarum
548 1760 689 1824 pervorse
713 1743 863 1810 immunis
892 1743 925 1808 et
961 1741 1062 1808 invise
1090 1740 1254 1825 appellnt,
1291 1757 1345 1806 nec

283 1846 387 1912 minus
417 1863 560 1930 perverse
600 1848 763 1914 monrium
795 1867 875 1928 eum,
905 1865 972 1932 quse
1003 1846 1054 1914 bic
1086 1846 1286 1931 signitcstm,
1315 1847 1345 1912 in

282 1951 423 2036 tyrsum
456 1951 661 2020 describendis
696 1954 830 2037 positum
862 1952 1073 2021 secundiorom
1110 1951 1275 2037 appellari,
1307 1970 1345 2018 ne

282 2056 358 2140 quid
380 2057 481 2122 dicam
513 2056 552 2122 dc
574 2059 702 2125 ablativi
734 2077 792 2124 usu
813 2058 956 2137 (materia
985 2059 1161 2122 semodium
1180 2059 1346 2142 apnbnore

281 2166 410 2244 omno).
468 2161 581 2228 Omnis
614 2168 698 2232 rectu
732 2165 821 2232 focile
856 2163 950 2232 flunt:
992 2165 1046 2232 Ac
1083 2164 1212 2231 nescio
1253 2182 1344 2247 quo·

283 2268 391 2334 modo
418 2268 577 2354 ingenis
605 2270 643 2334 ic
673 2270 829 2338 immoni
860 2271 901 2335 et
928 2271 1059 2337 invisa
1084 2270 1252 2337 muteris
1282 2287 1345 2336 se·

283 2373 466 2440 cundiore
506 2396 569 2439 oro
614 2377 890 2460 expresserunt
929 2355 1064 2444 sensus
1095 2376 1345 2444 vehementes

283 2481 322 2568 et
343 2479 572 2548 concitatos,
627 2482 770 2555 (Felicius
805 2483 843 2550 iis
873 2483 906 2547 in
938 2482 997 2548 buc
1023 2481 1155 2550 metens
1180 2501 1290 2548 sensus
1313 2499 1345 2548 se

282 2584 433 2652 dedorunt
454 2605 546 2670 quom
568 2587 600 2653 in
623 2589 754 2667 ceteris.)
796 2589 874 2654 Haec
893 2589 1041 2654 correctio
1062 2589 1126 2654 iem
1147 2588 1265 2674 Lipsio,
1287 2587 1345 2654 nisi

282 2691 364 2773 quod
384 2692 426 2757 in·
458 2711 518 2760 non
539 2692 672 2774 eddidit,
702 2694 734 2760 in
759 2696 899 2760 mentun
923 2695 1061 2773 renent,
1091 2694 1145 2762 sed
1173 2713 1244 2760 cum
1266 2692 1345 2778 opud

284 2795 461 2864 Fickertum
482 2799 598 2866 omisso
619 2801 712 2876 esset,
732 2801 844 2866 iterum
866 2819 886 2866 u
911 2819 962 2868 me
983 2799 1066 2866 iectu
1088 2802 1144 2866 est.

382 2903 450 2970 lbd.
484 2904 516 2983 4,
546 2905 566 2968 2
599 2905 715 2974 &noco
738 2907 902 2990 postquem
923 2904 1133 2974 definitionem
1155 2903 1344 2972 crudelitatis

282 3009 399 3092 posuit,
422 3027 483 3092 que
503 3028 540 3076 co
557 3011 597 3076 cd
619 3013 814 3078 atrocitatem
835 3011 977 3096 inponis
996 3011 1154 3097 exigendis
1174 3013 1343 3085 revocetur,

282 3115 372 3182 obiici
392 3116 493 3202 fingit,
505 3134 573 3184 esso
594 3117 736 3201 quaedem
755 3118 891 3186 iocinore
909 3117 1073 3196 murenis,
1094 3118 1131 3182 ut
1141 3116 1294 3184 Busiridis
1315 3119 1345 3184 et

281 3219 471 3302 Procrustae‚
502 3241 571 3306 quae
592 3223 650 3288 sub
671 3223 751 3290 hunc
771 3224 942 3291 finitionem
964 3223 1022 3306 (sic
1044 3223 1127 3290 euim
1148 3222 1216 3306 ipse
1237 3221 1344 3308 uppel-

281 3324 339 3405 lnt)
383 3344 443 3393 uon
489 3327 617 3394 oudam:
669 3329 757 3396 Haec
801 3329 1019 3396 crudelitas
1061 3329 1237 3413 quidem,
1281 3325 1343 3394 sed

282 3432 370 3515 quic
401 3450 466 3498 uec
498 3434 684 3502 ultionem
716 3436 890 3519 sequitur
922 3445 1008 3514 (nou
1038 3435 1137 3502 enim
1157 3435 1254 3502 laeso
1275 3435 1343 3510 est)

281 3555 350 3604 nec
370 3543 529 3622 peccato
562 3540 680 3608 elicui
702 3541 889 3608 irascitur
913 3540 1076 3622 (nullum
1110 3540 1209 3608 onim
1231 3540 1343 3606 unte·

281 3645 405 3711 cessit
426 3646 593 3723 crimen),
624 3649 733 3714 extre
761 3646 982 3715 finitionem
1018 3648 1190 3714 nostrum
1226 3645 1342 3712 cudit.

281 3749 421 3818 Primum
457 3752 560 3819 omitti
592 3752 676 3819 nullo
704 3751 795 3820 modo
820 3753 852 3818 in
879 3751 1054 3820 huiusmodi
1077 3751 1270 3822 concessione
1293 3768 1343 3834 po

280 3858 363 3924 teret
383 3859 456 3938 est;
488 3857 597 3924 deinde
619 3861 734 3924 Seneca
767 3857 845 3927 burc
876 3875 943 3930 csse
972 3857 1195 3933 -crutelitutoon
1216 3857 1343 3925 minimo

280 3963 423 4032 concedit
443 3971 546 4040 (suurn
568 3963 650 4030 enim
673 3963 881 4030 ocfiutonem
903 3982 1027 4048 prorsus
1050 3963 1198 4048 tolleret),
1234 3963 1290 4032 sed
1311 3963 1343 4028 in

165 4123 169 4131 .
279 4070 426 4154 proximis
462 4069 680 4148 (Possumus
718 4067 850 4135 dicere
890 4069 960 4154 cet)
995 4069 1152 4148 ostensu,
1194 4067 1344 4154 quomodo
1458 4111 1459 4116 ,
