2970 4648
315 281 380 348 420
648 281 873 354 murmure.
890 283 941 340 m

375 484 443 550 lbd.
477 483 530 562 13,
560 482 597 547 42
643 482 803 567 Aliquid
842 482 936 548 istie
977 485 1044 547 t'uu
1075 499 1193 548 euusu
1223 481 1334 557 ineis,

275 590 425 674 aliquid
458 607 555 664 meu3
588 591 669 663 tus,
705 589 806 673 quod
832 588 1003 654 redimis.
1061 587 1225 654 Addetnnt
1246 605 1334 672 supe·

274 696 370 764 riores
400 714 437 762 or
467 713 529 760 uno
554 694 587 759 et
611 695 708 760 nitere
734 693 840 760 eodiee
873 695 1073 776 interpolator
1110 711 1208 774 meu,
1241 693 1333 778 quod

277 799 404 886 eligis.
447 797 647 865 Scribendum
669 800 749 864 eretz
781 802 863 874 tus,
894 800 997 884 quod
1022 799 1200 881 redimis,
1224 801 1334 886 [mea,

277 907 378 993 quod
408 927 463 969 me
496 904 686 990 redimis}
741 907 880 971 Acumen
906 907 955 970 ost
979 906 1012 970 in
1044 908 1202 973 oontrnriis
1230 907 1334 972 redi-

275 1013 347 1080 mis
383 1012 529 1090 (infinite,
561 1012 711 1094 aliquem)
744 1015 777 1077 et
814 1029 870 1077 mo
901 1011 1074 1078 redimis.
1121 1011 1183 1078 Gir.
1215 1013 1333 1095 27,1ε

276 1124 402 1204 optus,
423 1122 465 1184 ut
485 1134 552 1201 ope
572 1117 750 1202 indigent
861 1121 986 1200 optus,
1013 1119 1054 1184 ut
1074 1119 1141 1184 tun
1162 1120 1336 1204 indigeat

275 1244 352 1310 ope.
397 1224 473 1303 (Cir.
494 1222 535 1289 ud
559 1218 614 1300 IV,
635 1221 674 1304 31
697 1223 730 1287 et
749 1220 813 1302 32.)
1125 1307 1128 1312 Ι

376 1330 442 1396 ltd.
473 1329 530 1403 lt,
566 1327 601 1392 6:
645 1327 751 1408 Quod
786 1333 827 1394 tu
852 1330 1018 1413 pretium
1045 1331 1154 1413 ponis
1181 1330 1335 1396 truiioi·

277 1439 359 1506 enti
386 1437 506 1502 muris
540 1437 580 1501 et
603 1453 672 1518 per
697 1433 843 1499 medios
870 1434 1032 1514 fluetus,
1068 1455 1148 1502 eum
1181 1455 1198 1502 e
1226 1439 1335 1503 terre

276 1543 483 1627 conspeetu
525 1539 708 1618 recessit,
751 1542 893 1606 eertum
939 1544 1091 1608 seeunti
1133 1543 1236 1608 vium
1281 1542 1334 1608 oet.

276 1651 375 1717 Serib.
407 1667 491 1714 eum
524 1655 626 1709 terra
657 1667 674 1710 e
700 1647 910 1728 conspeetu
944 1648 1120 1714 reeessit
1178 1648 1251 1730 Ipse
1287 1647 1336 1731 qui

275 1755 418 1840 nauigat,
450 1770 509 1818 non
541 1752 658 1840 meodit
678 1773 694 1815 e
714 1754 879 1836 conspeetu
902 1756 1001 1820 terreo.
1055 1756 1091 1819 Iu
1121 1753 1238 1828 uerbis,
1271 1771 1335 1838 quu

275 1863 412 1947 proxime
431 1858 610 1943 praeoeduut
645 1858 701 1938 (5),
722 1875 852 1941 pravum
874 1861 1001 1938 estut,
1033 1859 1105 1943 quin
1127 1877 1227 1944 neque
1248 1861 1336 1927 effet-

275 1951 327 2035 tus
373 1965 566 2052 signifieutnr
602 1981 701 2047 nequo
741 1965 909 2038 consessio,
952 1965 1007 2030 sed
1049 1983 1151 2033 eausa.
1207 1965 1336 2032 Videtur

275 2055 387 2140 fuisse:
423 2072 652 2137 nontamen
687 2069 938 2136 ullumistie
969 2074 1075 2137 tuum
1103 2073 1335 2149 rennueret,

276 2179 341 2242 uti
370 2195 442 2244 nou
471 2193 512 2242 ex
538 2193 607 2241 usu
634 2175 843 2251 effeetuve,
878 2177 946 2243 sed
980 2197 1022 2243 ex
1057 2177 1337 2243 consuetudine

279 2286 317 2350 et
338 2300 488 2350 unnouu
510 2281 725 2344 estimatur
745 2289 812 2365 (pro
833 2283 1078 2362 estimetur),
1115 2282 1174 2348 nisi
1195 2282 1269 2349 fuitr
1300 2283 1340 2348 ut

278 2391 344 2454 uti
447 2389 669 2454 aestimetur.

378 2495 443 2561 Ibd.
470 2493 519 2568 16,
548 2493 582 2559 2:
615 2494 716 2559 nihil
746 2495 914 2578 umplins
942 2494 1072 2574 (medioo
1098 2510 1191 2578 quum
1222 2511 1340 2559 meree·

278 2603 364 2680 dem)
388 2603 523 2680 debeo,
545 2601 633 2684 quin
654 2618 710 2665 mo
733 2617 806 2666 non
828 2601 1009 2686 tunquam
1031 2601 1200 2666 emitum
1221 2600 1340 2676 vidit,

278 2710 346 2776 sed
378 2709 562 2790 tunquam
592 2706 876 2790 imperatorem.
931 2707 1074 2790 Ineptum
1107 2725 1175 2774 esse
1203 2707 1255 2789 (de
1281 2723 1340 2771 uno

281 2833 317 2882 er
339 2813 550 2880 communibus
573 2813 679 2897 eugris,
712 2831 787 2897 quos
821 2813 959 2878 meditus
981 2812 1186 2896 perambulet)
1206 2813 1341 2896 impers-

277 2921 353 2988 toris
375 2936 486 2986 nomen
507 2919 610 3000 plnres
633 2918 792 2996 uiderunt3
814 2921 994 3002 uptumnon
1014 2919 1205 2985 invenerunt.
1244 2915 1340 2982 Orode
1454 2977 1455 3016 ζ

279 3026 427 3107 seriptum
468 3023 564 3089 fuisse
611 3023 863 3109 inrepelutmm
898 3025 963 3108 (qui
1004 3041 1129 3108 opernm
1171 3022 1340 3089 inuoenndo
1454 3019 1455 3096 Ξ

276 3130 478 3214 interpellet).

377 3236 445 3302 lbd.
469 3232 518 3308 23,
544 3235 577 3300 l:
610 3253 682 3301 non
706 3236 865 3302 externa
887 3239 1025 3321 cogunt
1047 3235 1150 3314 deos,
1186 3235 1253 3302 sed
1274 3249 1341 3302 sne

277 3341 362 3408 illis
391 3341 428 3406 in
448 3341 571 3424 legem
602 3343 743 3407 aeterne
769 3342 949 3408 voluntas
980 3344 1047 3407 est.
1104 3343 1201 3408 Reote
1232 3342 1265 3406 in
1292 3339 1339 3405 ed.

278 3447 401 3514 Erusmi
433 3449 532 3528 priore
553 3447 700 3531 seriptum
723 3452 807 3515 eret:
840 3449 878 3513 in·
908 3447 989 3532 loys
1010 3449 1161 3512 esterna.
1202 3447 1340 3512 Deorum

276 3552 421 3619 voluutas
456 3552 525 3624 tote¹
553 3554 601 3620 est
626 3553 658 3619 in
680 3553 750 3639 lege
771 3555 886 3619 esterna
914 3571 1010 3638 eaque
1038 3554 1223 3619 continetur.
1278 3553 1341 3618 Vo-

277 3659 429 3726 luntatem
465 3675 533 3724 esso
563 3660 595 3722 in
624 3658 718 3744 leym
750 3661 949 3745 (intelligunt,
973 3659 1093 3743 opinor,
1125 3679 1191 3744 pro
1227 3659 1340 3743 lege),

276 3765 421 3832 Latinum
442 3783 503 3831 non
525 3765 582 3832 est.
1210 3777 1224 3802 ⁰

376 3872 443 3937 Ibd.
465 3871 517 3947 31,
540 3871 576 3937 5:
620 3870 766 3938 Teutas
799 3871 921 3936 minas
951 3871 1049 3936 belli
1080 3873 1120 3937 et
1146 3889 1250 3956 penne
1280 3873 1341 3938 to-

277 3979 355 4043 tius
387 3978 542 4061 generis
577 3975 733 4043 humuni
773 3980 923 4044 ruentis
962 3977 1150 4061 impetum
1182 3979 1341 4062 parois-

276 4084 369 4150 simi
390 4083 546 4149 sistent.
590 4083 789 4150 Geminundae
811 4085 878 4150 dure
907 4084 1030 4167 littoreo,
1062 4086 1098 4149 ut
1120 4085 1190 4152 fiat:
1223 4103 1343 4168 gene·
