2918 4652
320 277 381 341 m
499 301 591 408 'w
678 279 949 351 fflffimu

280 493 287 512 ·
379 478 444 542 Lib.
466 475 581 552 XXIII,
614 476 643 551 6,
673 477 712 540 6:
756 477 957 560 Templum
988 482 1128 544 autem·
1143 483 1344 566 Apollinis

276 585 445 668 Delphis
481 584 650 667 positum
684 587 742 650 est
773 586 813 650 in
835 587 961 650 moute
983 583 1170 652 Parnasso
1193 589 1231 652 in
1253 607 1343 672 rupo

277 691 448 774 nudique
500 691 766 772 impendente.
832 691 888 756 Cui
934 707 1025 773 rupes
1067 691 1269 774 impendebat
1311 698 1344 760 et

277 797 411 879 nudique
432 796 651 878 impendebat?
694 797 833 862 Debebat
862 797 1122 880 esse'nndiqne
1143 803 1345 882 praerupta

277 907 316 967 et
337 901 493 982 abscisa
527 902 601 980 (etsi
632 903 664 966 id
695 921 804 986 reapse
837 921 942 968 verum
976 921 1035 968 nou
1070 909 1142 982 est).
1186 905 1343 988 Scriptum

275 1009 390 1072 fuerat:
412 1007 449 1071 iu
471 1023 514 1072 m.
538 1009 750 1085 Parnasso,
785 1027 880 1091 rupe
902 1004 1344 1092 undicu‘e'impeu'dente

276 1114 334 1191 (ita
356 1119 391 1180 ut
411 1131 502 1197 rupes
524 1114 658 1196 undique
679 1115 857 1197 impendeat
878 1116 1016 1197 templo).
1066 1115 1162 1180 Paulo
1183 1118 1255 1198 post
1277 1114 1299 1202 ᾗ
1323 1115 1344 1178 9

275 1219 355 1304 qnod
378 1218 501 1304 Ieepins
522 1239 539 1284 e
561 1219 699 1284 codicum
723 1219 886 1286 meliorum
909 1223 1061 1305 scriptura
1086 1223 1145 1298 ¹(vi
1175 1222 1342 1304 quadam

275 1327 505 1403 velamento)
539 1325 655 1390 affecIt:
687 1327 855 1408 spiritns
878 1330 908 1408 (e
941 1325 1092 1392 foramine
1127 1328 1343 1403 subterraneo)

275 1433 310 1496 ri
337 1433 497 1515 quadam
539 1431 648 1495 velut
681 1435 837 1497 amento
872 1434 911 1496 in
936 1433 1110 1498 sublime
1143 1431 1341 1513 expulsus,

276 1557 399 1622 prorsus
432 1536 564 1602 absurda
595 1537 626 1600 iu
655 1537 713 1602 hac
734 1557 766 1602 re
788 1538 904 1603 amenti
936 1539 1018 1617 (lori)
1038 1539 1157 1620 imago·
1174 1538 1232 1602 est.
1278 1531 1343 1602 A'ut
1437 1547 1438 1618 ι

275 1664 348 1710 vera
377 1645 425 1708 est
446 1643 631 1708 deteriorum
666 1644 817 1724 scriptura
858 1644 969 1708 uelut
991 1646 1122 1716 uento,
1151 1643 1207 1706 aut
1237 1643 1342 1724 potius
1437 1673 1438 1714 ι

274 1749 382 1814 subest
404 1748 510 1814 velut
535 1757 719 1810 tormento
742 1749 1067 1826 (relutormento).

275 1889 277 1894 ·
373 1855 438 1918 Ibd.
461 1854 491 1933 8,
513 1851 547 1918 3:
591 1856 632 1918 In
655 1855 725 1920 hoo
747 1855 919 1936 partium
942 1854 1157 1920 certamine
1178 1856 1342 1934 repente

271 1963 546 2026 universorum
593 1961 830 2042 templorum
865 1953 1102 2037 antistites,
1145 1958 1262 2023 simul
1303 1963 1341 2024 ot

272 2063 355 2148 ipse
375 2069 486 2132 uates
520 2066 670 2146 sparsis
707 2065 886 2130 crinibus
906 2077 1005 2130 ‘cum
1033 2066 1258 2150 insignitas
1281 2071 1339 2131 at-

271 2189 342 2255 que
376 2170 515 2235 infulis
549 2171 680 2253 pavidi
713 2172 968 2254 socordesque
1005 2207 1055 2236 ·...
1098 2175 1338 2252 procurrunt.

272 2279 397 2342 urceos
419 2297 455 2342 ex
476 2276 626 2342 Herodoti
650 2277 737 2349 VIII,
761 2277 801 2340 tt
824 2277 988 2342 advocatur
1013 2269 1033 2340 ό
1056 2271 1250 2360 προφήτηςι
1287 2278 1340 2360 qui

271 2376 413 2448 iuferiora
444 2386 536 2448 atate
560 2401 712 2466 nusquam
733 2385 992 2447 commemoratur
1023 2401 1121 2466 neque
1144 2375 1244 2466 supra
1258 2385 1338 2467 apud

271 2488 426 2554 Iustinum
469 2488 661 2572 significatus
711 2491 767 2554 est.
835 2488 1050 2554 scribendum:
1109 2489 1339 2566 antistites,

271 2597 388 2662 simul
411 2603 447 2660 et
468 2596 559 2679 ipen
582 2597 695 2659 vates
800 2593 952 2670 intulis,
984 2593 1115 2677 pauidi
1137 2598 1338 2662 vecordes-

135 2766 137 2772 ,
229 2695 231 2700 ’
270 2717 349 2788 que¹
393 2701 525 2766 Xosdsm
548 2693 710 2782 significat
726 2700 877 2774 Iustinus,
910 2720 985 2784 qnae
1006 2717 1034 2764 c.
1058 2700 1093 2773 6,
1126 2701 1146 2762 9
1177 2708 1340 2779 (mentes

269 2797 430 2885 vatum),
462 2804 538 2870 duas
573 2805 717 2888 Pythias,
741 2810 785 2871 ,ιιι
815 2807 997 2872 Plutarchus
1026 2807 1065 2870 de
1096 2799 1156 2872 def.
1192 2827 1274 2876 orae.
1309 2809 1338 2888 9,

269 2915 323 2977 aut
344 2913 456 2994 plures.
500 2910 565 2994 [Sic
588 2911 710 2976 ModIce
734 2930 750 2976 e
773 2911 862 2976 codd.
887 2911 1114 2996 tuldensibus]
1138 2969 1141 2974 .
1231 2950 1235 2958 -

370 3016 429 3093 (De
454 3016 602 3096 XXVIII,
624 3016 654 3093 3,
679 3018 715 3078 lI
741 3018 857 3082 dictum
881 3020 928 3082 est
950 3017 1009 3082 vol.
1033 3018 1047 3080 I
1070 3037 1099 3098 p.
1122 3017 1185 3094 64.)

368 3121 435 3186 Lib.
471 3122 565 3200 XXX,
603 3126 630 3200 1,
667 3124 703 3186 8:
740 3125 860 3206 atque
896 3123 951 3188 ita
985 3122 1199 3200 (Ptolemaeus)
1237 3125 1337 3188 omni

268 3227 540 3311 magnitudine
589 3229 761 3294 nominis
827 3248 869 3293 cc
919 3229 1140 3294 maiestatIa
1189 3229 1335 3302 oblitus

267 3336 399 3399 noctes
434 3332 474 3396 in¹
511 3336 670 3418 stupris,
707 3333 862 3399 dissic
887 3335 1090 3399 conviviis
1129 3337 1334 3400 consumit

267 3441 333 3504 Hoc
354 3457 392 3503 ne
414 3439 534 3521 Ieepins
557 3439 678 3521 quidem
702 3441 767 3505 sine
789 3440 898 3504 mendi
920 3441 992 3504 nota
1013 3441 1195 3506 transmisit.
1255 3439 1334 3506 Sub·

267 3549 329 3610 est:
352 3548 464 3627 atque
484 3545 540 3608 ita
562 3545 681 3606 animi
699 3545 947 3610 mollitudine
969 3546 1134 3610 nominis
1157 3564 1199 3610 ac
1221 3546 1334 3610 maie·

197 3663 201 3670 '
266 3649 566 3716 statisoblitus.
610 3649 748 3729 (Initium
773 3649 1191 3730 meudifuititanimi.)¹)

264 3859 461 3866 -ψ

282 4003 304 4066 ²)
333 4003 431 4069 XXXI,
450 4007 475 4069 6,
494 4005 835 4074 3ooniecturescripseram
854 4007 1089 4058 adsentantium
1111 4006 1327 4061 adolationi-

335 4094 412 4162 bus,
432 4096 531 4150 inscius
548 4097 575 4150 id
597 4103 625 4150 et
642 4099 790 4168 Bongarsio
808 4102 838 4152 et
853 4099 917 4152 aliis
935 4097 1073 4168 placuisse.
