3000 4638
529 260 561 320 L,
575 259 666 316 Soneo.
684 258 718 312 ad
737 259 872 316 tiernium.
1122 259 1182 322 345

263 459 332 524 Ibd.
354 456 383 531 3,
417 459 451 521 2:
488 475 554 522 nee
586 457 671 540 plus
704 455 830 522 doluit
856 455 954 528 (Livia
976 457 1089 522 emisso
1111 457 1224 534 Druso)

164 581 274 648 quam
297 565 364 628 eut
387 563 588 628 honestum
614 564 696 627 erat
720 560 859 626 Caesari
885 565 953 626 aut
973 581 1118 652 equum
1148 581 1226 628 mu·

162 671 227 737 tri·
279 669 330 734 dio
362 668 429 732 duae
461 685 599 749 personae
631 668 868 750 coniunguntur,
902 673 989 752 quusi
1019 668 1126 734 eodem
1160 668 1226 734 loeo

163 779 245 854 sint;
278 759 311 842 at
340 774 442 840 Caesar
464 774 638 856 lugebatur,
671 757 771 838 meter
798 770 937 854 lugebam
975 773 1083 839 deinde
1110 773 1226 842 bono·

164 883 268 946 stum
291 879 431 946 caeseri
458 877 567 942 Latine
588 877 720 962 intelligi
741 881 864 943 tuntum
885 880 986 959 potest
1008 878 1047 944 de
1069 899 1115 958 eo,
1148 899 1228 964 quo-

163 1005 262 1070 usque
293 985 406 1050 Caeseti
434 983 562 1048 dolendo
582 983 723 1068 progredi
745 983 875 1060 liouerit,
897 985 975 1068 quod
998 965 1227 1052 absurdom‘ad

164 1093 351 1158 sententiam
387 1091 443 1154 est.
497 1088 571 1154 (lod.
602 1089 759 1154 Ahabet:
796 1106 903 1172 quem
941 1093 1003 1154 aut
1024 1091 1228 1158 honestum

164 1199 251 1262 eret
271 1196 415 1262 Caesare
436 1195 503 1260 aut
523 1215 626 1278 aequo
649 1196 782 1262 maluo.
825 1195 981 1260 diffinitur:
1015 1217 1069 1282 qu.
1096 1215 1123 1263 n,
1146 1199 1227 1264 hon.

166 1303 311 1368 eratin
333 1300 479 1366 Caesare
502 1305 566 1365 aut
588 1319 731 1384 aequom
755 1303 791 1362 io
806 1300 922 1385 silio,
954 1303 1012 1368 hoo
1036 1305 1099 1378 est,
1132 1323 1230 1388 quen·

165 1412 234 1473 inm
257 1407 386 1472 Caesaris
410 1406 642 1490 dignitatium
663 1408 785 1473 ueritati
808 1407 985 1474 debebatur.
1031 1407 1114 1485 (Non
1136 1409 1228 1474 sutis-
1281 1399 1287 1416 '

166 1513 294 1592 laniunt,
316 1531 384 1596 quae
405 1511 537 1576 Haesius
560 1518 662 1578 annot.
685 1515 751 1578 orit.
776 1531 805 1594 p.
828 1511 847 1576 3
872 1513 962 1589 dixin
984 1513 1068 1578 idem
1091 1513 1128 1578 do
1150 1517 1230 1580 oeta·

165 1620 212 1684 ris
231 1619 304 1683 loeis
325 1617 457 1700 intelligi
480 1619 558 1696 volo,
580 1619 633 1684 ubi
656 1619 844 1684 mentionem
867 1621 1090 1703 praetermitto.)
1136 1621 1229 1686 Prox-

101 1809 103 1813 .
166 1727 231 1790 ima
251 1724 385 1790 Haasius
408 1725 538 1801 sanavit,
562 1725 621 1790 nisi
643 1723 721 1808 quod
744 1725 794 1805 (de
816 1739 875 1810 quo
895 1726 961 1808 ipse
984 1728 1086 1791 annot.
1110 1727 1177 1793 orit.
1200 1746 1230 1810 p.

167 1832 187 1896 3
225 1829 390 1908 dubitavit)
424 1849 483 1896 non
515 1851 626 1914 quem
656 1831 921 1913 interponendum.
961 1834 1015 1899 sed
1048 1831 1093 1898 sio
1130 1833 1232 1916 potius

167 1935 363 2004 seribendum
386 1938 448 2002 ost:
482 1955 568 2002 eum
595 1937 776 2004 memorie
798 1939 910 2006 illius
933 1939 1048 2012 vixit:
1083 1939 1232 2024 [anemo-

168 2052 269 2106 ra'am
293 2042 407 2126 eelim]
429 2061 538 2108 nemo
559 2043 733 2108 retinere
762 2048 828 2124 oet,
859 2047 894 2109 ut
917 2045 1021 2114 oeulus
1044 2047 1233 2112 aborrerite

169 2147 391 2222 memoriam
414 2149 452 2212 ad
474 2167 595 2212 nemo.

271 2254 336 2318 lbd.
365 2252 394 2325 3,
425 2253 459 2318 3:
493 2241 746 2326 Aversaberio
779 2259 816 2320 ot
845 2255 996 2322 alienos
1023 2255 1165 2324 liberos
1198 2260 1236 2325 ei

170 2367 258 2426 tuos
298 2359 458 2443 ipseque
492 2359 716 2425 desiderans
748 2362 865 2432 triste
900 2361 1236 2437 matribusomen

171 2483 387 2542 oeourrere‚
419 2465 639 2547 voluptates
672 2465 875 2543 honestes,
910 2467 1118 2550 permissas
1148 2468 1236 2536 tan-

171 2695 369 2708 ι-ν--υ-ο-ο-η-ι-

240 2839 414 2905 hominurn
433 2848 609 2906 reduxisti.
627 2847 920 2903 ubinunorevooetum
937 2851 978 2902 est
997 2847 1123 2914 visum;
1143 2852 1171 2903 et
1184 2865 1235 2902 non

242 2942 374 3013 agebatur
401 2941 434 2995 de
452 2941 575 2996 ridendis
601 2939 733 2995 Cremutii
762 2940 843 2998 Cordi
866 2942 952 3004 libris,
981 2941 1028 2996 sed
1055 2940 1088 2994 de
1115 2941 1236 3007 utendis,

243 3051 291 3089 neo
309 3037 346 3089 sio
365 3035 466 3088 dicitur
485 3034 577 3088 visus
599 3034 778 3087 hominum.
820 3033 879 3089 Ibd.
898 3038 915 3092 4
934 3037 1005 3088 reete
1024 3049 1040 3087 a
1058 3033 1173 3090 Curione
1191 3050 1236 3088 ue·

243 3143 295 3197 que
313 3125 348 3181 ed
366 3127 489 3198 lipsium
507 3127 609 3180 editum
627 3126 682 3179 ost:
716 3129 749 3180 at
767 3125 908 3204 illorum
928 3168 934 3181 .
953 3167 957 3178 .
980 3170 986 3182 .
1006 3125 1239 3193 sceleraquo·

244 3237 306 3290 que
319 3261 325 3274 .
340 3223 561 3274 ..tacebuntur
573 3221 631 3288 (pro
643 3218 822 3286 tacebunt)
833 3219 1002 3276 dememurin
1018 3235 1127 3289 prorsus
1143 3217 1238 3272 interi·

244 3316 314 3370 ture
358 3311 422 3382 Cep.
441 3315 466 3366 2.
494 3315 510 3368 4
537 3311 595 3364 iure
622 3314 723 3366 veteres
751 3309 897 3368 editiones:
929 3309 1109 3366 seeundum
1143 3309 1238 3366 orbi·

244 3409 350 3460 tatem
369 3403 525 3460 iudicans
557 3403 718 3458 leorimes
746 3409 896 3458 amittere.
931 3402 1049 3459 Etiamsi
1076 3402 1239 3458 lacrimas

187 3541 190 3548 .
247 3499 388 3552 mittere
416 3496 448 3550 de
474 3496 538 3550 flere
568 3495 705 3551 desinente
733 3496 880 3560 dieeretur,
907 3495 958 3550 hoo
987 3494 1044 3548 loeo
1070 3498 1240 3562 eomparatur

246 3592 413 3646 lacrimarum
433 3593 462 3643 ot
478 3589 530 3646 filii
549 3590 666 3644 amissio.
713 3589 779 3659 Cap.
798 3594 823 3652 3,
852 3586 1056 3644 leutiberedum
1080 3585 1239 3648 neeessario.

249 3687 280 3738 ut
297 3699 390 3738 omnes
408 3685 471 3751 post
494 3683 629 3737 Muretum
651 3685 715 3736 ente
739 3681 896 3736 Iliokertdm
913 3681 1090 3748 scripserant:
1120 3679 1240 3733 Intre-

248 3780 348 3832 reret
366 3775 491 3842 (Drusus)
519 3777 661 3846 penitus
688 3773 902 3830 Germaniam
925 3775 958 3826 et
984 3771 1039 3824 ibi
1059 3773 1158 3840 signa
1178 3771 1241 3824 eo·

248 3885 344 3922 mnne
377 3867 519 3931 fixerat,
551 3885 613 3945 nou,
645 3872 676 3922 ut
704 3885 773 3922 nuno
797 3867 901 3923 oditurz
934 3865 1070 3932 signum
1098 3862 1241 3917 Romani

248 3961 381 4016 lixerun
392 3965 416 4026 t;
435 3960 546 4016 neruda
565 3961 645 4014 unius
665 3960 746 4014 Drusi
764 3959 843 4014 laude
871 3953 970 4012 dieitur
988 3958 1015 4010 et
1035 3955 1101 4022 quid
1120 3954 1242 4012 effoetum

250 4055 303 4108 iem
321 4054 409 4120 inerit,
431 4071 491 4109 oum
509 4056 631 4107 mortuus
651 4055 699 4106 est.
