2978 4644
549 1756 675 1832 Liber
709 1757 798 1833 VII.
859 1801 862 1808 ,

607 1923 691 2006 Gap.
713 1925 738 1988 1.

597 2075 633 2134 Μ.
662 2075 756 2135 Varro.
888 2104 892 2112 ·

193 2209 194 2216 ’
242 2213 345 2278 Prosae
389 2212 534 2278 orationis
571 2212 755 2296 sariptomm
793 2213 973 2278 Latiuomm
1013 2232 1124 2298 agman
1168 2213 1209 2281 u.

142 2316 249 2386 Varro
282 2318 439 2402 (quoniam
466 2319 590 2390 Catonis
627 2318 665 2384 da
700 2338 734 2384 re
771 2319 890 2384 rustica
922 2317 1063 2384 libellum
1098 2317 1209 2404 leviter

140 2427 262 2492 tantum
285 2423 387 2507 attigi)
412 2423 513 2489 ducat.
563 2423 638 2489 Eius
659 2424 732 2490 libri
753 2423 793 2491 ue
818 2422 1063 2509 liuguahatiua
1083 2425 1209 2507 propter

141 2530 242 2614 ipsum
278 2529 426 2595 Varronis
462 2528 621 2596 horridum
661 2529 832 2614 durumque
875 2527 994 2594 dicendi
1040 2546 1136 2614 genus
1175 2533 1209 2597 at

143 2639 269 2720 propter
301 2636 475 2719 argumenti
506 2636 719 2719 sambendiqus
754 2637 897 2714 formam,
917 2651 1015 2716 nequa
1048 2635 1208 2718 perspicuo

143 2741 365 2808 sententiarum
388 2741 493 2806 tenore
516 2760 684 2807 connexam
707 2742 739 2806 et
760 2740 860 2824 ¹omnis
883 2740 1005 2824 generis
1026 2739 1209 2824 fragmentis

143 2845 365 2931 antiquioribus
379 2844 568 2925 distinctam,
591 2850 623 2913 et
643 2847 766 2930 propter
788 2845 927 2910 codicum
949 2845 1113 2921 fortunam,
1137 2845 1210 2911 dum

143 2972 211 3018 ram
235 2955 266 3016 et
286 2952 388 3035 longIs
400 2952 570 3018 intervallis
586 2952 806 3030 describuntur,
829 2951 1211 3036 quamsintomnigeuara
1287 2925 1294 2950 ⁸

143 3057 324 3122 mandorum
347 3057 493 3139 corrupti,
517 3060 749 3142 nemoignorat.
784 3058 834 3122 Ad
857 3077 892 3122 aa
914 3057 1026 3122 menda
1047 3057 1211 3139 paatAldi,

143 3162 308 3240 Vertranii,
332 3162 476 3242 Tumabi,
497 3161 657 3248 Souligeri,
671 3164 814 3249 ,Scioppii
826 3163 1015 3247 oparamvia
1027 3181 1062 3228 aa
1083 3159 1211 3237 ratione,

143 3270 293 3351 quantam
330 3268 397 3334 fieri
424 3269 535 3352 potest,
568 3269 707 3336 tollenda
735 3270 898 3336 materiam
926 3266 1119 3350 collegerunt
1146 3266 1210 3351 sig-

68 3387 71 3394 ·
146 3391 280 3456 numque
314 3373 488 3438 extulerant
520 3375 627 3440 nostra
658 3375 750 3440 aetats
782 3376 818 3440 L.
850 3372 1031 3458 Spengslius
1065 3375 1096 3438 at
1119 3372 1151 3438 O.
1175 3372 1211 3438 Ο.

146 3477 325 3554 Muellerus,
355 3478 407 3544 hic
430 3481 554 3564 quidem
577 3479 736 3564 (quoniam
758 3479 915 3565 Spangslii
938 3478 1043 3544 viriles
1066 3479 1211 3543 maturae-

146 3604 204 3668 que
225 3602 306 3649 aurae
340 3585 507 3656 maximam
539 3588 660 3669 partam
683 3587 783 3652 adhuc
807 3587 839 3651 in
869 3583 990 3650 scriniis
1011 3583 1124 3662 latent)
1146 3583 1212 3668 ipss

145 3687 268 3778 longius
299 3691 331 3755 in
367 3693 558 3774 exsequenda
582 3693 795 3758 emendatione
818 3709 1006 3776 progressus.
1061 3688 1121 3768 Qui
1143 3709 1211 3773 quae

147 3796 184 3862 da
219 3796 321 3880 prima
355 3799 549 3864 Vamoniaui'
571 3800 672 3892 operis
708 3797 842 3864 aditione
881 3798 985 3862 minus
1023 3794 1212 3862 consideratu

150 3901 226 3970 dixit
261 3902 294 3969 et
326 3903 523 3970 Lachmanno
550 3904 706 3988 probavit,
739 3922 776 3970 ea
799 3918 881 3966 nuno
910 3900 1048 3966 refellere
1083 3900 1209 3978 omitt0;

146 4027 220 4074 uam
242 4011 315 4075 ata
339 4010 383 4074 rai
405 4009 537 4075 librariae
560 4008 641 4090 apud
665 4009 782 4074 veteres
806 4004 1025 4072 consuetudins
1047 4006 1080 4070 st
1106 4003 1212 4070 tondi-

148 4114 290 4180 sionibus
312 4115 488 4194 abhomant,
512 4119 543 4180 et
565 4113 665 4197 operis
687 4112 794 4178 formae
816 4128 999 4193 aurumque,
1032 4129 1098 4193 quae
1121 4108 1153 4173 in
1176 4126 1212 4174 ea
