2924 4660
307 301 368 366 568
570 279 572 284 Ι
645 299 705 356 Lib.
724 264 803 357 VIlI.
821 299 887 371 Cap.
904 299 952 357 VI.

266 502 393 580 dicitur;
430 500 563 566 debebat
586 499 646 565 dici
669 499 821 583 confector·
842 502 897 564 aut
918 507 1056 562 accculor
1078 501 1200 563 tandem
1221 501 1330 585 operire.

267 610 383 674 Auctor
403 609 465 672 iam
489 605 586 672 lulius
609 605 711 671 Cacsar
732 604 848 683 nerra
882 605 1013 672 iterandi
1034 608 1139 671 auctor
1161 606 1334 683 Claudius.)
1444 651 1445 682 2

248 767 251 774 .
369 712 435 778 lbd.
473 709 531 775 14:
575 709 657 776 Mox
679 711 821 776 Didius
854 710 990 778 Gallus
1023 712 1336 796 partaapriori-
1444 703 1445 732 ³

268 819 336 884 bns
358 817 569 894 continuit,
592 815 727 900 paucis
749 817 948 883 admodum
969 819 1149 885 castellis
1170 819 1207 884 in
1230 819 1336 884 ulte·

268 924 371 990 riora
392 923 597 1008 promotis,
635 941 700 1006 per
721 943 799 1005 quae
826 923 927 988 sarna
947 923 1054 990 aucti
1076 924 1206 992 otficii
1239 944 1336 1008 quae-
1445 991 1446 1002 2

268 1033 430 1096 reretnr.
477 1027 546 1094 Non
563 1031 657 1112 puto,
687 1029 739 1113 qui
770 1030 934 1112 provinciae
956 1030 1033 1096 lines
1054 1031 1206 1114 proferat,
1243 1049 1336 1096 suum
1445 1017 1446 1020 ¹

268 1136 403 1202 odicium
425 1153 537 1219 augere
558 1134 618 1200 dici
639 1153 742 1218 possa;
767 1153 824 1200 nac
848 1154 972 1213 eorum,
1001 1136 1053 1219 qui
1075 1137 1205 1220 imperio
1227 1157 1338 1221 parere

269 1245 427 1327 coguntur,
460 1241 595 1308 officium
634 1241 815 1324 appellatur.
851 1242 982 1326 ⁴Itaque
1015 1243 1152 1326 suspicor
1184 1244 1339 1326 scriptum

268 1348 377 1413 fuisse:
400 1347 505 1414 aucti
528 1346 710 1432 obsequii
732 1347 967 1428 (barbarorum).

370 1453 435 1518 iod.
475 1453 528 1517 16:
571 1448 649 1518 Nec
682 1453 1045 1519 Vettius'Bolanus
1168 1455 1344 1540 agitavit
1446 1509 1447 1524 r

271 1555 509 1625 Britanniam
533 1559 753 1642 disciplina.
798 1559 1020 1643 Opinortuisse
1043 1558 1261 1644 carrigavit
1285 1565 1343 1627 aut

265 1665 472 1750 fatigavit.
517 1665 690 1748 Disciplina
710 1663 867 1748 provincia
889 1675 950 1731 non
972 1665 1116 1750 agitatur.

371 1771 459 1854 (Cap.
482 1772 522 1834 24
544 1771 706 1837 emendavi
727 1773 788 1837 vol.
811 1771 826 1836 1
849 1791 879 1854 p.
905 1769 989 1848 147.)

373 1877 439 1944 lbd.
463 1877 519 1942 28:
554 1881 593 1942 et
613 1896 684 1942 uno
708 1877 940 1962 remigante,
972 1877 1168 1960 suspectis
1192 1877 1343 1942 duobus
1447 1895 1448 1920 1

273 2000 386 2066 eoque
408 1983 648 2061 interfectis,
679 1983 839 2048 nondum
860 1983 1018 2068 vulgato
1040 2002 1187 2048 rumore
1208 1987 1250 2048 ut
1272 1985 1344 2048 mi-

273 2089 448 2154 raculum
470 2088 799 2172 praevehebantnr.
823 2089 899 2154 Tres
911 2089 1147 2155 liburnicasnon
1162 2106 1222 2152 uno
1243 2090 1343 2154 remi-

274 2197 367 2280 ganta
388 2197 475 2260 actas
504 2212 560 2260 nec
581 2195 785 2280 gubernatore
817 2194 856 2259 ad
878 2194 1092 2279 remigandum
1113 2193 1235 2277 Usipios
1258 2213 1343 2273 usca,

276 2319 335 2384 quc
357 2299 460 2365 labore
481 2299 540 2383 ipsi
561 2300 649 2385 fungi
670 2302 822 2394 poterant,
843 2301 907 2366 iam
929 2302 982 2366 alii
1004 2301 1231 2367 intellexerunt.
1287 2301 1344 2366 Vi-

276 2406 365 2479 detur
389 2407 496 2472 luisse:
530 2411 568 2473 et
589 2427 659 2474 uno
680 2418 832 2492 repense
852 2406 991 2489 (nanum
1016 2414 1162 2484 cursum).
1221 2407 1345 2471 Deinde

276 2531 293 2578 e
329 2512 467 2578 codicum
503 2515 643 2600 vestigiis
679 2513 760 2580 edici
802 2514 937 2578 videtur:
988 2513 1073 2578 Mor
1116 2513 1161 2578 ad
1205 2531 1344 2595 aquam

276 2621 389 2702 atque
429 2621 546 2686 utilia
581 2622 722 2705 raptim
758 2619 908 2705 egressi
943 2620 980 2684 et
1023 2638 1103 2684 cum
1146 2619 1346 2704 plerisque

275 2729 551 2793 Britannorum
574 2745 641 2792 sua
662 2726 951 2813 defensantium
973 2725 1107 2808 proelio
1130 2725 1344 2809 congressi.

276 2834 380 2918 (Quod
401 2833 642 2915 adaquatum
664 2851 761 2916 nuper
782 2832 951 2915 repositum
975 2834 1038 2910 est,
1059 2832 1199 2897 homines
1221 2851 1346 2915 aquan-

277 2951 340 3015 tur,
363 2939 395 3004 id
425 2941 489 3018 est,
517 2956 628 3021 aquam
658 2941 784 3020 petunt,
823 2942 892 3004 sata
921 2942 953 3004 ct
978 2938 1111 3021 pecudes
1133 2938 1344 3022 adaquantur,

276 3045 332 3110 hoc
354 3049 410 3120 cst,
434 3044 688 3128 aquairrigantur
704 3048 758 3110 ant
772 3046 955 3119 nutriuntur,
977 3063 1057 3128 aqua
1082 3043 1120 3108 iis
1141 3041 1345 3125 praebeturl)

378 3148 514 3214 locui:
537 3137 749 3234 Postquam
772 3150 888 3216 silvio
911 3149 1345 3233 appropinquaverunt,

277 3256 369 3321 item
413 3255 555 3337 primos
598 3257 845 3340 sequentium
885 3256 1064 3321 incautos
1104 3254 1267 3319 collecti
1307 3254 1348 3318 et

310 3637 331 3705 ¹)
349 3636 382 3692 In
407 3651 429 3692 c.
453 3637 500 3700 34,
528 3649 608 3704 quem
636 3633 723 3688 locum
747 3629 871 3684 Halmius
894 3630 1074 3688 insanabilem
1097 3633 1191 3702 putat,
1216 3629 1342 3686 omnibus

349 3727 450 3783 litteris
468 3725 540 3781 idem
562 3725 727 3794 scripseram,
754 3721 827 3792 quod
853 3721 978 3778 Ritterus
1003 3723 1103 3780 edidit:
1140 3723 1345 3779 Novissime

349 3837 402 3876 res
428 3822 478 3885 ct,
505 3821 658 3874 extremo
681 3818 790 3879 metu,
824 3818 940 3884 torpor
970 3815 1125 3871 defixere
1152 3814 1258 3869 aciem
1284 3815 1343 3876 cet,

350 3930 404 3968 uno
432 3915 546 3982 torpor
564 3916 620 3982 pro·
635 3924 776 3978 corpora
801 3907 897 3980 posito.
945 3907 1098 3964 Novissima
1123 3905 1194 3978 apud
1219 3906 1341 3961 Tacitum

351 4005 405 4060 dici
422 4005 504 4059 etiam
522 4001 621 4057 ultima
643 4004 672 4056 ct
695 4001 730 4055 ad
748 4003 895 4056 extremum
913 4002 1026 4057 miseria
1044 4018 1074 4058 ac
1093 4000 1262 4057 necessitatis
1281 4011 1342 4069 pcr-

255 4131 258 4140 ·
352 4081 544 4152 arcanorum
562 4098 611 4151 est.
952 4093 956 4102 '
