2956 4648
548 283 634 338 Taciti
653 281 778 338 Annales.
1098 281 1158 344 555

140 484 197 569 gii
221 484 416 567 regimen:
439 499 647 564 possumus
670 483 849 548 seniores
882 480 1001 546 amici
1025 482 1225 564 quietem

137 581 355 672 reposcere.
417 587 623 652 Vehementer
656 587 784 654 offendit
816 588 861 654 sic
893 585 973 651 nude
1008 587 1126 652 dictum
1162 587 1199 652 de

137 695 299 781 principali
320 695 385 760 loco
416 695 449 757 et
480 693 701 778 gubernatione
726 691 854 777 faeciprb'
873 697 1023 776 cepionem
1057 711 1112 757 nec
1146 697 1199 758 aut

135 795 233 864 ofa'urn
254 800 387 883 cepimus
421 802 479 863 aut·
505 808 637 882 superest
658 803 755 862 uicum
778 799 911 882 cepionem
932 799 1091 864 tolerabile
1114 797 1197 863 vide·

135 908 195 971 tur.
244 906 279 984 In
302 905 399 969 altera
420 905 506 986 pravi
538 904 691 986 participii
720 906 837 989 syllaba
859 905 945 982 latet,
969 904 1049 987 quod
1071 893 1198 986 requiri·

135 1014 201 1076 tur:
237 1011 371 1074 commi
402 1009 560 1093 fastigii
590 1011 784 1094 regimem
816 1011 898 1092 prior
920 1029 955 1074 ex
976 1009 1024 1074 his
1047 1011 1129 1074 orta:
1160 1009 1200 1074 et

91 1149 105 1180 μ
134 1121 193 1182 tob
215 1134 427 1199 perennes
449 1116 716 1179 costisnmmi
739 1115 760 1178 f.
784 1135 860 1200 reg.
917 1117 961 1180 Er
981 1115 1079 1180 semel
1101 1115 1198 1199 scrip·

134 1227 174 1290 tis
197 1221 310 1289 litteris
333 1239 403 1284 nos
425 1219 597 1297 (annosti
630 1221 784 1299 summi)
812 1221 934 1286 initium
965 1221 1196 1284 mendicatum
1233 1295 1238 1306 κ

134 1332 191 1396 est.
228 1326 385 1412 [Summi
406 1326 469 1389 iam
484 1325 664 1410 wormius]

45 1512 47 1518 y
233 1433 299 1497 Ibd.
332 1431 371 1494 58
395 1432 438 1508 (in
461 1431 614 1495 mandatis
636 1431 670 1494 L.
694 1431 822 1495 Antistii
844 1429 883 1494 ad
905 1430 1081 1495 Rubellium
1104 1431 1197 1496 Plau·

133 1543 212 1616 tnm,
234 1543 269 1603 ut
290 1537 419 1602 Neronis
452 1536 666 1601 crudelitatem
687 1536 789 1600 armis
822 1536 976 1618 capiendis
997 1536 1195 1618 praeveniat):

134 1646 329 1728 effugeret
363 1661 518 1726 segnem
541 1643 717 1716 mortem;
754 1642 878 1707 otium
903 1640 1122 1722 suffugium
1159 1643 1195 1706 et

133 1750 262 1834 magni
294 1748 462 1812 nominis
485 1747 744 1812 miseratione
777 1750 1023 1829 reperturum
1059 1748 1192 1827 bonno,

116 1854 455 1918 consociaturum
498 1853 673 1917 audaces.
739 1852 829 1916 Varie
872 1853 1010 1916 tentatur
1053 1855 1196 1930 otium,

131 1960 236 2024 mendi
258 1958 471 2049 manifestnm3
495 1957 571 2022 mihi
594 1957 849 2022 verisimillimum
873 1956 1008 2021 videtur:
1033 1959 1071 2019 io
1093 1969 1196 2020 mota

132 2065 371 2146 suffugium3
409 2067 445 2130 et
488 2063 620 2147 magni
653 2053 734 2126 cet..
776 2061 951 2128 Contrarius
985 2064 1071 2146 segni
1103 2066 1196 2130 morti

131 2172 365 2236 commendatur
401 2172 519 2246 motus3
557 2169 689 2244 additur,
722 2168 794 2252 qnid
831 2169 863 2232 in
900 2188 935 2234 eo
972 2188 1059 2250 spem
1093 2169 1194 2234 faciat.

128 2274 191 2340 Sed
241 2278 332 2359 paulo
392 2280 463 2342 ante
514 2276 592 2358 quod
647 2295 725 2340 nuno
776 2274 893 2340 editur:
957 2275 1061 2338 Vana
1114 2275 1194 2340 baec

128 2401 233 2447 more
267 2383 375 2448 famae
420 2380 665 2446 credentium
707 2382 785 2446 otio
822 2381 1091 2464 augebantur,
1136 2381 1194 2445 etsi

127 2487 221 2552 otiosi
265 2489 379 2552 famam
428 2486 623 2551 circumferre
681 2486 798 2559 solent,
854 2489 957 2549 tamen
1005 2485 1193 2552 credentium

126 2593 189 2658 otio
227 2595 332 2676 augeri
370 2613 406 2658 ea
438 2593 486 2658 vix
523 2594 606 2655 recte
640 2591 765 2666 dicitur,
785 2655 788 2662 ,
809 2593 940 2673 putoque
971 2611 1041 2656 cum
1075 2591 1194 2657 Grono-

126 2697 175 2761 vio
199 2699 294 2764 fuisse
316 2699 401 2762 odic
424 2698 593 2778 (Neronis).

231 2806 297 2871 Ibd.
324 2805 386 2879 ,60:
431 2803 523 2868 Inde
567 2803 701 2868 crebri
738 2805 903 2885 questus
938 2822 1007 2866 nec
1040 2803 1193 2868 occulti

125 2927 192 2988 par
217 2912 398 2994 vulgum,
432 2911 494 2980 cni
527 2908 649 2974 minor
683 2899 881 2992 sapientia
916 2929 956 2972 ex
984 2909 1192 2974 mediocri·

124 3013 209 3080 tate
231 3020 397 3097 fortunae
420 3016 607 3099 pauciora
628 2997 806 3097 pericula
828 3018 931 3080 sunt.
975 3015 1044 3078 His
1067 3035 1194 3098 quam·

125 3137 239 3199 qnam
264 3123 367 3188 Nero
403 3122 639 3203 poenitentia
666 3121 825 3204 flagitii
848 3122 1056 3204 coniugem
1079 3141 1193 3186 revo-
1249 3199 1251 3204 ι

124 3229 237 3293 eavit
272 3227 488 3292 Octaviam.
546 3226 616 3291 Non
650 3211 840 3305 revocatam,
882 3227 934 3291 sed
967 3227 1087 3291 inanem
1123 3247 1192 3292 eum

124 3347 281 3398 rumorem
320 3333 429 3408 fuisse,
466 3333 541 3396 satis
574 3351 609 3396 ex
641 3333 695 3410 iis,
731 3353 797 3416 quae
834 3333 1020 3415 sequuntur,
1056 3337 1191 3416 apparet.

124 3430 237 3518 Itaque
276 3442 384 3521 sponte
415 3439 615 3521 scripseram:
652 3458 720 3503 nec
748 3439 897 3504 occulti
927 3457 991 3520 per
1021 3439 1192 3523 vulgum,

125 3540 192 3602 cui
236 3547 358 3608 minor
401 3545 603 3626 sapientia
646 3549 684 3609 et
732 3565 775 3608 ex
817 3545 876 3621 (sic
920 3545 1050 3618 Puteal,
1086 3545 1189 3609 Halm.

124 3647 335 3726 sapientia
375 3655 425 3730 et)
469 3650 758 3716 mediocritate
800 3650 969 3714 fortunae
1007 3649 1192 3732 pauciora

123 3752 321 3830 pericula,
348 3767 741 3840 paracoemumenum
774 3755 871 3819 Nero
905 3774 994 3836 poen.
1025 3755 1064 3818 fl.
1099 3773 1192 3819 con·
1229 3769 1230 3772 ’

89 3889 91 3892 ·
122 3848 260 3936 iuga-m
282 3864 481 3926 revocarit
502 3861 719 3927 Octaviam.
785 3862 892 3925 Exim
921 3861 1005 3924 laeti
1028 3860 1192 3944 Capito-

122 3953 222 4024 lium
246 3969 444 4032 scandunt
464 3971 522 4033 cet.
545 3967 679 4050 *Postea
709 3971 900 4049 tanquam
924 3967 985 4029 iam
1009 3965 1190 4032 Rhenanam

123 4070 310 4150 praecepisse
343 4074 414 4148 vidi,
447 4075 627 4157 tanquam
733 4073 931 4138 revocarit
961 4071 1193 4156 Nipperdeinm
