2938 4630
361 1129 573 1212 Proamlum
591 1130 797 1211 ‘voluminis
824 1131 983 1212 alterius.

629 1315 695 1328 »Am-2
701 1315 730 1327 ΛΑ

145 1367 310 1480 Absoluta
353 1411 507 1494 superiore
548 1414 656 1478 borum
701 1414 942 1480 adversariorum
981 1415 1137 1482 volumine
1169 1435 1206 1483 ea

141 1521 281 1586 materiae
302 1519 398 1600 parte,
423 1537 490 1602 quae
515 1517 687 1584 adtiraecos
703 1520 865 1600 scriptores
889 1521 1071 1604 pertinebat,
1094 1525 1206 1604 praetcr

126 1634 187 1701 ea,
212 1645 279 1710 quae
301 1625 400 1707 primo
422 1623 500 1688 libro
522 1623 738 1706 comprehendi
761 1626 964 1691 communiter
985 1626 1024 1690 ad
1046 1627 1205 1710 utriusque

142 1730 255 1813 linguae
291 1730 453 1811 scriptores
491 1730 677 1812 spectantia,
708 1731 847 1811 poteram
882 1730 1013 1796 fumasse
1045 1731 1111 1797 sine
1134 1733 1206 1798 ullis
1273 1737 1276 1744 '

141 1833 280 1917 prooemii
316 1832 498 1917 ambagibus
534 1833 716 1915 simpliciter
749 1834 858 1900 eodem
889 1843 995 1902 tencre
1017 1835 1056 1899 ad
1079 1837 1206 1902 Latinas

142 1937 370 2004 emendationes
407 1937 628 2021 expromendas
662 1939 805 2004 bmsire.
862 1939 944 2004 Nam
976 1942 1008 2006 et
1044 1939 1081 2004 de
1108 1943 1205 2024 operis

140 2043 268 2110 ccnsflio
315 2045 346 2108 et
377 2043 414 2107 de
450 2043 588 2107 materiae
621 2041 820 2124 dispositione
856 2043 1071 2128 scribendique
1105 2047 1206 2111 forma

140 2151 233 2230 atque
254 2147 347 2212 etium
381 2147 419 2212 de
453 2145 623 2211 studiorum
653 2165 792 2212 meorum
815 2165 915 2225 cursu,
937 2148 1018 2213 unde
1041 2149 1107 2214 haec
1128 2153 1202 2216 nata

141 2256 189 2318 est
210 2255 243 2318 et
265 2253 397 2317 excreuit
418 2252 520 2334 copia,
549 2252 624 2316 satis
652 2250 769 2315 dictum
794 2252 843 2317 est
863 2254 961 2334 priore
989 2256 1203 2340 communique

139 2357 295 2438 prooemio.
350 2357 444 2436 Queri
465 2358 570 2420 cutem
594 2356 650 2420 hoc
683 2356 749 2420 loco
781 2355 818 2420 de
854 2357 955 2438 operis
991 2359 1090 2440 spatio
1111 2360 1203 2438 ultra,

140 2479 233 2544 quam
255 2464 309 2526 ant
330 2461 509 2544 optaveram
540 2461 594 2525 aut
616 2479 818 2543 speraveram,
856 2465 945 2526 aucto
982 2464 1203 2548 dimicareque,

139 2584 232 2648 quam
254 2565 346 2630 lentae
367 2584 418 2631 me
440 2566 562 2630 evolare
583 2583 619 2629 er
640 2563 688 2628 bis
710 2564 850 2630 minutiis
872 2567 1049 2648 cupientem
1071 2568 1203 2635 circum·

139 2671 283 2736 steterint
297 2689 396 2736 morae
425 2673 457 2735 et
487 2688 523 2734 er
544 2669 656 2734 laboris
678 2687 791 2752 genere
813 2674 846 2736 et
867 2689 903 2736 ex
922 2673 992 2739 aliis
1015 2673 1201 2738 extrinsecus

139 2778 240 2843 causis
276 2778 361 2854 ortae,
388 2792 541 2858 quamque
572 2774 632 2838 sim
668 2774 830 2856 aliquando
862 2776 902 2840 cd
928 2777 1022 2841 linem
1052 2779 1101 2842 vel
1132 2795 1202 2843 enm

137 2882 333 2948 festinatione
354 2878 710 2963 periculosissimos,
733 2879 807 2962 quid
830 2882 885 2945 aut
905 2899 975 2946 mee
996 2884 1050 2948 ent
1071 2883 1201 2947 aliorum

137 2987 258 3054 refert?
301 2985 363 3052 Sed
383 2988 488 3051 tamen
510 2985 568 3062 est,
589 2983 671 3066 quod
692 2984 731 3049 ab
753 2985 801 3059 iis,
824 2986 877 3068 qui
898 2986 1012 3052 librum
1032 2987 1065 3051 in
1088 3005 1199 3053 manus

137 3095 271 3170 sument,
294 3090 426 3176 quidque
447 3089 534 3163 terat,
556 3090 702 3172 quaerant,
726 3089 931 3156 animadverti
953 3091 1197 3175 considerarique

137 3197 241 3264 velim.
278 3195 446 3262 Delltaecc
466 3193 604 3270 materis,
627 3211 694 3277 quae
709 3194 899 3276 propioribus
921 3195 960 3260 ab
981 3195 1039 3262 boc
1061 3199 1200 3278 tempore
1288 3191 1290 3196 ’

137 3303 224 3368 annis
259 3301 387 3367 collecta
420 3301 475 3373 est
513 3315 665 3382 perpauco
703 3301 795 3365 antee
826 3299 943 3364 edendo
983 3300 1200 3374 deliberarem,

136 3407 214 3472 nibil
235 3404 381 3490 peculiari
413 3404 539 3485 scripto.
594 3403 719 3468 Latinos
746 3404 907 3485 scriptores
930 3421 1002 3469 cum
1023 3405 1200 3470 adolescens

138 3513 307 3578 etiamtum·
323 3527 463 3574 enomere
499 3503 659 3589 coepissem
689 3510 720 3572 et
741 3528 796 3591 per
817 3509 932 3573 multos
954 3526 1050 3575 annos
1074 3511 1113 3574 ob
1136 3529 1198 3588 ces,

136 3637 212 3700 quas
245 3617 337 3682 antea
368 3613 500 3697 exposui,
531 3631 639 3678 causas
671 3613 703 3677 in
733 3613 772 3677 iis
808 3612 881 3677 solis
915 3614 1049 3678 muneris
1085 3613 1200 3696 publici

138 3740 263 3804 operam
296 3720 500 3799 continerem,
533 3717 624 3783 huius
656 3718 794 3782 materiae
826 3717 981 3799 eliquanto
1012 3718 1097 3799 prius
1118 3721 1199 3783 natac

136 3827 433 3909 auctaequemagnes
454 3822 714 3905 pertosiemante
726 3821 880 3906 evulgavi3
902 3822 967 3886 eius
989 3821 1125 3904 quidem,
1147 3824 1200 3904 qui

134 3928 167 3993 in
195 3931 263 3995 tota
286 3946 378 4013 prosa
398 3930 533 3995 cretione
564 3926 697 4007 primunr
720 3926 820 3991 locum
841 3928 937 4005 tenet,
959 3926 1113 3991 Ciceronis
1136 3927 1198 3990 elia

136 4032 249 4115 scripta
289 4034 355 4116 ipse
396 4033 550 4108 recensui,
600 4030 638 4094 cd
681 4030 741 4094 alia
783 4047 837 4112 per
878 4048 962 4096 meos
1006 4031 1196 4111 aliorumque

183 4137 292 4176 manwen
303 4138 380 4172 cen-s
392 4138 442 4172 cm.
461 4139 484 4172 rc
984 4142 995 4186 1
