2956 4648
296 243 357 307 538
652 243 712 300 Lib.
727 243 804 300 VIII.
817 243 883 314 Gap.
897 243 930 298 V.
997 295 1003 308 ,

254 441 368 508 saria
428 440 559 523 Reliqua
593 439 801 520 Quintilianus
836 440 903 523 ipss
936 439 1013 504 dixit
1046 460 1104 505 non
1137 441 1231 506 fuisse
1264 459 1321 508 ne.-

254 547 430 626 cessaria.¹)
714 553 717 560 '

354 653 421 718 Ibd.
435 651 655 735 saneque
670 656 748 717 tam
768 670 850 716 cum
866 651 927 717 his
941 652 1040 734 ipsis
1056 653 1321 719 monitoribus

255 759 464 834 clarescit3
501 757 659 841 quidam
695 757 851 822 faciunt
879 759 1016 840 aperte
1038 778 1117 842 quae
1138 759 1319 826 rixemur.

254 867 291 932 In
313 865 413 949 priora
435 864 573 929 membro
596 863 707 930 menda
728 881 787 929 non
801 863 915 938 latent;
938 866 1006 948 (qui
1026 867 1185 931 tantum
1205 863 1321 930 inferre

255 975 413 1047 conantur,
435 971 598 1046 falluntur3
629 989 726 1054 neque
757 972 839 1038 enim
861 971 915 1036 alii
936 974 1047 1054 prater
1068 972 1234 1038 monitores
1256 971 1322 1054 sig·

254 1078 444 1154 nilicantru);
474 1076 530 1142 sed
551 1095 590 1142 ne
612 1077 644 1141 in
678 1076 776 1144 altero
813 1077 937 1161 quidem
978 1079 1031 1142 aut
1061 1077 1161 1160 prtma
1189 1095 1324 1160 persona

254 1184 452 1261 (rixemur)
485 1183 560 1248 ferri
593 1185 696 1266 potest
732 1188 787 1250 ant
822 1183 995 1259 faciunt,
1028 1203 1108 1266 quae
1141 1181 1322 1249 rixemur.

255 1288 455 1354 Scribendum
477 1289 613 1354 ridetur:
637 1290 769 1373 Neque
796 1291 868 1356 iam
889 1307 973 1354 cnm
995 1289 1057 1354 his
1078 1290 1178 1371 ipsis
1199 1289 1323 1354 moni·

253 1395 411 1461 toribus
434 1393 531 1458 clam
552 1416 613 1458 rec
634 1396 707 1479 fil-3
741 1395 896 1479 qnidam
923 1393 1088 1472 faciunt,
1121 1404 1160 1456 ut
1180 1397 1323 1478 aperte

256 1502 610 1586 quoquericcntnr.
655 1502 832 1587 Spaldingio
854 1501 983 1566 debetur
1004 1502 1101 1567 clam
1123 1519 1185 1566 res
1206 1500 1267 1565 lit.
1456 1555 1457 1566 2

355 1607 421 1672 Lib.
445 1608 514 1684 Vll,
539 1607 588 1680 10,
627 1607 681 1674 13:
726 1609 814 1672 Haec
841 1610 901 1674 est
925 1609 1040 1674 velut
1059 1607 1325 1689 imperatoria

254 1717 389 1782 virtus
435 1713 539 1796 parti
582 1715 629 1779 ad
672 1732 784 1780 casus
829 1713 1052 1797 proeliorum
1097 1713 1322 1779 retinentis

255 1821 383 1905 partis
425 1837 494 1901 per
545 1818 719 1884 castella
762 1819 934 1884 tuendas
987 1809 1324 1885 custodiendasve

255 1927 391 2003 urbes,
412 1924 602 2007 petendos
624 1930 885 2002 commeatus,
913 1925 1133 1990 obsidenda
1154 1923 1322 2000 itinera,

255 2033 351 2097 mari
397 2030 565 2113 deniqne
603 2049 643 2097 ac
684 2033 791 2098 terra
827 2030 1063 2096 dividentis.
1117 2029 1169 2096 Sic
1204 2030 1325 2113 antiqui

255 2137 375 2202 codices
407 2137 575 2224 (Imbros,
608 2138 741 2215 Rama).
786 2137 1002 2204 Infelicissime
1024 2137 1259 2219 interpolatores
1291 2135 1325 2200 in

256 2243 486 2310 recentioribus
513 2263 566 2326 pro
601 2245 704 2327 parti
743 2246 929 2326 scripserunt
971 2243 1207 2326 partientis3
1251 2260 1323 2310 nam

255 2350 379 2433 partitio
410 2350 565 2433 copiarum
599 2351 631 2415 in
664 2351 760 2416 altero
795 2351 933 2415 membro
966 2349 1156 2434 significatur
1182 2350 1214 2413 et
1234 2366 1268 2412 re
1292 2351 1324 2412 et

255 2456 347 2520 verbo
369 2455 637 2533 (dividentis),
662 2455 710 2522 cui
743 2457 930 2522 contrarium
959 2460 1007 2522 est
1035 2458 1067 2522 in
1093 2455 1193 2537 priore
1220 2453 1324 2518 reti·

256 2563 400 2628 nentis.
444 2561 495 2628 Sic
516 2562 598 2626 enim
622 2560 830 2641 Quintilianus
852 2562 993 2646 scripsit:
1023 2562 1152 2642 copies
1168 2558 1323 2642 partim

256 2669 438 2734 adcasns
471 2666 697 2750 proeliorum
719 2668 956 2745 retinentis,
983 2669 1137 2750 partim
1166 2683 1235 2748 per
1257 2682 1322 2728 ca·

256 2773 379 2838 stella
410 2773 557 2838 tuenda
593 2774 924 2840 custodiendasve
954 2774 1067 2838 nrbes
1214 2770 1321 2834 divi·

256 2879 401 2946 dentis.
447 2880 573 2944 Partem
598 2881 771 2959 (maiorem)
793 2881 945 2946 exercitus
966 2879 1133 2962 imperator
1155 2893 1321 2961 congrega-

255 2987 320 3050 tam
347 2985 433 3068 epud
464 3003 497 3049 ss
528 2984 567 3048 ad
604 3004 652 3050 res
682 2986 747 3050 acic
776 2985 925 3068 gerendas
960 2986 1085 3060 retinet,
1118 2984 1238 3066 partem
1268 2999 1322 3063 per

256 3091 331 3156 alios
353 3110 426 3156 usus
449 3091 575 3172 spargit.

356 3196 422 3260 tin.
456 3195 522 3274 IX,
556 3195 585 3268 2,
617 3197 673 3260 47:
714 3199 757 3262 nt
788 3195 859 3262 illa
892 3196 1027 3262 statim
1060 3193 1199 3278 prima,
1240 3208 1321 3274 quae

258 3303 411 3368 dicitur
442 3320 461 3366 a
490 3303 683 3386 negando,
719 3321 830 3386 quam
860 3300 1040 3368 nonnulli
1062 3293 1321 3383 ἅντίφρασιν
1454 3389 1455 3392 ¹

255 3409 406 3474 uocant.
456 3407 554 3474 Scribi
577 3408 683 3476 debet:
707 3429 789 3493 qnae
811 3409 976 3470 ducitur.
1020 3405 1235 3481 Primumin
1260 3420 1322 3485 qna

255 3533 289 3580 re
312 3515 410 3596 posite
432 3515 473 3580 sit
494 3515 608 3599 figura,
639 3515 811 3589 indicetur,
844 3513 955 3579 deinde
989 3529 1102 3578 nomen
1123 3509 1257 3587 additur,
1280 3525 1320 3572 ne

254 3621 491 3704 vulgoquidem
514 3624 670 3706 receptum
693 3618 911 3698 (nonnulli).

285 3887 305 3957 ¹)
326 3888 411 3954 Quam
430 3889 462 3943 de
481 3887 520 3944 VI
538 3889 665 3960 prooemio
685 3889 700 3943 7
718 3903 799 3957 snpra
825 3903 850 3956 p.
879 3889 913 3943 89
939 3885 1020 3957 posui·
1042 3885 1231 3946 coniecturam,
1261 3897 1319 3936 eam

271 3981 274 3987 '
325 3997 382 4036 sero
400 3981 477 4036 video
504 3981 690 4038 aBnrmanno
717 3981 875 4048 preceptum
893 3994 957 4034 esse.
995 3970 1093 4032 Utrum
1116 3979 1319 4047 quamquam

286 4119 289 4126 .
325 4074 406 4129 scribi
425 4073 521 4130 debeat
539 4091 574 4129 an
592 4090 624 4128 ex
641 4071 764 4129 Imbros.
783 4072 887 4142 quod,
907 4071 1022 4140 ambigo.
