2956 4648
308 271 369 334 498
663 268 941 339 Ιιὶὶ).ῊΠ.Οειρ.Ν.

265 473 321 536 hoo
343 467 567 554 quodammodo
597 470 629 532 ei
650 467 777 544 feratur)
809 467 1008 532 oculorum
1030 471 1150 552 adque
1173 474 1328 540 aurium

266 595 436 649 sensum,
490 575 628 638 bonam
670 571 940 639 ualetudinem
987 575 1027 636 ei
1068 593 1142 640 nnn
1186 579 1327 644 foedum

265 683 467 764 aspectum
511 678 690 760 eorporis
727 678 767 741 el
808 677 948 742 habitu
983 684 1206 747 manentem
1244 703 1326 761 suo,

264 787 395 852 aelaiio
430 785 622 867 praeterea
653 782 809 866 longius
832 783 1013 865 spatium.
1065 783 1188 869 Opera
1224 783 1326 868 (oodd.

265 893 442 974 epatium
472 907 539 972 par
569 888 681 968 hano)
717 889 850 970 polest
872 906 945 953 uon
974 891 1207 970 poeniianda
1242 897 1325 979 agi-

265 999 361 1062 tare.
410 995 460 1060 Ul
479 993 715 1077 imperfecto
739 993 825 1059 uiro
847 993 937 1057 huio
958 993 998 1070 (Β
1021 997 1052 1060 ai
1074 996 1126 1062 alii
1148 998 1326 1081 agitavit

263 1102 517 1184 imperfecto,
552 1100 589 1164 de
620 1102 649 1163 A
684 1103 814 1175 tacetur)
851 1099 1019 1164 malitiae
1052 1103 1112 1166 vis
1149 1105 1325 1186 quaedam

263 1209 385 1284 inest,
420 1207 509 1290 quia
538 1206 706 1270 animum
740 1203 858 1268 habai
895 1205 1079 1270 mobilem
1111 1209 1167 1272 ad'
1190 1229 1325 1292 prava;

262 1313 333 1377 illa
355 1311 477 1374 allero
498 1310 636 1372 ardena
664 1307 820 1374 malitia
854 1309 893 1387 (B
916 1311 948 1374 ei
969 1311 1021 1376 alii
1044 1312 1116 1378 illa
1139 1314 1193 1378 ait
1215 1333 1324 1382 arena

264 1419 433 1494 malitia;
457 1417 495 1481 de
527 1418 555 1480 A
576 1419 711 1492 tanetum
737 1414 839 1498 ¹vulgo
873 1434 890 1480 a
924 1415 1044 1493 „codiee
1066 1417 1186 1482 Siculo“
1211 1421 1325 1488 Murali

262 1524 371 1589 illum
395 1524 476 1606 agit
497 1524 642 1588 haerens
676 1521 772 1599 mal.)
803 1523 840 1598 et
871 1521 1068 1604 enayoeaoa
1100 1525 1199 1598 (codd.
1224 1529 1262 1590 et
1284 1547 1324 1592 ea

262 1629 426 1712 agitata)
449 1628 566 1694 abeai.
600 1629 651 1709 (In
673 1627 811 1710 margine
834 1625 946 1691 oodieia
970 1627 996 1689 B
1019 1629 1051 1691 et
1071 1628 1141 1694 iude
1163 1630 1195 1694 in
1217 1633 1324 1698 aeteus

263 1735 385 1799 additur
414 1735 459 1800 da
492 1736 603 1807 bono,
641 1732 722 1816 quod
745 1752 815 1798 oum
843 1731 1003 1797 Fiokertus
1027 1736 1108 1799 reeta
1140 1737 1324 1812 excluderat,

262 1841 395 1905 Haasius
428 1858 552 1921 prorsus
583 1857 724 1922 peruerse
753 1839 847 1904 eiiam
877 1839 987 1921 abeat
1019 1837 1186 1918 damnavit,
1220 1861 1264 1909 ne·
1284 1843 1324 1908 ad
1388 1887 1390 1890 .

262 1947 400 2029 opposita
432 1946 555 2028 quidem
587 1946 692 2010 ineat
797 1944 905 2008 abest
927 1944 1111 2024 attendens.)
1163 1946 1322 2011 Postremo

261 2051 332 2134 §34
354 2049 560 2129 (3laeB(ex
582 2051 699 2116 barba
715 2048 956 2131 capillosque
979 2050 1101 2128 tonsa)
1128 2050 1322 2116 scribendum

262 2159 323 2222 esi:
347 2156 413 2220 sed
435 2159 475 2222 ut
496 2177 537 2222 ex
561 2157 680 2222 barba
709 2153 930 2239 capilloque
951 2152 1116 2239 detonsa
1145 2157 1323 2241 negligi-

263 2281 360 2339 mus,
384 2264 426 2326 ‘ei
446 2262 477 2326 in
511 2261 641 2328 confinio
669 2261 686 2344 ξ
708 2261 749 2323 34
772 2261 803 2325 el
824 2259 863 2322 35
887 2257 968 2338 (32):
1004 2259 1141 2324 Utrum
1164 2263 1325 2343 proiec-

261 2370 341 2432 tum
364 2385 453 2432 aues
475 2368 668 2432 differant
700 2386 743 2433 au
775 2367 1024 2432 consumatur
1047 2367 1209 2432 canibus
1232 2368 1325 2434 data

261 2474 391 2556 praeda
419 2473 600 2549 marinis,
635 2472 723 2555 quid
757 2471 802 2535 ad
833 2471 963 2545 illum,
1000 2471 1065 2554 qui
1087 2472 1219 2539 nullus
1249 2478 1325 2539 aaa?

261 2579 365 2644 Tune
387 2597 538 2662 quoque
561 2580 618 2643 eal.
675 2578 723 2656 (Β,
758 2595 774 2641 e
808 2596 867 2659 quo
887 2575 1003 2660 reliqua
1024 2577 1083 2642 looi
1111 2577 1208 2644 forma
1232 2580 1324 2644 rasti-

262 2687 407 2750 tulaest:
431 2685 559 2750 nullus
582 2682 652 2748 aad
673 2685 787 2759 tuno.)

358 2791 414 2872 up.
438 2789 487 2862 93,
510 2790 528 2850 7
551 2788 612 2865 (ὣς
655 2787 762 2852 AElas
784 2789 889 2853 inter
911 2792 1072 2854 externa
1093 2793 1170 2864 esl3
1194 2810 1322 2873 quam-

259 2897 322 2960 diu
367 2896 453 2970 sim,
495 2895 662 2958 alienum
704 2896 777 2972 est,
814 2895 996 2976 quamdiu
1034 2914 1121 2960 vero
1156 2897 1199 2960 ui
1236 2896 1321 2970 sim,

185 3010 186 3015 ’
257 3021 376 3067 meum
410 3005 478 3066 esi.
537 3000 587 3065 Sia
609 2998 727 3064 eodioae
756 2999 817 3064 fide
844 3000 947 3086 aliqua
973 3001 1072 3085 digui;
1110 2999 1266 3068 Fickeulua
1289 3004 1322 3066 et

256 3106 390 3182 Haasius
417 3125 452 3170 ex
479 3105 759 3188 interpolaliaaimis
786 3106 986 3188 quibusdam:
1010 3106 1195 3188 quamdiu
1230 3125 1319 3172 vero

228 3255 229 3260 κ
256 3214 314 3278 uir
338 3213 417 3277 sim.
453 3212 652 3278 Manifestum
675 3212 723 3275 aaa
743 3209 775 3274 in
789 3211 884 3276 allero
896 3213 1046 3288 membro,
1059 3213 1112 3277 ubi
1124 3213 1226 3296 agitur
1237 3213 1274 3276 de
1286 3231 1318 3278 re

255 3319 332 3384 nihil
354 3337 373 3382 a
393 3317 542 3398 temporie
564 3315 663 3398 spatio
685 3316 846 3399 pandente,
881 3333 1009 3397 pravum
1035 3335 1101 3380 aeae
1125 3318 1316 3400 quamdiu.

254 3424 319 3489 Nae
352 3424 389 3488 de
423 3442 457 3487 eo
479 3435 559 3487 nuno
592 3424 751 3506 quaeritur,
786 3421 865 3505 quod
888 3421 944 3485 viri
968 3423 1090 3486 nomine
1115 3423 1314 3507 significatur.

254 3529 455 3596 Scribendum
478 3531 539 3595 eat:
586 3527 774 3608 Quamdiu
804 3527 889 3604 sim,
924 3527 1094 3591 alienum
1126 3531 1198 3603 esl3
1232 3549 1316 3590 nere

253 3641 293 3702 ut
315 3636 400 3709 sim,
421 3654 542 3700 meum
565 3637 622 3699 est
643 3635 700 3713 (ul,
725 3631 983 3715 quemadmodum
1009 3633 1117 3697 aialim
1140 3633 1313 3711 subiicitur,

252 3761 341 3825 agam
366 3742 471 3815 vitam,
495 3759 554 3805 uon
577 3739 804 3822 praetervehar).
850 3738 1010 3804 Contraria
1033 3741 1106 3804 sunt
1128 3738 1314 3822 quamdiu

251 3851 283 3912 et
305 3866 398 3910 vere.

336 3929 396 4016 ¹lle
428 3969 475 4032 ep.
513 3950 564 4026 94,
597 3950 615 4010 2
644 3948 705 4013 diui
733 3949 793 4014 vol.
828 3949 842 4012 Ι
873 3968 902 4031 p.
934 3948 985 4012 39.
1046 3949 1090 4012 De
1122 3949 1314 4014 restituenda

250 4060 355 4128 eodem
377 4059 444 4123 loon
466 4056 580 4122 Mureti
602 4057 633 4120 et
654 4053 840 4136 reliquorum
857 4054 928 4118 anta
942 4053 1119 4118 Fiokerium
1141 4054 1311 4135 seriptum:
