2924 4660
628 264 781 320 Suetonius.
918 217 920 222 v
1139 265 1199 326 577
1246 323 1248 330 ,

276 464 342 530 lbd.
364 463 406 526 43
429 467 504 528 ertr.
537 465 845 546 prostantesquc
869 463 1074 546 (commentus
1096 467 1157 548 est)

175 571 428 636 Paniscorum
462 571 502 634 et
535 566 801 653 Nympharum
834 568 984 642 babitu,
1027 591 1104 654 quae
1142 577 1240 656 (que)

175 679 299 759 palam
334 678 408 742 iam
446 679 484 742 et
513 677 624 758 vulgo
732 674 965 756 Caprineum
995 675 1241 742 dictitabant.

176 782 227 848 Sic
269 783 404 859 codicem
452 797 544 864 prave
588 781 789 846 substitutum
832 780 1049 864 palamque,
1094 783 1242 848 dissoluto

175 908 278 953 rerum
300 908 389 954 nexu.
447 886 648 953 Scribendnm
670 887 821 960 habitu,
855 886 899 949 ob
929 907 1008 970 quae
1034 889 1158 970 palam
1182 890 1241 954 cet.

276 993 343 1059 lbd.
366 994 421 1058 49:
466 993 531 1058 Sat
563 995 730 1068 constat,
753 990 813 1056 Cn.
837 990 1041 1058 Lentulum
1060 998 1241 1060 ...metu

176 1102 215 1164 et
237 1119 381 1183 angore
414 1099 458 1164 ad
490 1096 700 1164 fastidium
733 1095 821 1160 vitae
854 1097 899 1162 ab
930 1117 970 1164 eo
993 1101 1117 1164 actum
1141 1104 1178 1165 et
1199 1103 1241 1164 ut

175 1224 219 1270 ne
252 1224 323 1289 quo
357 1206 433 1270 nisi
461 1206 549 1287 ipso
584 1203 720 1268 herede
753 1204 987 1268 moreretur.
1041 1204 1149 1288 Neque
1183 1206 1241 1271 dno

175 1313 240 1376 haec
261 1313 343 1389 sunt,
365 1330 464 1394 neque
486 1312 569 1375 recte
591 1309 718 1374 dicitur:
741 1307 908 1370 Lentulum
931 1320 1040 1387 aarum,
1069 1321 1160 1374 aena

175 1427 349 1480 moreretur.
394 1416 576 1482 Tollendum
613 1417 649 1479 et
691 1416 762 1478 ante
806 1418 855 1480 ut.
925 1414 974 1479 Ad
1009 1417 1080 1480 vitae
1115 1417 1241 1483 taedinm

176 1524 262 1586 actus
296 1525 352 1598 est,
385 1541 436 1598 ne,
471 1523 497 1586 ei
531 1521 646 1586 diutius
680 1521 813 1596 viveret,
856 1520 951 1585 alium
988 1521 1065 1586 forte
1098 1523 1240 1590 heredem

175 1627 309 1692 haberet.
761 1706 763 1711 .

216 1725 218 1730 ’
276 1733 372 1817 Calig.
404 1733 444 1796 38
480 1734 638 1817 geminata
670 1733 789 1818 syllaba
818 1730 1013 1797 scribendum
1047 1738 1109 1800 est:
1141 1735 1241 1822 Cog-

175 1839 364 1904 noeoebat
400 1841 528 1904 autem
558 1840 603 1904 de
634 1839 783 1903 talibus
817 1837 944 1902 causis
966 1841 1099 1906 taxato
1129 1843 1241 1923 prius

176 1943 502 2028 modo.eummae‚·
528 1945 574 2010 ad
610 1962 719 2029 quem
752 1943 1036 2010 conficiendum
1059 1947 1242 2012 conside-

175 2051 247 2125 ret,
271 2058 305 2110 et
334 2051 517 2130 conlecto
540 2051 690 2115 demum
721 2049 978 2115 excitabatur.
1032 2051 1131 2134 Vulgo
1154 2053 1243 2118 abest
1357 2069 1359 2074 ·

176 2157 224 2219 et.
273 2154 339 2220 Ibd.
363 2156 453 2237 paulo
483 2159 555 2240 post
575 2155 772 2220 scribendum
805 2157 896 2237 puto:
933 2158 1140 2245 exquirens
1173 2177 1242 2242 per

176 2278 214 2324 se
236 2260 368 2343 pretia
400 2264 438 2326 et
458 2280 580 2346 usque
615 2279 654 2326 eo
676 2261 881 2324 incendens
914 2266 980 2345 (pro
1003 2263 1240 2348 extendens),

175 2369 216 2430 ut
249 2366 402 2448 quidam
436 2370 494 2430 cet.
538 2366 581 2449 (O.
617 2369 654 2429 51
691 2368 916 2432 restituendum
949 2388 1025 2446 cese,
1060 2369 1140 2452 quod
1168 2371 1239 2436 olim

175 2473 340 2554 edebatur:
375 2473 420 2536 ad
449 2490 534 2536 vero
567 2472 729 2542 maiora,
762 2472 818 2536 hoc
850 2476 915 2550 est,
952 2474 990 2538 ad
1017 2476 1134 2540 maiora
1161 2495 1240 2550 nero,

175 2582 304 2662 apparet
331 2597 366 2642 ex
394 2579 444 2654 iis,
471 2596 537 2659 quae
570 2577 631 2642 diri
653 2577 693 2640 nd
715 2576 852 2642 Ciceron.
882 2579 933 2642 lin.
967 2580 1008 2656 ΙΙ,
1039 2579 1080 2642 43
1110 2600 1138 2661 p.
1169 2581 1240 2662 218,
1354 2647 1355 2650 ,

175 2684 230 2750 ubi
251 2703 311 2750 non
335 2687 419 2759 erat,
458 2703 513 2747 cur
527 2683 606 2747 ¹huic
626 2681 686 2765 ipsi
707 2682 773 2748 loco
796 2683 998 2749 dubitationis
1013 2687 1123 2750 notam
1146 2706 1242 2770 appo-

175 2792 327 2866 nerem.¹)

278 2895 385 2960 Claud.
409 2894 466 2971 10,
501 2895 554 2960 ubi
576 2894 621 2958 sic
643 2894 801 2962 scribitur:
846 2895 1046 2962 Latentem
1153 2919 1243 2984 gre·

175 3003 311 3088 garine
350 3000 480 3074 miles,
513 2998 798 3066 animadversis
835 3001 1013 3083 pedibus,
1058 3023 1074 3068 e
1112 3004 1242 3070 studio

177 3106 436 3188 sciscitandi,
473 3106 648 3188 quisnam
671 3108 793 3184 esset,
822 3109 984 3192 agnovit
1005 3111 1242 3174 extractum·

177 3232 250 3296 que
284 3215 420 3295 etprae
447 3212 549 3276 metu
570 3210 617 3274 ad
647 3230 771 3294 genua
802 3214 880 3280 eibi
915 3214 1150 3282 accidentem
1172 3216 1244 3280 im-

179 3419 255 3426 -—-.
265 3418 375 3424 ..μ’-

206 3542 330 3610 1)().34
358 3559 520 3598 correxeram
545 3544 704 3598 necessario:
731 3543 899 3601 adversus
929 3566 1012 3598 arnna
1038 3548 1152 3601 omnis
1182 3548 1243 3601 ani

247 3635 417 3690 hominum
456 3651 577 3704 genus,
614 3635 748 3692 Graeciam
786 3638 840 3692 iam
872 3635 943 3690 idem
979 3637 1094 3694 voluisse
1124 3639 1244 3708 ignarus.

247 3727 325 3781 Nihil
343 3732 385 3781 est
403 3731 478 3779 omnie
497 3732 543 3780 aevr'
560 3730 676 3781 lominum
695 3749 769 3798 qenes
788 3731 846 3800 (pro
865 3745 904 3790 eo,
924 3727 995 3798 quod
1013 3734 1068 3786 est:
1086 3730 1173 3784 omnis
1195 3732 1244 3784 aevi

248 3817 395 3886 hominem
427 3824 455 3874 et
474 3821 616 3890 utrumque
634 3821 807 3886 desideratur,
835 3824 866 3874 ut
884 3837 970 3890 neque
989 3823 1038 3875 ani
1056 3838 1141 3891 neque
1160 3838 1242 3892 gene·

247 3911 285 3964 ris
303 3909 446 3966 discrimen
474 3913 555 3967 fnisse
580 3914 754 3982 significetur.
803 3913 881 3968 'l'alia
905 3915 1036 3983 praeteriri
1055 3915 1089 3969 ab
1107 3913 1243 3978 Ernesto,

247 4003 352 4067 Wolfio,
371 4004 483 4060 Rothio!

227 4095 337 4130 Mnnvlou
348 4097 427 4134 Anvm.
439 4099 489 4132 Cm.
512 4098 534 4132 ll.
1010 4106 1042 4153 87
