2970 4648
515 278 546 333 L.
565 277 665 334 Seneca
685 279 901 348 questurum.
1141 281 1203 346 445

275 474 342 541 Ibd.
365 473 417 554 26,
440 474 473 536 26
517 473 633 554 Quum
656 474 811 559 longius
833 475 962 556 (sidera)
984 486 1246 559 recesserunt,

177 581 303 646 miuus
325 582 559 646 consumunt
580 583 692 664 atque
714 581 1017 666 trahunt(aquaee
1037 585 1245 664 fluminibus);

176 688 313 771 itaque
335 686 435 770 quod
456 686 650 768 impendio
672 686 848 765 solebat,
869 688 1117 757 incremento
1139 711 1245 759 ecoe·

177 793 246 858 dit.
290 793 340 858 lta
371 791 407 856 Iu.
460 791 549 856 Nihil
579 793 628 856 est
661 793 813 876 impendio
849 795 947 873 (cuius
983 797 1063 876 rell)
1097 799 1246 862 accedere.

178 898 398 964 Scribendnm:
439 896 537 982 quod
570 896 745 980 impendi
775 899 823 960 iis
862 900 1043 981 (sideribus)
1074 903 1244 970 seleuco

176 1006 269 1070 6666.
302 1023 376 1070 ecc.
419 1004 461 1070 Et
487 1003 657 1086 impendi
683 1003 826 1070 Koelerus
865 1009 897 1080 66
926 1009 1089 1076 Fickertus
1123 1030 1140 1076 6
1176 1012 1243 1077 cod.

176 1110 384 1193 Daleoempii;
417 1109 471 1174 sed
499 1125 664 1192 pronomen
687 1111 795 1176 abesse
816 1111 933 1194 nequit

277 1215 419 1294 16627,
453 1213 489 1278 3:
531 1213 628 1298 Ergo
659 1233 742 1280 cum
767 1215 941 1282 adfuerit
972 1217 1043 1284 illa
1064 1223 1244 1286 uecessi-

177 1325 236 1388 tas
263 1321 464 1404 temporis,
497 1319 618 1386 666166
649 1320 769 1386 simul
801 1321 884 1388 lata
915 1339 1050 1388 causes
1079 1329 1242 1392 mov-ent.

178 1429 255 1504 Sor,
279 1427 444 1511 quodiam
465 1425 609 1492 Michaeli
630 1425 780 1508 placuisse
802 1427 890 1493 video
909 1427 1031 1509 (Philol.
1054 1427 1099 1492 IX
1109 1449 1138 1512 p.
1150 1431 1240 1508 329):

132 1553 135 1560 ·
176 1532 320 1596 multae
350 1532 467 1598 simul
500 1531 581 1596 fata
607 1550 809 1597 causasm.
854 1531 1132 1614 §inscribendum
1153 1535 1241 1602 vide-

177 1640 243 1705 tur:
281 1641 361 1703 Iam
395 1656 466 1704 uso
505 1637 676 1722 gramine
714 1639 782 1701 aut
820 1637 964 1720 pabula
999 1637 1090 1704 laete
1127 1642 1242 1723 aquis

177 1744 367 1808 sustinect
408 1749 475 1826 (pro
517 1743 702 1817 sustinet,
746 1742 962 1820 intransitive,
1011 1736 1162 1832 α’ντὲχει,
1205 1750 1242 1812 66

178 1851 282 1916 Cicero
305 1850 381 1914 dixit
401 1849 463 1914 XII
485 1848 524 1914 ad
544 1848 617 1914 iam.
641 1848 670 1925 6,
704 1847 806 1914 Ceasar
826 1847 863 1912 B.
886 1847 924 1916 G.
947 1850 1000 1932 ΙΙΙ,
1023 1849 1074 1926 32,
1097 1853 1132 1918 Β.
1155 1853 1188 1919 C.
1212 1856 1237 1935 Ι,

177 1953 219 2016 64
261 1955 332 2037 post
371 1955 462 2029 mod,
505 1956 531 2032 I,
574 1955 630 2033 71,
673 1955 730 2032 ΙΙΙ,
775 1953 845 2032 94);
891 1954 988 2020 fame
1031 1956 1241 2024 laboratur

177 2064 216 2126 66
270 2078 408 2125 manus
457 2060 503 2126 ed
552 2061 714 2145 antiqua
770 2059 957 2126 alimenta
1003 2062 1240 2146 porrigitur,

177 2185 253 2250 que
294 2165 373 2231 ilex
416 2169 453 2232 66
495 2185 655 2250 quercus
699 2168 897 2233 excutitur
939 2171 975 2233 66
1008 2187 1240 2252 quacunque

177 2271 215 2337 in
271 2270 367 2334 locis
422 2271 539 2350 (codd,
593 2273 659 2338 edd.
713 2274 751 2338 in
807 2271 880 2348 his)
937 2274 1076 2340 arduis
1129 2275 1243 2340 arbor

178 2378 430 2444 commissura
472 2376 662 2444 adstricta
704 2378 878 2462 lepidum
921 2379 1052 2445 stetit.
1104 2381 1150 2445 66
1192 2381 1241 2444 ul-

176 2484 256 2550 tima
294 2484 437 2550 vocabuli
472 2484 552 2549 6666
591 2483 711 2567 syllaba
746 2487 847 2549 ortum
887 2485 950 2558 ost,
991 2484 1072 2566 qnod
1117 2485 1241 2550 additur

177 2591 247 2656 est.
289 2588 340 2653 Ad
360 2588 488 2674 glandes
510 2590 653 2654 arborum
676 2607 869 2654 excussurum
891 2591 922 2654 et
942 2589 1108 2654 iacentium
1129 2609 1239 2656 manus

174 2695 289 2778 porrigi
311 2696 462 2761 dicuntur.
504 2693 584 2758 Tum
605 2693 626 2780 §
648 2695 678 2770 7,
699 2694 753 2760 ubi
773 2695 805 2758 in
827 2694 981 2760 codicibus
1003 2695 1065 2759 est:
1091 2695 1238 2759 Auctus

176 2799 322 2867 deinde
344 2802 487 2878 (torrem)
509 2818 690 2882 processu
712 2799 840 2882 aliquo
862 2798 900 2862 in
922 2817 963 2864 se
986 2799 1238 2865 torrentibus

173 2906 307 2989 raptis
341 2907 462 2989 plana
497 2905 644 2988 passim
689 2905 916 2989 populatur,
960 2903 1135 2970 laciendum
1174 2908 1236 2970 est:

172 3013 322 3078 Auetus
357 3011 385 3076 d.
419 3029 603 3094 processu
639 3008 809 3094 aliisque
847 3010 885 3074 in
926 3027 967 3076 66
997 3009 1238 3076 torrentibus

172 3117 317 3201 raptim
361 3115 415 3182 sed
446 3116 525 3199 quod
561 3117 715 3200 sequitur:
748 3117 786 3180 in
820 3114 1027 3182 materiam
1060 3133 1236 3200 magnum

171 3223 350 3308 gentium
469 3221 724 3298 diffunditur,
755 3223 857 3289 nescio
889 3241 928 3288 66
957 3221 1151 3288 retinendum
1183 3223 1234 3300 sit,

170 3331 206 3394 66
238 3329 437 3412 significetur,
470 3330 576 3411 gentes
609 3331 757 3411 tanquam
790 3328 962 3403 materiem,
997 3327 1030 3392 in
1063 3345 1123 3410 qua
1155 3328 1235 3393 vires

170 3434 324 3500 dilnvium
363 3436 510 3507 66666666,
544 3432 645 3500 obiici.
687 3433 776 3498 66666
808 3434 1009 3499 miseriam
1050 3435 1110 3496 uon
1149 3437 1235 3498 recte

170 3540 379 3608 substituitur.
422 3538 443 3624 ξ
467 3539 504 3602 11
527 3538 575 3616 (in
597 3557 639 3604 ea
661 3539 941 3612 excelsissime)
964 3555 1026 3603 non
1049 3537 1234 3603 adlectivum

22 3661 26 3670 ·
168 3648 200 3710 in
230 3646 433 3728 suspicionem
465 3644 637 3712 vocandum
669 3645 751 3720 erat,
787 3644 843 3709 sed
876 3662 933 3721 ea,
966 3659 1068 3708 errore
1100 3642 1233 3724 primum

72 3747 79 3768 '
169 3751 319 3834 scriptum
340 3769 394 3835 pro
416 3768 468 3816 ex.

268 3857 336 3922 lbd.
358 3855 415 3933 29,
447 3854 482 3931 6,
515 3854 567 3918 666
589 3854 761 3936 exponitur,
784 3851 1027 3936 quandocunque
1049 3852 1120 3916 finis
1142 3853 1232 3917 rebus

167 3963 310 4028 humanis
338 3965 369 4028 et
397 3964 488 4027 terrae
514 3958 685 4032 advenerit,
723 3977 834 4042 equam
862 3957 1006 4022 otmaro
1037 3960 1162 4023 auctum
1184 3959 1233 4035 iri,

167 4067 233 4133 beec
253 4070 395 4153 leguntur
416 4065 600 4142 qu(Ool.‚
629 4065 730 4144 aliis):
771 4063 867 4130 Vide
898 4081 1002 4148 ergo,
1043 4082 1087 4127 66
1125 4067 1232 4128 66666
