2924 4660
299 272 360 335 574
652 243 874 341 neuuncap.
887 270 936 326 vn

258 473 352 538 dest.
375 474 430 536 aut
451 474 489 537 et
510 490 581 537 non
603 471 722 555 dost),
750 473 884 554 putoque
905 469 1075 534 necessario
1086 471 1259 536 tollendum
1274 474 1320 536 et.

258 579 338 644 Nam
363 577 444 661 qnod
466 578 629 644 Suetonius
663 598 697 643 se
729 579 825 643 sicin
853 575 1026 641 notionibus
1048 577 1269 660 coniungendis
1292 581 1325 643 et

258 686 290 749 in
326 685 553 774 continuatione
585 684 756 767 negationis
787 681 971 766 implicavit,
1005 684 1041 747 ut
1072 684 1237 767 quicquam
1270 703 1325 767 pro
1442 675 1443 680 ’

205 826 212 837 ·
259 789 337 856 nibil
356 790 472 855 diceret
493 797 580 866 (nam
601 807 661 854 non
684 789 804 855 destitit
824 787 936 863 Cesar,
973 789 1030 852 hoc
1052 791 1110 862 est,
1132 789 1268 854 semovit
1291 792 1325 855 et

258 896 369 974 tenmt,
403 898 439 960 ut
473 895 552 958 nihil
582 895 724 979 cuiqnam
745 894 944 977 polliceretur
968 894 1029 959 nisi
1055 895 1112 959 sub
1137 895 1322 974 conditione)

257 1007 312 1068 aut
344 1024 398 1064 nec
420 1001 563 1065 doum
594 1021 649 1085 pro
670 1012 697 1064 et
717 1001 862 1063 donum
890 1005 975 1076 (nam
1003 1001 1125 1066 destitit
1158 1002 1321 1084 quicquam

213 1161 217 1168 .
259 1108 396 1191 polliceri
426 1109 486 1174 nisi
517 1109 574 1175 snb
596 1107 707 1192 cond),
745 1106 826 1172 idem
863 1107 892 1171 ei
928 1105 1040 1171 acddit
1068 1107 1136 1172 lib.
1165 1106 1206 1169 45
1242 1107 1323 1190 (nec

259 1214 468 1298 quicquam
501 1214 668 1298 amplius
700 1213 780 1295 pati
813 1217 1073 1290 recusantem,
1108 1213 1166 1279 hoo
1199 1215 1256 1290 est,
1286 1216 1324 1277 ot

344 1323 589 1387 recusantem
610 1321 660 1385 uel
690 1338 757 1383 nec
877 1319 961 1400 pati
991 1319 1268 1396 sustinentem)
1292 1321 1324 1384 et

258 1425 328 1490 Ner.
356 1424 398 1487 42
430 1425 517 1502 (Nec
547 1446 589 1491 eo
616 1425 744 1491 secius
771 1425 973 1507 quicquam
1080 1425 1229 1503 omisit,
1266 1426 1323 1490 hoo

258 1536 319 1608 est,
363 1551 429 1598 nec
468 1551 509 1598 eo
542 1533 668 1597 secius
700 1530 802 1594 nihil
928 1531 1088 1614 omisit);
1127 1531 1211 1595 recte
1248 1531 1325 1597 dixit

260 1638 377 1704 Domit.
413 1637 450 1703 2:
492 1634 570 1701 Nec
606 1638 735 1701 tamen
776 1654 818 1701 eo
850 1637 976 1702 secius
1124 1637 1222 1702 omui
1254 1655 1324 1719 ope

259 1744 460 1810 contendit
481 1747 538 1808 cet.
984 1735 987 1741 ’
1179 1739 1186 1750 ’
1229 1750 1237 1762 ·
1442 1801 1443 1826 ,

335 1847 566 1934 ¹Angustii:
610 1847 779 1930 Namque
811 1848 898 1914 illis
931 1850 1155 1923 (triumviratus
1183 1850 1324 1933 collegis)
1442 1851 1443 1864 ¹

258 1957 297 2021 in
342 1957 551 2022 multorum
595 1972 693 2036 saepe
738 1972 940 2037 personam
976 1974 1042 2038 per
1083 1956 1253 2040 gratiam
1288 1958 1325 2021 et
1442 2001 1443 2004 κ

260 2079 393 2145 preces
416 2059 695 2134 exorabilibus,
725 2061 831 2126 s'olus
853 2079 1086 2146 magnopere
1112 2062 1324 2136 contendit,

260 2186 303 2232 ne
347 2167 406 2230 oni
448 2168 682 2248 parceretur.
749 2166 845 2232 Scrib.
889 2167 925 2232 in
970 2169 1179 2232 multorum
1222 2188 1323 2252 saepe

255 2293 429 2357 perrona
460 2279 544 2349 (cum
576 2272 614 2336 de
647 2291 683 2337 ea
718 2276 881 2356 ageretur).
936 2271 1039 2357 Longe
1073 2273 1164 2338 aliter
1199 2274 1325 2340 dicitnr:

254 2377 365 2464 fc‘oilr'o
384 2363 414 2440 ‘et
435 2376 596 2442 ecorabilr'a
617 2381 650 2440 ic
672 2378 812 2440 vitricum
827 2378 904 2462 ficit,
930 2379 988 2444 hoc
1010 2383 1067 2452 est,
1089 2397 1171 2463 erga.
1217 2461 1221 2472 ι

361 2483 427 2549 lbd.
452 2483 493 2546 32
527 2483 671 2566 quoniam
697 2484 730 2548 in
752 2483 854 2550 codice
880 2475 1070 2550 Memmiano
1092 2489 1156 2551 est:
1201 2487 1328 2571 Igitur
1442 2539 1443 2552 ,

262 2579 518 2674 ςῑῆεεειωηά
551 2589 757 2673 dispositis
882 2590 1119 2656 stationibus
1140 2591 1326 2668 inhibuit,

221 2749 228 2766 ,
261 2695 396 2782 eflicitur
436 2705 705 2778 prosectarum
908 2695 1082 2762 inhibuit
1123 2697 1173 2774 (de
1215 2691 1359 2782 genere

261 2801 426 2883 universo),
448 2819 509 2866 non
541 2805 793 2888 grassaturas
823 2800 981 2880 (Salmas.)
1002 2799 1057 2868 aut
1077 2807 1326 2888 grassatores

262 2907 359 2984 (codd.
385 2907 547 2990 interpret).

361 3012 428 3078 Ibd.
473 3013 529 3078 35:
583 3013 808 3097 Senatorum
850 3013 1085 3079 affluentem
1128 3032 1326 3079 numerum
1442 3069 1443 3072 ,

261 3119 427 3185 deformi
462 3120 500 3185 et
530 3119 737 3186 incondita
771 3119 884 3184 turbo
921 3122 1048 3203 (erant
1080 3121 1181 3184 enim
1214 3138 1327 3203 snper

262 3226 371 3292 mille
394 3229 432 3290 et
453 3225 605 3309 quidam
626 3225 895 3311 indignissimi
927 3227 1074 3308 etpost
1095 3242 1222 3290 nocem
1245 3228 1326 3292 t'ae-
1442 3297 1443 3308 ἢ

262 3331 368 3398 saris·
403 3349 470 3414 per
512 3333 679 3416 gratiam
717 3336 753 3398 et
794 3331 990 3416 praemium
1033 3330 1190 3408 allecti,
1234 3350 1326 3414 quos

262 3438 415 3504 orciuos
451 3438 589 3523 vulgus
634 3437 812 3515 vocabat)
847 3437 892 3503 ad
927 3437 1076 3503 modum
1119 3437 1324 3521 pristinum

263 3545 587 3628 et'splendorem
620 3543 782 3628 redegit.
850 3541 921 3609 Non
953 3561 1027 3608 sane
1066 3563 1123 3627 per
1160 3543 1325 3628 proemium

264 3651 368 3735 (quod
382 3652 505 3717 omnino
534 3651 584 3716 rix
605 3650 717 3716 dicitur
738 3669 792 3734 pro
815 3669 860 3734 eo,
896 3650 977 3735 quod
1000 3653 1048 3716 est
1071 3650 1198 3734 proemii
1220 3650 1323 3733 causo)

241 3759 364 3824 -elleoti
396 3761 485 3826 erant
514 3757 719 3842 indignissimi
741 3757 897 3830 homines,
931 3757 996 3832 sod,
1031 3754 1113 3839 quod
1134 3773 1204 3821 oum
1225 3756 1325 3840 gratia

262 3866 458 3931 coniunctum
480 3867 538 3941 est,
558 3865 592 3930 in
614 3863 749 3937 deterius
770 3881 911 3947 vergens,
934 3880 999 3946 per
1025 3861 1198 3946 pretium
1219 3865 1324 3949 (prae-
1442 3931 1443 3960 ἒ

261 3973 378 4050 tium).
423 3973 523 4052 Quam
555 3989 636 4054 saepe
669 3970 836 4050 pretium
875 3972 907 4034 et
939 3968 1133 4052 praemium
1166 3966 1324 4033 scribendo
