2956 4648
580 280 738 338 Columella.
1089 279 1150 340 519

234 481 306 549 lbd.
341 499 407 562 cap.
441 478 471 555 2,
503 479 538 542 ιε
595 477 672 542 Nec
714 475 847 541 absint
877 493 1017 558 greges
1045 495 1194 542 armen·

131 594 257 656 torum
313 588 612 668 ceterorumque
660 580 947 664 quadrupedum
1000 582 1107 647 culta
1158 584 1194 646 ιι

133 695 288 759 dumeta
308 691 563 776 pascentium.
600 688 692 753 Culta
713 686 835 770 depasci
863 687 992 754 minime
1024 675 1194 754 Columella

132 799 208 878 nult,
229 798 284 864 scd
307 817 373 880 quae
395 797 456 862 coli
477 795 640 879 nequeant,
668 796 704 858 ut
725 811 762 857 ea
785 811 904 876 quoque
925 795 1094 860 utilitatem
1115 816 1194 880 prae-

133 904 234 970 beant.
296 902 483 986 Scripserat:
519 899 741 984 inculcaret,
767 897 934 964 dumeta.
1000 899 1122 964 Excidit
1156 900 1193 964 in

132 1013 262 1093 posim.
897 1097 899 1102 Α

232 1113 430 1194 Ibd.3,10:
463 1112 535 1177 illa
569 1111 731 1194 septena
767 1110 905 1194 iugera
1023 1111 1193 1176 maiores

133 1221 302 1302 quaestus
334 1217 512 1300 antiquis
548 1217 753 1289 rettulere,
799 1233 907 1297 quam
950 1233 1047 1279 nunc
1088 1216 1194 1280 nobis

131 1324 306 1406 prebent
343 1321 590 1405 amplissima
630 1322 820 1388 veterata.
878 1319 1001 1385 Tanta
983 1321 1194 1404 equidem

133 1428 274 1494 Curius
306 1429 559 1494 Dentatus..
573 1443 800 1510 prospero
831 1425 948 1490 ductu
980 1444 1046 1508 par
1052 1427 1194 1492 taric·

134 1534 251 1612 toria,
400 1532 601 1598 deferente
651 1532 788 1616 populo
833 1531 989 1612 premii
1042 1533 1193 1598 nomine

132 1637 426 1722 quinquaginta
476 1636 554 1703 soli
598 1637 746 1726 iugera,
797 1653 912 1716 supra
954 1638 1195 1704 consularem

131 1739 487 1825 triumphalemque
509 1741 706 1808 fortunam
728 1739 884 1824 putavit
916 1758 1001 1805 esse
1022 1741 1095 1822 (hoc
1115 1762 1194 1825 prae-

131 1845 245 1921 mium;
267 1847 398 1930 pessime
421 1847 640 1913 Schneiderus:
664 1846 821 1930 putavit
849 1846 950 1911 satis
974 1864 1068 1923 esse,
1091 1847 1194 1914 Goesii

130 1951 344 2020 auctoritatem
365 1953 515 2018 incertam
536 1954 682 2035 secutus).
715 1950 817 2016 Codex
840 1951 997 2035 Sangcrm.
1027 1953 1193 2020 Tantam

130 2055 293 2138 quidem.
336 2056 552 2123 Scribeudum:
701 2060 888 2126 vetereta.
931 2056 989 2146 Μ’.
1034 2059 1194 2143 quidem

131 2159 273 2228 Curius
295 2163 489 2228 Dentatus
511 2167 569 2229 cet.
622 2163 667 2228 lix
697 2166 736 2228 ta
757 2162 955 2246 praecedentis
977 2165 1060 2230 vocis
1083 2165 1194 2231 ultima

131 2267 251 2349 syllaba
271 2269 303 2332 ιι
323 2266 509 2352 prenomine
530 2271 630 2336 ortum
652 2271 700 2336 est
721 2271 883 2336 tantam.

231 2372 297 2442 lbd.
319 2374 348 2451 4,
381 2373 415 2439 4;
461 2373 549 2440 Haec
582 2378 707 2440 autem
738 2393 1033 2458 consequemur,
1070 2379 1101 2442 si

131 2477 213 2544 vati
329 2479 617 2544 crediderimus
654 2480 801 2552 dicenti
839 2499 996 2556 ...,ιιιι
1019 2485 1194 2549 contenti

131 2581 262 2662 tamen
293 2584 534 2650 auctoritate
566 2585 627 2650 vel
649 2585 817 2668 priorum
849 2585 913 2650 vel
946 2589 1192 2667 praesentium
1232 2581 1237 2596 '

133 2685 352 2754 colonorum
412 2692 548 2754 nostra
600 2690 971 2773 pretermiserimus
1020 2694 1194 2775 exempla

132 2809 302 2876 novaque
324 2795 609 2861 tentaverimus
636 2796 912 2878 experimenta.
955 2795 1014 2860 Pro
1036 2802 1194 2880 prater-

132 2898 355 2966 miscrimus
404 2901 494 2986 Sang.
530 2900 834 2984 promiserimus,
878 2919 913 2965 er
945 2918 1004 2984 quo
1041 2904 1091 2969 lit:
1126 2923 1194 2970 nec
1300 2973 1302 2978 ,

132 3006 304 3070 contenti
324 3008 454 3072 tamen
477 3008 547 3084 (hoc
570 3008 631 3073 est:
660 3010 692 3072 ιι
711 3008 825 3083 tamen,
854 3025 913 3070 non
935 3009 1083 3083 conteuti)
1107 3027 1194 3078 auo·

132 3109 300 3175 toritate
347 3160 436 3190 ...,
486 3113 621 3178 nostra
664 3113 968 3196 prompserimus
1018 3116 1195 3198 exempla

134 3231 303 3298 novaque
325 3217 472 3282 ιιιιιι
497 3237 572 3301 exp

233 3321 1114 3408 (Del‚‚4‚8etll1027duuuollp90n)

233 3422 303 3492 lbd.
327 3428 356 3504 5,
390 3427 476 3492 ozi
462 3429 541 3492 utrn
572 3428 691 3494 etiam
727 3429 900 3493 nautium
931 3433 1195 3513 serpentium·

134 3548 203 3614 quc
231 3534 377 3613 pestes,
413 3533 577 3598 hiberna
607 3533 802 3600 destituta
833 3535 996 3618 uligine,
1028 3554 1128 3600 coeno
1158 3541 1196 3602 ct

133 3637 375 3704 fermentata
396 3638 568 3704 colluvie
600 3657 686 3704 vere
713 3641 831 3704 natas
853 3639 1023 3718 emittit,
1048 3659 1088 3705 ex
1111 3642 1196 3724 qui-

133 3743 200 3807 bus
229 3762 326 3826 saepe
356 3745 648 3810 contrahuntur
674 3743 764 3810 caeci
792 3743 921 3810 morbi.
971 3745 1047 3810 Haec
1075 3746 1108 3810 et
1128 3764 1196 3810 ver·
1313 3761 1320 3784 ’

134 3849 247 3914 ιιιιιιιι
265 3850 337 3918 ordo
366 3852 398 3916 ιι
425 3851 577 3918 ιιιιιιιιιι
599 3851 680 3918 male
707 3851 819 3916 habere
846 3848 980 3916 ostendit
1013 3851 1045 3913 et
1077 3852 1195 3918 veteres

135 3956 296 4034 editiones,
329 3976 347 4022 a
380 3957 490 4040 quibus
515 3957 609 4024 codex
632 3955 906 4042 Sangermanensis
938 3955 968 4019 in
992 3974 1053 4020 una
1074 3960 1195 4022 tanturn
1314 3949 1317 3954 ’

133 4079 205 4126 voce
232 4060 415 4144 (nautium
447 4082 501 4145 pro
536 4055 763 4143 nutricium)
792 4058 954 4126 dissentire
977 4060 1106 4126 videtur.
1152 4062 1197 4125 dx
