2918 4636
633 259 756 318 Ovidius.
1138 261 1178 325 79

162 459 247 522 iecor
269 459 382 543 posuit,
405 479 471 544 quae
492 461 523 526 in
545 460 598 526 illo
620 459 723 526 codice
744 459 895 544 scriptura
917 463 1076 526 annotatur
1089 462 1221 528 tanturn.

162 566 222 632 Sed
245 567 358 628 nictum
387 585 421 632 os
441 565 475 630 in
498 565 555 632 teli
576 585 610 632 re
632 565 706 650 qnid
732 567 789 644 sit,
822 584 883 631 non
904 565 1060 652 intelligo,
1087 569 1221 651 putoque

161 671 281 737 sublato
303 671 521 754 pronuntiandi
545 691 644 737 errore
665 671 876 737 scribendum:

357 797 396 842 ne
416 777 517 862 fugiat
535 777 606 862 ficto
627 777 729 844 fassus
751 779 790 843 ab
812 797 862 844 ore
883 783 986 862 pudor,

158 883 216 948 hoo
237 883 293 958 est,
314 883 461 949 haemona
483 883 522 948 ed
543 883 713 950 fallendum
737 885 911 968 composito.

261 987 329 1056 Ibd.
352 990 394 1066 11,
416 989 478 1052 609
501 1009 583 1073 sqq.:

312 1094 442 1162 Oondita
462 1096 491 1162 si
512 1115 573 1160 non
596 1096 670 1160 sunt
690 1095 818 1160 Veneris
840 1097 988 1180 mysteria
1009 1097 1111 1172 cistis,

351 1219 408 1265 noo
431 1219 506 1266 cava
526 1201 650 1266 vesanis
673 1201 784 1267 ictibus
807 1221 868 1266 aera
889 1202 1009 1280 sonant,

310 1307 448 1372 attamen
469 1307 550 1371 inter
571 1325 624 1372 nos
648 1307 748 1372 medio
769 1309 929 1373 versantur
949 1308 982 1372 in
1004 1328 1071 1383 usu,

352 1413 407 1479 sed
431 1413 485 1488 sio,
507 1413 665 1478 internos
687 1414 723 1477 ut
742 1413 870 1479 latuisse
892 1414 997 1479 vobnt.

259 1517 493 1584 Pervorsissime
514 1519 579 1584 haec
601 1520 842 1604 coniunguntur,
868 1538 1053 1603 quamquam
1075 1520 1225 1604 mysteria

155 1624 286 1690 Veneris
308 1625 395 1690 cistis
416 1644 478 1690 non
500 1624 688 1703 condantur,
710 1625 816 1691 tamen
838 1626 870 1690 in
891 1626 994 1692 medio
1015 1646 1073 1692 usu
1094 1626 1222 1703 versari„

158 1731 407 1815 contrariumque
431 1732 479 1796 est
494 1749 547 1812 por
567 1749 601 1796 so
617 1729 720 1796 Ouidii
742 1732 912 1810 sententiae,
934 1733 967 1796 in
986 1732 1085 1797 medio
1106 1750 1164 1798 usu
1186 1751 1223 1798 oa

156 1837 290 1912 uersari;
320 1837 477 1902 internos
499 1838 581 1902 enim
604 1837 719 1902 versari
746 1838 829 1915 dicit,
851 1857 959 1904 verum
983 1857 1043 1903 non
1065 1838 1165 1904 medio
1187 1838 1221 1902 in

157 1963 226 2022 usu,
251 1943 306 2009 sed
315 1944 361 2010 ita
371 1943 407 2007 ut
416 1944 536 2010 lateant
549 1944 631 2010 inter
641 1943 724 2026 ipsos
740 1963 805 2010 nos.
839 1945 1038 2011 Scribendum
1050 1945 1223 2029 igiturest:

293 2047 382 2112 Haut
401 2049 506 2115 tamen
534 2048 616 2114 inter
645 2068 701 2114 nos
729 2049 831 2116 medio
854 2052 1015 2116 versantur
1035 2053 1067 2116 in
1088 2071 1155 2118 usu.

259 2155 320 2221 Sed
341 2157 397 2222 hoc
419 2175 490 2221 oum
522 2157 594 2222 ante
625 2156 741 2222 multos
774 2173 869 2220 annos
900 2157 1105 2236 annotassem,
1142 2178 1222 2224 nuno

160 2261 262 2327 Iahnii
282 2261 394 2328 indicio
423 2281 572 2346 cognosco
594 2263 633 2328 ab
655 2261 848 2345 Heusingero
870 2264 1068 2345 praeceptum.

260 2368 327 2434 Ibd.
352 2369 410 2445 111,
434 2368 514 2433 231:

361 2475 465 2539 Aurea
487 2493 553 2557 quae
575 2473 710 2556 pendent
730 2477 836 2538 ornato
859 2474 947 2557 signa
968 2475 1099 2550 theatro,

383 2580 508 2662 inspice,
533 2599 625 2663 qnam
646 2579 748 2645 tenuis
772 2580 895 2645 bractea
916 2580 1000 2663 ligna
1021 2581 1116 2663 tegat.

165 2685 260 2770 Teqoa
283 2685 428 2752 vitiosum
450 2705 517 2752 esso
539 2688 676 2763 constat,
704 2686 864 2768 quoniam,
894 2686 946 2768 qui
966 2687 1121 2768 proximus
1143 2706 1221 2771 pree·

158 2791 243 2858 cedit
262 2811 369 2858 vorsus
390 2795 598 2875 pentameter,
625 2793 657 2857 in
679 2801 761 2874 togae
783 2790 874 2856 cudit.
924 2791 959 2854 In
982 2791 1085 2856 codice
1107 2793 1144 2871 R,
1167 2793 1220 2876 qui

159 2917 239 2963 unus
266 2898 359 2982 longe
393 2900 511 2964 ceteros
543 2899 659 2976 vincit,
693 2897 837 2963 scribitur
869 2897 982 2980 inspice
1014 2907 1222 2984 coomnipotens

160 3003 284 3068 bradua.
335 3005 382 3070 Do
409 3005 615 3088 prioreparte
647 3005 733 3070 nullu
759 3004 909 3070 dubitatio
935 3005 1131 3087 relinquitur;
1169 3027 1221 3073 er-

158 3111 293 3176 tremum
315 3111 441 3177 verbum
465 3110 631 3176 admodum
653 3110 851 3195 probabiliter
873 3111 982 3195 corrigi
1002 3112 1118 3194 potest:

359 3217 463 3281 Aurea
484 3235 551 3300 quae
572 3217 707 3300 pendent
728 3218 835 3282 ornato
855 3218 944 3301 signa
965 3217 1094 3292 theatro,

357 3321 486 3405 inspico:
511 3333 692 3396 contemnem
714 3324 837 3390 bractea
858 3323 943 3407 ligna
965 3323 1040 3398 boat,

158 3426 293 3504 horest,
316 3427 492 3494 divitiarum
515 3429 615 3512 specie
637 3432 735 3496 umet.

201 3601 203 3605 ,
259 3533 369 3613 (Der.
399 3533 462 3597 440
493 3534 608 3600 dictum
639 3537 686 3602 est
712 3534 771 3599 vol.
800 3535 815 3598 I
841 3555 871 3618 p.
902 3535 979 3608 114,
1013 3534 1066 3598 ubi
1098 3533 1223 3596 Probini

158 3638 307 3721 scriptum
331 3641 475 3723 oportuit,
497 3659 556 3706 non
580 3641 741 3721 Priamei.)
865 3683 868 3694 ,

258 3745 325 3811 Ibd.
351 3746 511 3820 111,475:

359 3851 420 3917 Sed
441 3871 539 3936 nequo
560 3853 593 3916 te
613 3851 737 3917 facilem
760 3851 864 3917 iuveni
886 3852 1029 3934 promitte
1051 3849 1179 3935 roganti,

398 3977 455 4023 neo
476 3959 580 4024 tamon
604 3957 706 4036 oduro,
729 3956 809 4041 quod
831 3958 922 4039 petit,
945 3975 995 4021 ore
1016 3973 1103 4036 nege.

159 4062 381 4146 Interpolutum
405 4065 478 4141 hoo;
513 4082 586 4129 narn
614 4063 729 4128 codices
759 4082 819 4127 non
840 4063 939 4127 solum
962 4060 1044 4134 boni,
1081 4058 1135 4124 sod
1156 4057 1217 4122 iere
