2938 4630
300 265 341 325 42
660 266 721 322 nio.
738 267 786 321 vn
805 267 870 336 oep.
886 268 922 322 11.

259 484 421 550 pavonem,
443 479 568 548 quaeque
590 464 630 528 ad
655 483 725 532 enm
757 467 920 548 pertinent,
956 469 1039 530 reete
1071 466 1225 544 babentia,
1261 467 1322 531 nisi

260 571 341 655 quod
363 571 484 636 videtur
506 568 614 651 Uinpro
644 571 753 640 iniuria
775 571 984 655 superpositus
1022 587 1095 636 esse·
1110 575 1146 638 et·
1163 591 1233 636 enm
1255 572 1322 637 loeo

260 681 293 741 at
324 679 437 742 honore
470 675 631 739 venerem
669 673 825 741 deiecisse.
882 675 964 755 Quid
1002 677 1100 759 igitur
1127 678 1239 742 misero
1275 677 1322 742 ilii

261 782 373 865 Cinyro
395 781 566 845 iaciemus?
613 777 792 845 iubebimus
814 781 897 845 abire
917 785 1016 846 totum
1037 781 1119 861 inde,
1141 799 1200 863 qno
1221 799 1320 846 errore

259 888 394 970 irrepsit,
417 886 676 968 consideratisque
708 887 802 950 simul
834 887 947 950 0081010
974 887 1002 949 V
1034 887 1080 969 (id
1103 889 1153 952 est
1169 887 1322 952 initorum

262 993 532 1075 palimpsestornm
544 992 779 1073 Veronensium)
789 995 821 1056 et
836 993 886 1068 bl,
908 993 1100 1074 maximeque
1114 993 1223 1075 optimi
1239 992 1323 1058 illius

253 1117 278 1163 ·o
301 1100 333 1163 ot
353 1098 506 1184 yviuuieiis
525 1098 662 1178 (emere),
683 1117 775 1180 quam
798 1099 983 1179 seripturam·
1002 1098 1176 1162 Moerobius
1204 1117 1323 1181 quoqne

261 1204 378 1281 babuit,
398 1203 495 1268 simui
513 1223 557 1280 re,
577 1203 658 1286 quud
680 1206 750 1285 post
774 1202 883 1266 diuites
905 1218 1092 1286 magnosque
1114 1205 1245 1269 librariae
1269 1223 1323 1286 po·

260 1309 348 1392 pulos
368 1308 523 1373 indueitor
545 1311 691 1373 montana
712 1325 886 1390 pauperque
909 1311 941 1372 et
961 1327 1055 1391 parva
1073 1308 1221 1392 Ligurum
1237 1329 1323 1394 gens,

261 1414 307 1479 sie
330 1414 510 1492 scribemus,
531 1433 591 1478 una
604 1415 717 1478 ¹littera
740 1414 875 1480 mutata:
926 1450 929 1459 ·

344 1519 414 1584 Non
437 1539 494 1603 ego
516 1521 559 1600 te,
581 1521 728 1604 Ligurum
751 1520 858 1584 duetor
879 1519 1046 1584 fortissime
1068 1519 1161 1596 bello,

341 1615 530 1702 transierim,
551 1627 615 1688 ates
635 1645 668 1687 re
690 1628 721 1689 et
742 1626 847 1707 paneis
872 1625 1018 1690 comitate
1041 1624 1175 1706 Cupauo.

361 1730 532 1812 Aptissima
547 1731 694 1814 Ligurum
716 1730 824 1794 ducem
844 1730 1001 1809 describis,
1023 1731 1180 1797 homiuem
1202 1729 1327 1808 fortem,

264 1836 329 1913 sed,
352 1839 388 1900 ut
409 1835 525 1900 Ennius
545 1836 633 1913 dixit,
664 1857 768 1919 porea,
797 1857 866 1898 oum
886 1856 920 1896 re
954 1836 1071 1912 (Oioero
1097 1836 1200 1918 ipsum
1229 1835 1329 1898 boante

261 1942 414 2003 nemeina
436 1943 490 2020 re).
546 1941 629 2005 Male
651 1941 823 2006 ooniunotis
844 1941 965 2014 litteris,
999 1961 1067 2024 qnae
1087 1944 1160 2022 post
1182 1950 1209 2002 te
1229 1958 1328 2005 noea*

262 2047 319 2112 tiri
339 2045 471 2110 formam
493 2047 682 2124 obiieiebunt,
713 2047 795 2129 qued
818 2047 914 2108 einero
935 2047 1028 2112 nimis
1050 2047 1245 2118 abhorrebat,
1266 2064 1325 2109 na·

262 2157 330 2218 tum
350 2155 398 2217 est
421 2150 524 2214 Cinaei
543 2171 653 2218 nomen
675 2153 738 2217 iam
760 2153 916 2235 aliquanto
929 2155 1001 2218 unte
1023 2153 1160 2217 seculum
1182 2154 1327 2234 quartam

263 2260 348 2334 (ante
378 2257 597 2333 Maerobium),
631 2259 760 2338 fortasse
792 2277 853 2322 nou
884 2260 929 2324 ita
960 2259 1057 2324 multo
1095 2259 1166 2341 post
1199 2257 1328 2339 Vergilii
1461 2283 1462 2329 r

261 2366 400 2437 aetatem,
428 2366 603 2427 oromatum
627 2363 737 2428 deinde
759 2364 867 2429 orere
890 2363 1022 2445 quadam
1045 2363 1146 2444 speeie
1167 2362 1327 2445 (Cinyra).
1461 2387 1462 2404 ¹

262 2468 390 2534 Summe
405 2467 542 2532 notabile
552 2467 607 2531 hoo
620 2469 668 2532 est
679 2469 852 2551 exemplum
868 2468 1002 2532 numinis
1013 2469 1132 2550 proprii
1144 2487 1180 2532 or
1202 2466 1327 2532 roeibns

263 2571 478 2640 eommunibus
503 2573 609 2644 0111011,
632 2573 712 2655 quod
734 2575 784 2639 vol
807 2573 833 2638 1.
856 2595 885 2657 p.
912 2572 972 2634 152
994 2574 1066 2654 poni
1088 2574 1245 2650 debuerat,
1268 2572 1328 2636 nisi

263 2684 334 2764 pest
356 2681 481 2745 demum
503 2679 601 2760 ipsam
625 2679 870 2744 emandationem
893 2679 1105 2760 repperissem,
1129 2699 1210 2756 oum,
1234 2697 1328 2762 quam

263 2789 395 2852 formam
417 2787 501 2850 totus
522 2786 609 2849 loeus
632 2787 830 2863 monstrarat,
852 2784 950 2849 multo
974 2788 1045 2849 ante
1066 2783 1298 2848 intellexissem.

365 2892 404 2968 X,
430 2891 490 2952 279
514 2909 578 2972 sqq.
602 2891 710 2966 (Turni
733 2892 806 2954 sunt
826 2891 945 2969 verba):

364 2995 453 3073 Quod
476 2996 556 3058 votis
578 2996 718 3077 optastis,
740 2995 838 3068 adest,
860 2993 1048 3078 perfringere
1070 2993 1193 3069 dextras
1246 3036 1249 3050 ι

362 3101 394 3164 in
415 3100 558 3164 manibus
581 3100 670 3164 Mars
688 3101 754 3181 ipse
775 3100 866 3177 riris;
888 3119 969 3164 nune
990 3099 1131 3182 ooningis
1153 3100 1219 3164 esto

363 3206 492 3289 quisque
514 3225 576 3269 snae
597 3206 731 3287 tectique
753 3224 880 3284 memor,
901 3224 981 3272 nuno
1002 3223 1116 3290 magua
1136 3204 1248 3270 referto

363 3312 447 3375 faeta
468 3313 601 3394 patrum,
623 3311 739 3376 landos.
826 3323 827 3330 ’

366 3416 416 3482 810
438 3415 634 3481 Ribbeokius.
678 3416 779 3482 Gur'
766 3437 829 3500 epse
853 3416 963 3481 Mars?
984 3435 1038 3480 eur
1059 3415 1142 3492 verte,
1166 3415 1254 3496 quasi
1279 3352 1328 3478 81-

265 3520 362 3586 versis
395 3523 475 3586 ab''
455 3541 503 3594 ns,
540 3541 615 3604 qnos
637 3523 826 3606 alloquitur?
870 3520 972 3586 Codex
1004 3523 1216 3586 Romanuset
1237 3520 1328 3603 vulgo

253 3627 412 3692 editiones
429 3628 495 3692 oiri.
532 3628 611 3711 Ergo
630 3628 822 3712 Vergilius
798 3649 842 3694 sro
856 3629 949 3693 verba
970 3627 1113 3710 ooniungi
1135 3626 1271 3692 voluerat
1280 3647 1287 3688 :

362 3731 395 3797 in
417 3733 558 3798 menibus
581 3733 679 3810 Mars3
704 3735 780 3818 ipse,
802 3733 869 3809 viri,
891 3751 972 3796 nuno
994 3732 1132 3818 oouiugis
1154 3735 1220 3797 esto

364 3838 490 3922 quisque
512 3858 575 3902 suae
595 3840 731 3921 testique
751 3857 877 3904 memor.

362 3943 402 4018 X,
423 3941 485 4006 362
511 3962 593 4025 sqq:
