2922 4702
325 289 388 356 458
681 291 951 361 muvnruprv.
1046 355 1051 360 ,
1155 277 1158 282 ’

283 493 397 558 fredam
408 491 566 558 libidinem
579 491 726 556 sectanti:
749 490 903 554 locatos
924 489 969 555 ad
983 490 1142 555 mortem
1161 489 1348 554 infamem

282 599 461 660 rimator.
506 596 607 662 Pudet
634 595 709 662 talia
742 596 912 681 attingere,
943 595 975 659 iu
1008 595 1117 678 quibus
1139 595 1347 662 describendis

284 703 358 786 (vid.
391 702 482 768 huius
515 703 612 786 operis
645 697 672 779 I,
707 702 760 785 16)
801 705 833 766 et
867 701 1075 784 significandis
1118 702 1198 768 foede
1231 701 1347 768 Seneca

283 810 453 875 delectatur
487 809 518 873 et
538 808 667 873 lascivit

384 914 450 980 Ibd.
474 913 530 993 32,
569 914 605 978 3:
649 914 774 980 Mares
807 913 913 978 inter
948 931 986 978 se
1016 931 1229 996 uxoresque
1258 931 1347 978 con-

282 1020 467 1094 tendunt,
505 1019 802 1086 uterdetIatns
827 1017 920 1083 illis.
965 1019 1105 1098 Quibus?
1143 1019 1269 1101 etquid
1292 1020 1346 1092 est,

283 1125 368 1191 nullo
397 1124 514 1202 addito,
548 1127 622 1189 dare
652 1125 731 1189 tatae
764 1122 880 1186 alicui?
934 1125 992 1190 Vix
1023 1125 1130 1208 putem
1156 1124 1193 1190 de
1218 1125 1346 1209 tegendo

281 1233 379 1297 latere
402 1231 444 1306 (in
467 1231 652 1310 comitando)
675 1231 744 1298 diei.
780 1230 922 1296 Ehabet
943 1231 1063 1297 illius.
1098 1229 1215 1313 Opinon
1231 1230 1340 1296 fuisse:

282 1340 369 1403 uter
391 1323 463 1402 det¹
475 1337 579 1403 latus
600 1335 965 1413 maturescentium
980 1317 1137 1402 moveietur
1152 1336 1345 1420 elegantius).
1453 1343 1454 1346 ’

736 1701 819 1785 Gap.
841 1702 900 1767 IV.

661 1867 692 1927 L.
713 1833 819 1922 Seneca
837 1866 972 1937 Epistulae.

380 2019 538 2107 Epistulas
571 2020 693 2086 Senecae
727 2021 844 2102 primus
881 2020 1083 2086 recentiorum
1116 2020 1156 2085 ad
1189 2019 1348 2086 meliorem

281 2126 420 2192 codicum
463 2125 556 2190 fidem
599 2145 759 2193 recensere
803 2126 943 2192 instituit
964 2127 1005 2204 Io,
1029 2124 1348 2209 Schweighaeuserua

281 2231 366 2297 cuius
390 2251 515 2315 operam
537 2233 651 2316 paucis,
685 2235 720 2298 ut
748 2233 879 2311 videtur,
912 2235 979 2297 tum
1013 2233 1116 2296 uotam
1147 2232 1278 2297 memini
1299 2251 1349 2298 me

279 2337 421 2404 iuvenem
443 2357 471 2402 a.
496 2339 576 2402 1837
600 2339 817 2406 commendare
846 2333 962 2420 ¹(opusc.
992 2338 1078 2404 acad.
1100 2338 1132 2402 11
1154 2359 1184 2422 p.
1208 2337 1270 2402 205
1294 2345 1346 2416 n).

279 2445 443 2510 Ubericres
476 2446 578 2528 copias
612 2446 773 2511 Fickertus'
804 2445 925 2519 attulit,
956 2444 1002 2508 ita
1034 2447 1069 2509 ut
1100 2463 1182 2509 nuno
1214 2445 1348 2529 quinque

280 2552 412 2616 maxime
454 2539 593 2617 codicum
630 2552 777 2616 bonorum
811 2553 897 2615 etna
934 2549 1138 2615 contaminato
1176 2552 1348 2616 ceterorum
1452 2579 1453 2620 1

279 2675 373 2742 grege
406 2657 615 2722 seiunctorum
637 2657 816 2722 testimonio
841 2659 872 2722 et
899 2656 1081 2728 auctoritate
1104 2655 1135 2720 in
1158 2657 1206 2721 his
1230 2656 1347 2739 episto-

279 2762 318 2827 lis
341 2762 486 2828 standum
509 2763 559 2836 sit,
583 2763 614 2827 in
636 2761 736 2846 priore
757 2765 846 2845 parte
867 2761 962 2828 trium
986 2767 1056 2840 (nec
1078 2764 1183 2827 tamen
1209 2763 1348 2828 omnium

279 2869 486 2951 peremnia),
518 2869 738 2935 Parisieusium
761 2869 890 2934 duorum
914 2867 973 2948 ,(Ρ,
1002 2867 1152 2946 Thuanei,
1186 2868 1285 2934 seculi
1307 2869 1348 2946 X,

279 2994 309 3056 p,
334 2973 497 3052 Pithoeani,
522 2993 581 3041 sec.
605 2973 663 3053 XI)
688 2977 719 3040 et
746 2974 1018 3059 Argentoratensis
1047 2974 1119 3054 (Ab,
1142 2992 1203 3038 seo.
1227 2975 1274 3039 XI
1297 2974 1347 3039 vel

278 3077 367 3159 XII),
397 3079 429 3142 in
452 3079 564 3156 altera,
594 3080 665 3146 inde
688 3081 726 3145 ab
749 3081 837 3164 epist.
860 3079 1074 3158 89,.duorum,
1103 3079 1346 3164 Bambergensis

279 3186 354 3263 (sec.
377 3183 423 3248 lX
442 3185 492 3250 vel
513 3185 556 3263 X)
579 3187 610 3250 et
631 3187 903 3270 Argentoratensis
925 3186 997 3268 (Aa,
1021 3185 1128 3262 seculi,
1150 3186 1185 3249 ut
1201 3186 1346 3262 traditur,

279 3287 387 3370 IX).¹)
431 3287 511 3354 Nam
543 3309 610 3373 quae
646 3293 726 3384 apud
760 3293 958 3376 antiquiores,
989 3296 1024 3358 ut
1052 3293 1115 3356 iam
1145 3291 1177 3354 in
1200 3291 1346 3368 editione,

308 3541 329 3609 ¹)
348 3542 380 3595 In
398 3556 459 3612 epp.
477 3542 512 3597 43
530 3541 625 3610 primis
643 3544 672 3594 et
690 3545 766 3610 parte
785 3555 826 3611 cp.
843 3542 879 3596 44
897 3541 1000 3596 utimur
1018 3540 1068 3611 Pp
1086 3541 1128 3596 Ab
1147 3542 1186 3608 (in
1205 3557 1248 3612 ep.
1261 3543 1345 3606 ,1-3,

348 3637 365 3690 5
383 3634 466 3690 etiam
489 3634 562 3689 foliis
580 3635 609 3690 in
633 3633 674 3688 Aa
698 3634 889 3706 interpositis),
916 3635 945 3688 in
972 3636 1050 3706 parte
1068 3650 1110 3704 ep.
1134 3637 1169 3692 44
1188 3635 1265 3690 etin
1284 3651 1346 3704 epp.

349 3729 455 3784 45-62
474 3727 602 3797 solist
621 3727 685 3794 (uisi
704 3727 776 3798 qood
793 3741 854 3797 pars
873 3726 965 3798 aliqua
983 3744 1025 3797 ep.
1036 3730 1070 3784 52
1088 3730 1128 3782 est
1140 3728 1265 3783 etiamin
1280 3727 1342 3793 Ab),
1449 3723 1450 3730 '

348 3821 376 3874 in
395 3837 435 3890 ep.
455 3823 560 3878 63-70
578 3823 606 3876 et
624 3824 699 3890 parte
718 3838 758 3890 ep.
778 3823 811 3878 71
831 3822 882 3890 Pp
900 3818 950 3887 Ab,
980 3820 1010 3873 in
1028 3823 1104 3890 parte
1122 3836 1163 3889 ep.
1184 3821 1218 3876 71
1237 3824 1266 3875 et
1284 3837 1346 3890 epp.

348 3916 451 3972 72-81
470 3913 493 3968 P
511 3913 562 3976 Ab,
587 3915 614 3968 in
643 3913 825 3972 82-88s010
853 3914 889 3980 P,
917 3915 945 3968 iu
964 3930 1023 3984 epp.
1042 3916 1077 3970 88
1095 3916 1164 3971 -124
1183 3913 1207 3968 Β
1226 3916 1274 3980 Aa,
1294 3915 1345 3968 hoc

211 4017 212 4022 ’
348 4010 438 4061 tamen
457 4023 509 4062 non
528 4009 590 4062 aute
608 4007 741 4076 epictec,
763 4008 796 4062 18
816 4009 861 4074 (17
879 4007 949 4077 F.)a
966 4006 1149 4076 verbis[con]
1169 4007 1345 4078 quirenda

349 4098 496 4154 artibus.
