3018 4634
584 297 695 352 (iecoris
713 295 784 356 Bell.
801 296 860 353 Oiv.
1149 299 1210 364 267

186 491 322 574 positum
343 491 484 566 dicerem,
506 510 561 574 pro
583 511 618 557 eo
636 494 839 560 substitutum
859 496 967 577 postea
987 497 1252 564 remediaban-

176 599 257 662 tur.
300 595 369 662 Sed.
382 597 449 662 tam
469 597 561 662 facile
582 598 757 664 huiusmodi
784 600 969 682 deponentia
995 619 1014 666 a
1045 603 1248 670 substantivis

182 702 385 778 ducebantur.
407 702 443 767 ut
474 702 532 770 hoc
555 700 668 768 Gaesari
689 704 746 770 rub
771 703 878 770 stilum
901 706 1023 772 venisse
1054 726 1168 791 negare
1190 728 1251 774 nou

174 809 328 886 audeam,
350 806 403 890 qui
423 807 518 874 ctiam
538 807 739 874 materiari
771 808 891 876 dixout.
946 810 1029 876 Nam
1063 813 1251 879 adiectivum

188 910 286 978 male
306 912 535 978 materiatus
566 911 627 990 alia
653 913 772 980 ratione
793 914 920 997 fingitur
941 919 988 992 (ut
1008 918 1107 983 male
1128 937 1251 984 mora-

178 1015 262 1094 tus,
287 1016 426 1095 similia).
483 1015 761 1084 Remediabilis
787 1021 819 1084 et
840 1020 1148 1088 irremediabilis
1169 1024 1251 1106 apud

173 1119 221 1188 'Ia
243 1119 393 1186 Senecam
417 1124 450 1188 ot
470 1122 607 1188 Plinium
628 1122 701 1188 mai.
724 1122 876 1207 leguntur.
913 1154 915 1157 ·

284 1223 407 1294 ledea
421 1228 554 1310 permire
575 1227 694 1309 spatii
721 1228 908 1306 brevitas,
930 1229 1046 1296 etiam
1067 1232 1104 1296 iu
1118 1231 1248 1316 fugam

173 1332 373 1398 v-ooorootis
406 1332 658 1411 adversariis,
693 1351 765 1398 non
800 1334 959 1400 multum
992 1335 1037 1400 ad
1067 1353 1249 1404 summam

185 1436 354 1502 victoriae
386 1437 517 1504 iuvare
548 1439 685 1522 potuisse
700 1438 829 1524 dicitur,
865 1458 935 1504 cum
966 1441 1024 1504 hoo
1049 1441 1250 1524 significetur,

177 1543 306 1624 ‚propter
326 1542 420 1625 spatii
441 1544 625 1610 brevitatem
645 1544 746 1626 ipsam
768 1544 930 1611 victoriam
951 1563 1013 1610 uon
1027 1545 1160 1611 multum
1177 1564 1249 1630 pro·

178 1645 317 1712 Inturam
338 1647 444 1714 fuisso.
488 1645 576 1727 Quod
598 1648 680 1714 enim
703 1647 821 1727 obstat,
858 1667 898 1714 ne
922 1650 1006 1715 aliud
1037 1650 1110 1733 quid
1139 1653 1249 1734 prosit,

183 1750 311 1816 ridicule
338 1752 441 1834 ipsum
477 1771 537 1818 non
565 1753 709 1818 adiurare
737 1753 862 1819 dicitur.
908 1755 1047 1830 Accedit,
1069 1757 1187 1823 utnon
1210 1759 1249 1823 de

170 1875 306 1922 summa
333 1857 465 1922 victoriae
497 1857 615 1941 agatur,
650 1857 707 1922 scd
741 1859 780 1924 do
810 1859 945 1926 victoria
971 1861 1073 1926 fructu
1102 1862 1143 1927 ad
1164 1881 1249 1928 sum·

178 1981 275 2038 mam
312 1962 369 2028 boc
405 1964 462 2036 cst,
497 1961 538 2026 ad
573 1980 728 2028 summam
761 1963 808 2030 rei
842 1965 874 2028 et
908 1965 1096 2032 certaminis.
1139 1965 1249 2051 Itaque

168 2066 278 2134 -audeo
301 2067 450 2150 suspicari
482 2066 643 2134 aCaesare
676 2069 825 2151 scriptum
849 2069 960 2136 tuisse:
998 2071 1094 2154 quod
1127 2073 1251 2156 spatii

182 2173 406 2240 brevitate.
432 2221 463 2240 ..
490 2193 562 2240 non
596 2173 757 2238 multum
790 2173 835 2237 ad
867 2193 1050 2248 summam
1080 2177 1250 2240 victoria

181 2265 313 2344 iurare
339 2281 508 2363 poterat,
542 2297 577 2354 eo
611 2279 740 2345 ablativi
770 2297 825 2361 pro
847 2281 1061 2364 praepositione
1087 2286 1248 2364 propter

181 2401 251 2462 usu,
272 2384 392 2467 dequo
414 2383 551 2452 diriGr.
574 2385 644 2450 Lat.
666 2384 688 2467 §1
710 2384 771 2448 256
794 2404 823 2450 n.
846 2385 875 2458 2,
897 2386 996 2468 posito
1019 2387 1196 2469 exemplos
1217 2390 1247 2455 b.
1329 2459 1331 2463 ,

182 2487 262 2554 Gali.
283 2491 329 2569 V,
362 2489 417 2564 34,
448 2489 498 2554 cui
520 2489 645 2573 adiungi
665 2490 767 2572 potest
787 2490 853 2568 ΠΙ,
886 2491 927 2554 29
949 2493 1247 2569 (continuatione

177 2591 370 2676 imbrium)
403 2597 435 2660 ot
457 2595 567 2678 (Hirt.)
589 2595 683 2673 VIII,
723 2595 743 2656 9
766 2595 861 2672 (sive
893 2597 1121 2662 certaminis
1144 2599 1248 2680 peri·

180 2699 263 2764 culo
285 2702 369 2779 cet).
405 2701 552 2784 Corrupto
572 2701 742 2767 victoria
761 2702 874 2766 etcum
898 2718 1081 2765 summam
1104 2702 1246 2781 conflato,

179 2823 218 2870 ne
240 2805 414 2872 subiectum
436 2807 574 2880 deesset,
606 2805 723 2872 factum
745 2807 793 2870 est
814 2805 997 2870 brevitas.
1051 2805 1245 2885 5551555-

178 2909 302 2990 polaudi
329 2911 439 2978 leuitas
462 2913 495 2976 et
514 2911 643 2978 audacia
663 2929 701 2976 no
733 2909 919 2976 incredibilis
940 2911 1097 2986 videatur,
1132 2914 1165 2977 in
1188 2913 1246 2980 hoc

178 3011 244 3098 ipso
267 3017 368 3100 capite
388 3017 592 3084 admonemur
622 3016 747 3100 egregia
767 3016 1020 3082 Forcbhammori
1054 3019 1117 3083 mei
1141 3037 1246 3084 emou-

179 3117 312 3200 dabone,
334 3135 427 3204 quam
447 3123 513 3189 iure
526 3123 707 3188 D'uebueruo
729 3124 852 3188 secutus
876 3124 937 3195 est:
960 3123 1039 3188 vidit
1058 3124 1152 3198 enim,
1175 3144 1245 3190 cnm

169 3241 216 3288 *ex
250 3225 501 3308 impediebam
533 3227 950 3320 reliquae-''munitionis
984 3247 1097 3320 causa
1126 3229 1245 3296 factum

179 3332 365 3414 essetimp.
403 3333 460 3400 rei
491 3353 568 3417 quae
595 3333 823 3401 munitionis
856 3351 994 3412 cause‚-
1012 3332 1153 3398 additum
1175 3353 1244 3400 esse

168 3435 387 3510 admondum
408 3439 509 3522 abque
530 3439 622 3506 modo
644 3437 861 3504 occultandum
892 3437 1036 3516 fiebat,
1052 3439 1104 3502 ut
1123 3439 1155 3502 in
1177 3456 1246 3504 om-

178 3541 268 3608 uibus
289 3543 402 3611 uostris
424 3543 576 3610 codicibus
599 3544 798 3610 scriberetur:
821 3545 983 3627 reiquae
1003 3543 1245 3610 munitionis

177 3647 299 3712 tiebat
321 3665 438 3714 causa
458 3648 648 3722 similiterve‚
663 3648 729 3714 siue
741 3664 845 3716 sensu.
879 3649 1018 3714 OouIcrri
1031 3649 1126 3714 etism
1136 3649 1242 3724 velim,

168 3769 244 3835 ‘quse
276 3753 315 3818 de
347 3754 484 3820 subiecto
506 3758 538 3820 et
559 3755 677 3822 obiecto
697 3773 717 3820 a
737 3753 871 3820 librariis
891 3753 1076 3837 permutatis
1099 3753 1161 3820 dixi
1182 3754 1244 3819 rol.

176 3857 244 3939 Ip.
259 3856 320 3924 585
343 3858 378 3925 ot
395 3859 525 3942 Hauptii
558 3861 590 3924 in
614 3858 736 3928 Souocae
755 3858 859 3926 libello
893 3857 931 3924 de
953 3860 1051 3924 const.
1074 3877 1139 3941 sap.
1163 3877 1188 3922 o.
1212 3857 1244 3935 4,

169 3962 196 4024 3
226 3963 482 4035 emendationem.
