3000 4638
299 332 363 400 302
663 333 724 392 uit.
732 333 809 391 v111.
827 331 891 404 (lep.
903 331 928 390 1.

258 531 411 600 Velleium
433 532 545 600 similis
566 532 599 596 in
623 531 738 615 apertis
759 531 794 596 et
812 530 982 616 perspicuis
1003 533 1104 601 verbis
1128 537 1328 622 transpositio

171 627 174 634 ’
259 639 383 717 muttit
423 643 459 704 ut
484 637 615 716 vitetur,
646 637 726 722 quod
759 637 944 704 vocabulum
974 639 1093 706 bourie
1124 643 1272 710 omissum
1296 647 1329 712 et

259 760 353 829 supra
373 744 523 830 seriptum
555 743 620 808 loeo
651 761 714 810 non
738 761 793 810 suo
813 744 1028 827 interpositum
1050 741 1123 813 est'
1152 745 1219 814 Hoe
1244 749 1328 817 enirn

260 867 363 920 errore
395 867 421 918 o.
447 849 496 931 13,
529 848 550 914 3
582 848 731 934 seriptum
763 851 830 915 erat
860 850 893 915 in
925 849 1045 917 oodiom
1082 853 1184 921 male
1219 855 1331 923 iaota

260 955 508 1042 oollogarum
544 973 657 1040 quam
690 955 775 1022 eius
811 952 912 1038 (eius
944 963 1076 1039 quam>
1099 958 1245 1042 optime
1277 943 1329 1028 ab

259 1061 343 1146 ipso
366 1063 564 1146 cogitata,
595 1059 646 1139 27,
670 1063 686 1125 1
710 1061 768 1127 uir
791 1059 914 1126 enimi
945 1061 1123 1146 bellique
1149 1063 1331 1133 fortissi-

259 1187 340 1234 mus
372 1167 508 1242 (animi
538 1163 788 1233 fortissimus
824 1166 1021 1251 bellique)
1050 1161 1106 1246 38,
1133 1170 1148 1232 1
1173 1171 1330 1239 notavi.

259 1289 342 1340 mua
373 1273 534 1340 facilius
557 1276 599 1338 ut
631 1273 919 1358 quapontibus
949 1274 1013 1352 (ut,
1042 1292 1124 1359 qua
1146 1277 1332 1360 partibus

258 1381 501 1454 notavimus,
523 1375 709 1458 latitius),
744 1379 797 1458 41,
820 1379 856 1443 2:
896 1379 934 1443 et
954 1377 1052 1463 quod
1072 1381 1177 1447 inter
1197 1399 1333 1450 omnes

259 1485 559 1570 antiquissimos
588 1484 793 1551 constabat
824 1483 893 1565 (et,
928 1485 1027 1568 quod
1064 1487 1162 1552 inter
1197 1506 1333 1556 omnes

258 1592 425 1667 oonstat,
460 1590 751 1675 antiquissima,
783 1590 837 1655 nbi
872 1589 925 1655 alii
955 1594 1150 1659 aoeessorunt
1186 1601 1333 1676 errores)s

260 1695 318 1775 57,
350 1695 477 1762 suari
497 1698 542 1763 ab
564 1715 604 1763 eo
626 1713 749 1780 neque
771 1696 950 1781 protinus
971 1696 1069 1762 leoti
1091 1695 1186 1782 (dati
1206 1719 1336 1785 nequa·

260 1803 308 1870 ab
331 1819 372 1868 eo
403 1822 457 1886 pr.
489 1802 536 1879 1.),
566 1800 622 1880 68,
660 1804 864 1869 leonatus
900 1802 938 1866 ot
970 1789 1218 1871 auctoritaie
1250 1825 1334 1877 eos„

261 1907 432 1986 (senatus
454 1910 492 1975 et
513 1905 684 1974 oonsulis
705 1907 971 1985 auctoritato),
993 1907 1052 1975 oet.

360 2012 428 2081 Ibo.
450 2013 506 2087 27,
528 2013 563 2076 22
587 2013 696 2079 euius
721 2012 922 2079 absoisum
944 2013 1173 2096 caputferri
1201 2018 1334 2101 gasto·-

259 2119 368 2202 rique
391 2119 495 2185 eirea
516 2118 713 2185 Praeneste
735 2117 846 2184 Sulla
866 2117 996 2186 iussit.
1039 2119 1167 2186 Frustra
1187 2119 1329 2190 Krituius

259 2227 330 2309 post
351 2225 426 2290 alios
447 2225 545 2290 ferri
567 2226 599 2290 ot
619 2223 768 2309 gestari
789 2221 911 2288 differre
932 2223 1013 2301 vult;
1047 2240 1121 2290 nem
1152 2243 1251 2311 neque
1272 2247 1333 2312 pen

259 2347 292 2396 se
307 2331 393 2417 sesa·
414 2339 513 2415 eaput,
534 2329 619 2396 nulla
640 2327 746 2396 addita
767 2328 836 2405 loci,
854 2329 887 2393 in
909 2347 1010 2413 quem,
1031 2332 1086 2396 aut
1108 2347 1255 2415 persona,
1277 2335 1327 2405 oui

258 2437 385 2514 fartim,
401 2435 633 2522 significatione,
657 2434 1010 2519 aliudestnisigestari‚
1031 2453 1132 2521 neque
1144 2437 1332 2505 inbanni-

258 2545 367 2614 bornnt
388 2543 578 2629 oopulatiouo
607 2537 712 2607 divelli
726 2539 811 2626 ferri
833 2541 872 2606 ab
905 2540 1003 2607 ultam
1026 2544 1137 2627 potest.
1197 2541 1333 2614 Videtur
1447 2533 1449 2536 ’

259 2652 409 2737 seriptum
429 2651 540 2718 fuisse:
553 2649 668 2734 forro
684 2646 772 2732 sipi
793 2646 1017 2732 gestariqne
1041 2667 1067 2714 o.
1089 2647 1125 2716 P.
1137 2649 1164 2732 ¹)

358 2755 425 2824 Ibd.
448 2756 500 2836 31,
523 2755 558 2820 2:
581 2753 661 2834 Quo
684 2751 844 2838 senatus
866 2753 1043 2818 oonsulto
1065 2754 1142 2832 (eod.
1165 2757 1330 2823 sanatus'

259 2867 458 2947 ooo.)paue
476 2860 600 2928 totius
614 2861 806 2925 terrarum
823 2857 928 2923 orbis
942 2857 1148 2942 imperium
1163 2861 1227 2927 uni
1243 2863 1332 2928 viro.

259 2968 524 3042 deferebatun
539 2965 605 3033 sed
624 2966 751 3031 tamon
770 2961 873 3028 idem
887 2962 960 3028 hoo
977 2966 1330 3050 antoseptenuinnu

257 3061 297 3140 tn
319 3073 363 3138 Μ.
386 3074 554 3139 Antonio
590 3071 757 3154 praetore
790 3068 873 3151 (ood.
894 3067 1092 3135 biennium
1113 3071 1155 3136 in
1178 3070 1224 3138 Μ.
1248 3073 1325 3140 An-

258 3177 340 3246 toni
362 3181 546 3263 praetura)
570 3175 773 3242 decretum
796 3175 888 3239 erat.
932 3173 1005 3239 Sed
1023 3173 1217 3242 interdum
1239 3195 1323 3262 per·

258 3300 350 3350 aona
371 3283 412 3347 ut
439 3280 614 3365 exemplo
644 3281 771 3355 nooet,
808 3279 864 3346 ita
894 3277 1081 3346 invidiam
1114 3285 1233 3367 auget
1259 3285 1325 3349 aut

257 3389 379 3455 levat.
422 3385 571 3463 Ridicule,
595 3383 675 3469 quod
694 3383 831 3450 Velleius
857 3385 994 3469 proxima
1015 3386 1171 3470 superiore
1194 3389 1329 3454 senten-2

259 3611 458 3622 ...—

287 3765 308 3836 ¹)
327 3763 358 3822 O.
377 3767 419 3832 26,
439 3769 453 3821 1
472 3761 619 3838 parendum
638 3764 697 3818 erat
714 3761 835 3828 Heinsio,
855 3779 886 3819 ex
904 3761 959 3819 his:
977 3763 1084 3819 animi
1102 3763 1213 3834 magia
1231 3777 1329 3833 (perterrel

329 3859 389 3914 avi
408 3857 548 3928 paterni
566 3853 677 3910 luoienti
703 3869 753 3910 au.
772 3872 808 3912 m.
827 3871 922 3927 quom
948 3856 1017 3912 lati
1045 3855 1190 3927 paterni.
1223 3853 1264 3910 De
1280 3854 1324 3910 iu·

329 3951 409 4020 genio
435 3947 587 4005 moribusve
604 3946 685 4003 Marii
702 3947 755 4003 fllii
777 3963 832 4004 uon
855 3949 954 4018 agitur,
979 3945 1085 4004 attuit
1110 3947 1161 4004 hae
1181 3961 1213 4002 ex
1239 3949 1331 4017 perte

328 4042 434 4098 Velleio
457 4040 559 4105 iudice,
585 4043 661 4112 patre
684 4039 794 4112 (lignus,
825 4041 874 4098 sad
898 4039 1035 4098 fortunam
1058 4039 1156 4096 habuit
1182 4035 1329 4109 latumque-

329 4133 474 4190 int'elioius.
509 4133 609 4188 Fatum
626 4131 715 4188 medio
734 4149 812 4199 seusu
830 4132 938 4201 dieitur,
957 4134 988 4189 ut
1005 4149 1026 4189 o.
1046 4133 1089 4197 52,
1108 4133 1124 4188 1
1143 4129 1278 4188 fatalis.
