<?xml version="1.0" encoding="UTF-8"?>
<!DOCTYPE html PUBLIC "-//W3C//DTD XHTML 1.0 Transitional//EN"
    "http://www.w3.org/TR/xhtml1/DTD/xhtml1-transitional.dtd">
<html xmlns="http://www.w3.org/1999/xhtml" xml:lang="en" lang="en">
 <head>
  <title>
</title>
<meta http-equiv="Content-Type" content="text/html;charset=utf-8" />
  <meta name='ocr-system' content='tesseract 3.04.00' />
  <meta name='ocr-capabilities' content='ocr_page ocr_carea ocr_par ocr_line ocrx_word'/>
</head>
<body>
  <div class='ocr_page' id='page_1' title='image "./adversariacriti03madvgoog/adversariacriti03madvgoog_0343.png"; bbox 0 0 3000 4638; ppageno 0'>
   <div class='ocr_carea' id='block_1_1' title="bbox 298 299 919 374">
    <p class='ocr_par' dir='ltr' id='par_1_1' title="bbox 298 299 919 374">
     <span class='ocr_line' id='line_1_1' title="bbox 298 299 919 374; baseline -0.005 -10"><span class='ocrx_word' id='word_1_1' title='bbox 298 299 362 364; x_wconf 81' lang='grc'><strong>330</strong></span> <span class='ocrx_word' id='word_1_2' title='bbox 654 303 714 360; x_wconf 65' lang='lat' dir='ltr'><strong>Inita</strong></span> <span class='ocrx_word' id='word_1_3' title='bbox 722 303 801 360; x_wconf 83' lang='lat' dir='ltr'><strong>vm.</strong></span> <span class='ocrx_word' id='word_1_4' title='bbox 819 304 884 374; x_wconf 82' lang='lat' dir='ltr'><strong>Gap.</strong></span> <span class='ocrx_word' id='word_1_5' title='bbox 898 305 919 361; x_wconf 92' lang='lat'><strong>1.</strong></span> 
     </span>
    </p>
   </div>
   <div class='ocr_carea' id='block_1_2' title="bbox 248 500 1323 796">
    <p class='ocr_par' dir='ltr' id='par_1_2' title="bbox 248 500 1323 796">
     <span class='ocr_line' id='line_1_2' title="bbox 255 500 1322 598; baseline 0.004 -32"><span class='ocrx_word' id='word_1_6' title='bbox 255 501 495 568; x_wconf 71' lang='lat' dir='ltr'><strong>deformiter</strong></span> <span class='ocrx_word' id='word_1_7' title='bbox 515 501 726 586; x_wconf 73' lang='lat' dir='ltr'><strong>cogeretur.</strong></span> <span class='ocrx_word' id='word_1_8' title='bbox 768 500 839 566; x_wconf 84' lang='lat' dir='ltr'><strong>Non</strong></span> <span class='ocrx_word' id='word_1_9' title='bbox 863 501 1110 598; x_wconf 75' lang='lat' dir='ltr'><strong>alterumutrum</strong></span> <span class='ocrx_word' id='word_1_10' title='bbox 1132 503 1187 570; x_wconf 81' lang='lat' dir='ltr'><strong>aad</strong></span> <span class='ocrx_word' id='word_1_11' title='bbox 1201 505 1322 570; x_wconf 79' lang='lat' dir='ltr'><strong>urrum-</strong></span> 
     </span>
     <span class='ocr_line' id='line_1_3' title="bbox 248 607 1312 690; baseline 0.005 -19"><span class='ocrx_word' id='word_1_12' title='bbox 248 625 318 690; x_wconf 70' lang='lat' dir='ltr'><strong>qne</strong></span> <span class='ocrx_word' id='word_1_13' title='bbox 341 607 442 673; x_wconf 78' lang='lat' dir='ltr'><strong>faeere</strong></span> <span class='ocrx_word' id='word_1_14' title='bbox 463 609 587 674; x_wconf 77' lang='lat' dir='ltr'><strong>mantua</strong></span> <span class='ocrx_word' id='word_1_15' title='bbox 609 607 667 674; x_wconf 80' lang='lat' dir='ltr'><strong>rat.</strong></span> <span class='ocrx_word' id='word_1_16' title='bbox 1306 653 1312 662; x_wconf 82' lang='lat'>‚</span> 
     </span>
     <span class='ocr_line' id='line_1_4' title="bbox 357 711 1323 796; baseline 0.002 -19"><span class='ocrx_word' id='word_1_17' title='bbox 357 711 425 778; x_wconf 77' lang='lat' dir='ltr'><strong>lbi.</strong></span> <span class='ocrx_word' id='word_1_18' title='bbox 448 712 561 778; x_wconf 81' lang='lat' dir='ltr'><strong>Danu.</strong></span> <span class='ocrx_word' id='word_1_19' title='bbox 585 713 601 774; x_wconf 88' lang='grc'>1</span> <span class='ocrx_word' id='word_1_20' title='bbox 626 711 719 780; x_wconf 84' lang='lat' dir='ltr'><strong>aerib.</strong></span> <span class='ocrx_word' id='word_1_21' title='bbox 742 711 812 778; x_wconf 84' lang='lat' dir='ltr'><strong>aad</strong></span> <span class='ocrx_word' id='word_1_22' title='bbox 834 719 866 774; x_wconf 78' lang='lat' dir='ltr'><strong>er</strong></span> <span class='ocrx_word' id='word_1_23' title='bbox 887 711 1035 796; x_wconf 83' lang='lat' dir='ltr'>alioqui</span> <span class='ocrx_word' id='word_1_24' title='bbox 1057 712 1115 778; x_wconf 83' lang='lat' dir='ltr'><strong>vir</strong></span> <span class='ocrx_word' id='word_1_25' title='bbox 1136 711 1323 780; x_wconf 76' lang='lat' dir='ltr'><strong>sinceris-</strong></span> 
     </span>
    </p>
   </div>
   <div class='ocr_carea' id='block_1_3' title="bbox 169 817 1324 2482">
    <p class='ocr_par' dir='ltr' id='par_1_3' title="bbox 169 817 1323 1005">
     <span class='ocr_line' id='line_1_5' title="bbox 257 817 1323 900; baseline 0.004 -18"><span class='ocrx_word' id='word_1_26' title='bbox 257 817 366 882; x_wconf 74' lang='lat' dir='ltr'><strong>eima</strong></span> <span class='ocrx_word' id='word_1_27' title='bbox 386 817 475 882; x_wconf 80' lang='lat' dir='ltr'><strong>vita</strong></span> <span class='ocrx_word' id='word_1_28' title='bbox 497 818 536 880; x_wconf 90' lang='lat' dir='ltr'><strong>et</strong></span> <span class='ocrx_word' id='word_1_29' title='bbox 559 817 698 882; x_wconf 77' lang='lat' dir='ltr'><strong>abhuc</strong></span> <span class='ocrx_word' id='word_1_30' title='bbox 729 817 952 898; x_wconf 73' lang='lat' dir='ltr'><strong>suspicione</strong></span> <span class='ocrx_word' id='word_1_31' title='bbox 980 819 1117 900; x_wconf 79' lang='lat' dir='ltr'><strong>prorui</strong></span> <span class='ocrx_word' id='word_1_32' title='bbox 1136 820 1323 887; x_wconf 73' lang='lat' dir='ltr'><strong>remotae.</strong></span> 
     </span>
     <span class='ocr_line' id='line_1_6' title="bbox 169 921 743 1005; baseline -0.007 -19"><span class='ocrx_word' id='word_1_33' title='bbox 169 929 172 934; x_wconf 86' lang='lat'>&#39;</span> <span class='ocrx_word' id='word_1_34' title='bbox 255 921 357 1005; x_wconf 76' lang='lat' dir='ltr'><strong>Vulgo</strong></span> <span class='ocrx_word' id='word_1_35' title='bbox 378 921 467 988; x_wconf 82' lang='lat' dir='ltr'><strong>abeat</strong></span> <span class='ocrx_word' id='word_1_36' title='bbox 489 922 526 986; x_wconf 86' lang='lat' dir='ltr'><strong>at</strong></span> <span class='ocrx_word' id='word_1_37' title='bbox 546 921 645 1005; x_wconf 87' lang='lat' dir='ltr'><strong>priore</strong></span> <span class='ocrx_word' id='word_1_38' title='bbox 666 922 743 988; x_wconf 81' lang='lat' dir='ltr'><strong>loeo.</strong></span> 
     </span>
    </p>

    <p class='ocr_par' dir='ltr' id='par_1_4' title="bbox 255 1027 1323 1427">
     <span class='ocr_line' id='line_1_7' title="bbox 356 1027 1322 1110; baseline 0.002 -18"><span class='ocrx_word' id='word_1_39' title='bbox 356 1027 424 1092; x_wconf 83' lang='lat' dir='ltr'><strong>Ibd.</strong></span> <span class='ocrx_word' id='word_1_40' title='bbox 448 1027 541 1093; x_wconf 86' lang='lat' dir='ltr'><strong>Amb.</strong></span> <span class='ocrx_word' id='word_1_41' title='bbox 574 1027 725 1093; x_wconf 80' lang='lat' dir='ltr'><strong>2eerib.:</strong></span> <span class='ocrx_word' id='word_1_42' title='bbox 757 1027 849 1110; x_wconf 87' lang='lat' dir='ltr'><strong>qnia</strong></span> <span class='ocrx_word' id='word_1_43' title='bbox 879 1027 970 1108; x_wconf 76' lang='lat' dir='ltr'><strong>ipsa</strong></span> <span class='ocrx_word' id='word_1_44' title='bbox 999 1045 1121 1109; x_wconf 84' lang='lat' dir='ltr'><strong>neque</strong></span> <span class='ocrx_word' id='word_1_45' title='bbox 1151 1029 1322 1094; x_wconf 76' lang='lat' dir='ltr'><strong>liberare</strong></span> 
     </span>
     <span class='ocr_line' id='line_1_8' title="bbox 256 1130 1323 1216; baseline 0.002 -22"><span class='ocrx_word' id='word_1_46' title='bbox 256 1130 401 1197; x_wconf 83' lang='lat' dir='ltr'><strong>duabus</strong></span> <span class='ocrx_word' id='word_1_47' title='bbox 424 1132 591 1198; x_wconf 82' lang='lat' dir='ltr'><strong>caedibus</strong></span> <span class='ocrx_word' id='word_1_48' title='bbox 613 1133 922 1198; x_wconf 73' lang='lat' dir='ltr'><strong>contaminatam</strong></span> <span class='ocrx_word' id='word_1_49' title='bbox 951 1149 1071 1214; x_wconf 83' lang='lat' dir='ltr'><strong>neque</strong></span> <span class='ocrx_word' id='word_1_50' title='bbox 1092 1135 1226 1216; x_wconf 85' lang='lat' dir='ltr'><strong>punire</strong></span> <span class='ocrx_word' id='word_1_51' title='bbox 1248 1143 1323 1198; x_wconf 84' lang='lat' dir='ltr'><strong>tam</strong></span> 
     </span>
     <span class='ocr_line' id='line_1_9' title="bbox 256 1237 1322 1322; baseline 0.004 -21"><span class='ocrx_word' id='word_1_52' title='bbox 256 1237 361 1322; x_wconf 81' lang='lat' dir='ltr'><strong>(vulga</strong></span> <span class='ocrx_word' id='word_1_53' title='bbox 397 1245 490 1315; x_wconf 87' lang='lat' dir='ltr'><strong>aam)</strong></span> <span class='ocrx_word' id='word_1_54' title='bbox 528 1238 797 1305; x_wconf 77' lang='lat' dir='ltr'><strong>iusto-dolore</strong></span> <span class='ocrx_word' id='word_1_55' title='bbox 843 1237 1049 1319; x_wconf 74' lang='lat' dir='ltr'><strong>impulsam</strong></span> <span class='ocrx_word' id='word_1_56' title='bbox 1091 1238 1322 1306; x_wconf 80' lang='lat' dir='ltr'><strong>sustinebat.</strong></span> 
     </span>
     <span class='ocr_line' id='line_1_10' title="bbox 255 1342 1319 1427; baseline 0.004 -21"><span class='ocrx_word' id='word_1_57' title='bbox 255 1342 411 1427; x_wconf 75' lang='lat' dir='ltr'><strong>[Turrem]</strong></span> <span class='ocrx_word' id='word_1_58' title='bbox 1315 1365 1319 1372; x_wconf 87' lang='grc'>·</span> 
     </span>
    </p>

    <p class='ocr_par' dir='ltr' id='par_1_5' title="bbox 176 1447 1324 2371">
     <span class='ocr_line' id='line_1_11' title="bbox 355 1447 1323 1528; baseline 0.004 -16"><span class='ocrx_word' id='word_1_59' title='bbox 355 1447 424 1514; x_wconf 86' lang='lat' dir='ltr'><strong>Ibd.</strong></span> <span class='ocrx_word' id='word_1_60' title='bbox 445 1449 475 1526; x_wconf 83' lang='lat'><strong>2,</strong></span> <span class='ocrx_word' id='word_1_61' title='bbox 499 1447 537 1512; x_wconf 76' lang='lat'><strong>2:</strong></span> <span class='ocrx_word' id='word_1_62' title='bbox 585 1447 690 1528; x_wconf 78' lang='lat' dir='ltr'><strong>Quod</strong></span> <span class='ocrx_word' id='word_1_63' title='bbox 727 1449 761 1514; x_wconf 83' lang='lat' dir='ltr'><strong>ai</strong></span> <span class='ocrx_word' id='word_1_64' title='bbox 791 1447 924 1512; x_wconf 86' lang='lat' dir='ltr'><strong>eadem</strong></span> <span class='ocrx_word' id='word_1_65' title='bbox 948 1447 1117 1513; x_wconf 80' lang='lat' dir='ltr'><strong>formula</strong></span> <span class='ocrx_word' id='word_1_66' title='bbox 1143 1448 1264 1515; x_wconf 81' lang='lat' dir='ltr'><strong>Varro</strong></span> <span class='ocrx_word' id='word_1_67' title='bbox 1285 1453 1323 1516; x_wconf 85' lang='lat' dir='ltr'><strong>nt</strong></span> 
     </span>
     <span class='ocr_line' id='line_1_12' title="bbox 257 1551 1323 1636; baseline 0.006 -21"><span class='ocrx_word' id='word_1_68' title='bbox 257 1551 434 1619; x_wconf 83' lang='lat' dir='ltr'><strong>damnari</strong></span> <span class='ocrx_word' id='word_1_69' title='bbox 476 1554 514 1618; x_wconf 85' lang='lat' dir='ltr'><strong>et</strong></span> <span class='ocrx_word' id='word_1_70' title='bbox 544 1553 774 1620; x_wconf 80' lang='lat' dir='ltr'><strong>adversaria</strong></span> <span class='ocrx_word' id='word_1_71' title='bbox 807 1552 955 1620; x_wconf 84' lang='lat' dir='ltr'><strong>absolvi</strong></span> <span class='ocrx_word' id='word_1_72' title='bbox 990 1553 1204 1636; x_wconf 70' lang='lat' dir='ltr'><strong>potuisset,</strong></span> <span class='ocrx_word' id='word_1_73' title='bbox 1242 1556 1323 1621; x_wconf 81' lang='lat' dir='ltr'><strong>eiua</strong></span> 
     </span>
     <span class='ocr_line' id='line_1_13' title="bbox 176 1637 1322 1742; baseline 0.003 -20"><span class='ocrx_word' id='word_1_74' title='bbox 176 1637 183 1668; x_wconf 79' lang='lat'><em>¹</em></span> <span class='ocrx_word' id='word_1_75' title='bbox 256 1645 409 1740; x_wconf 82' lang='lat' dir='ltr'><strong>quoque</strong></span> <span class='ocrx_word' id='word_1_76' title='bbox 443 1677 516 1725; x_wconf 83' lang='lat' dir='ltr'><strong>non</strong></span> <span class='ocrx_word' id='word_1_77' title='bbox 543 1659 680 1724; x_wconf 83' lang='lat' dir='ltr'><strong>dubito</strong></span> <span class='ocrx_word' id='word_1_78' title='bbox 698 1657 787 1742; x_wconf 84' lang='lat' dir='ltr'><strong>qnia</strong></span> <span class='ocrx_word' id='word_1_79' title='bbox 818 1661 968 1741; x_wconf 79' lang='lat' dir='ltr'><strong>turpem</strong></span> <span class='ocrx_word' id='word_1_80' title='bbox 992 1661 1029 1724; x_wconf 90' lang='lat' dir='ltr'><strong>et</strong></span> <span class='ocrx_word' id='word_1_81' title='bbox 1052 1660 1322 1728; x_wconf 82' lang='lat' dir='ltr'><strong>innonaeseum</strong></span> 
     </span>
     <span class='ocr_line' id='line_1_14' title="bbox 255 1764 1324 1848; baseline 0.003 -18"><span class='ocrx_word' id='word_1_82' title='bbox 255 1781 427 1830; x_wconf 85' lang='lat' dir='ltr'><strong>errorem</strong></span> <span class='ocrx_word' id='word_1_83' title='bbox 461 1764 640 1831; x_wconf 77' lang='lat' dir='ltr'><strong>libenter</strong></span> <span class='ocrx_word' id='word_1_84' title='bbox 683 1764 956 1848; x_wconf 77' lang='lat' dir='ltr'><strong>castigaturus</strong></span> <span class='ocrx_word' id='word_1_85' title='bbox 997 1765 1128 1830; x_wconf 83' lang='lat' dir='ltr'><strong>fuerit.</strong></span> <span class='ocrx_word' id='word_1_86' title='bbox 1194 1767 1324 1832; x_wconf 74' lang='lat' dir='ltr'><strong>Tollrmt</strong></span> 
     </span>
     <span class='ocr_line' id='line_1_15' title="bbox 255 1868 1324 1953; baseline 0.006 -21"><span class='ocrx_word' id='word_1_87' title='bbox 255 1868 497 1947; x_wconf 76' lang='lat' dir='ltr'><strong>adversaria,</strong></span> <span class='ocrx_word' id='word_1_88' title='bbox 520 1869 602 1952; x_wconf 84' lang='lat' dir='ltr'><strong>quod</strong></span> <span class='ocrx_word' id='word_1_89' title='bbox 622 1888 713 1934; x_wconf 83' lang='lat' dir='ltr'><strong>nemo</strong></span> <span class='ocrx_word' id='word_1_90' title='bbox 736 1869 850 1937; x_wconf 78' lang='lat' dir='ltr'><strong>audere</strong></span> <span class='ocrx_word' id='word_1_91' title='bbox 870 1871 980 1953; x_wconf 86' lang='lat' dir='ltr'><strong>potuit.</strong></span> <span class='ocrx_word' id='word_1_92' title='bbox 1032 1871 1252 1938; x_wconf 83' lang='lat' dir='ltr'><strong>Seribendum:</strong></span> <span class='ocrx_word' id='word_1_93' title='bbox 1286 1877 1324 1938; x_wconf 85' lang='lat' dir='ltr'><strong>n&#39;t</strong></span> 
     </span>
     <span class='ocr_line' id='line_1_16' title="bbox 254 1973 1324 2054; baseline 0.007 -16"><span class='ocrx_word' id='word_1_94' title='bbox 254 1973 509 2048; x_wconf 68' lang='lat' dir='ltr'><strong>damnarint</strong></span> <span class='ocrx_word' id='word_1_95' title='bbox 540 1975 585 2038; x_wconf 86' lang='lat' dir='ltr'><strong>ab</strong></span> <span class='ocrx_word' id='word_1_96' title='bbox 619 1975 847 2042; x_wconf 83' lang='lat' dir='ltr'><strong>adversaria</strong></span> <span class='ocrx_word' id='word_1_97' title='bbox 882 1976 1051 2054; x_wconf 64' lang='lat' dir='ltr'><strong>absolviq</strong></span> <span class='ocrx_word' id='word_1_98' title='bbox 1088 1977 1147 2042; x_wconf 83' lang='lat' dir='ltr'><strong>hoa</strong></span> <span class='ocrx_word' id='word_1_99' title='bbox 1179 1979 1244 2054; x_wconf 83' lang='lat' dir='ltr'><strong>aet,</strong></span> <span class='ocrx_word' id='word_1_100' title='bbox 1283 1980 1324 2046; x_wconf 70' lang='lat' dir='ltr'><strong>ab</strong></span> 
     </span>
     <span class='ocr_line' id='line_1_17' title="bbox 255 2079 1322 2164; baseline 0.001 -20"><span class='ocrx_word' id='word_1_101' title='bbox 255 2079 323 2145; x_wconf 83' lang='lat' dir='ltr'><strong>aius</strong></span> <span class='ocrx_word' id='word_1_102' title='bbox 355 2081 515 2162; x_wconf 81' lang='lat' dir='ltr'><strong>petitione,</strong></span> <span class='ocrx_word' id='word_1_103' title='bbox 549 2083 587 2145; x_wconf 88' lang='lat' dir='ltr'><strong>ut</strong></span> <span class='ocrx_word' id='word_1_104' title='bbox 621 2081 701 2162; x_wconf 83' lang='lat' dir='ltr'><strong>apud</strong></span> <span class='ocrx_word' id='word_1_105' title='bbox 734 2081 913 2148; x_wconf 77' lang='lat' dir='ltr'><strong>(tiemonem</strong></span> <span class='ocrx_word' id='word_1_106' title='bbox 941 2101 996 2164; x_wconf 86' lang='lat' dir='ltr'><strong>pro</strong></span> <span class='ocrx_word' id='word_1_107' title='bbox 1029 2083 1120 2147; x_wconf 77' lang='lat' dir='ltr'><strong>Rana.</strong></span> <span class='ocrx_word' id='word_1_108' title='bbox 1152 2081 1240 2148; x_wconf 79' lang='lat' dir='ltr'><strong>Gom.</strong></span> <span class='ocrx_word' id='word_1_109' title='bbox 1271 2083 1322 2161; x_wconf 78' lang='lat'><strong>36,</strong></span> 
     </span>
     <span class='ocr_line' id='line_1_18' title="bbox 257 2173 1321 2272; baseline 0.004 -20"><span class='ocrx_word' id='word_1_110' title='bbox 257 2185 362 2252; x_wconf 75' lang='lat' dir='ltr'><strong>Senon.</strong></span> <span class='ocrx_word' id='word_1_111' title='bbox 385 2173 434 2270; x_wconf 70' lang='lat' dir='ltr'><strong>ap.</strong></span> <span class='ocrx_word' id='word_1_112' title='bbox 455 2186 505 2264; x_wconf 76' lang='grc'><strong>81,</strong></span> <span class='ocrx_word' id='word_1_113' title='bbox 528 2187 558 2248; x_wconf 89' lang='grc'><strong>4.</strong></span> <span class='ocrx_word' id='word_1_114' title='bbox 602 2187 663 2252; x_wconf 89' lang='lat' dir='ltr'><strong>Pro</strong></span> <span class='ocrx_word' id='word_1_115' title='bbox 685 2205 854 2254; x_wconf 87' lang='lat' dir='ltr'><strong>errorem</strong></span> <span class='ocrx_word' id='word_1_116' title='bbox 875 2187 1101 2254; x_wconf 74' lang='lat' dir='ltr'><strong>reattuendum</strong></span> <span class='ocrx_word' id='word_1_117' title='bbox 1116 2191 1321 2272; x_wconf 71' lang='lat' dir='ltr'><strong>servorem.</strong></span> 
     </span>
     <span class='ocr_line' id='line_1_19' title="bbox 259 2291 1290 2371; baseline -0.004 -15"><span class='ocrx_word' id='word_1_118' title='bbox 259 2291 414 2368; x_wconf 85' lang='lat' dir='ltr'><strong>(Halmius</strong></span> <span class='ocrx_word' id='word_1_119' title='bbox 437 2299 622 2371; x_wconf 79' lang='lat' dir='ltr'><strong>amorem.)</strong></span> <span class='ocrx_word' id='word_1_120' title='bbox 654 2293 658 2301; x_wconf 85' lang='grc'><em>“</em></span> <span class='ocrx_word' id='word_1_121' title='bbox 1209 2351 1212 2356; x_wconf 82' lang='grc'><strong>,</strong></span> <span class='ocrx_word' id='word_1_122' title='bbox 1287 2342 1290 2352; x_wconf 90' lang='grc'><em>.</em></span> 
     </span>
    </p>

    <p class='ocr_par' dir='ltr' id='par_1_6' title="bbox 358 2397 1324 2482">
     <span class='ocr_line' id='line_1_20' title="bbox 358 2397 1324 2482; baseline 0.002 -19"><span class='ocrx_word' id='word_1_123' title='bbox 358 2397 424 2465; x_wconf 86' lang='lat' dir='ltr'><strong>Ibd.</strong></span> <span class='ocrx_word' id='word_1_124' title='bbox 448 2400 466 2461; x_wconf 80' lang='lat'>7</span> <span class='ocrx_word' id='word_1_125' title='bbox 478 2419 620 2482; x_wconf 74' lang='lat' dir='ltr'><strong>procum:</strong></span> <span class='ocrx_word' id='word_1_126' title='bbox 641 2418 723 2482; x_wconf 86' lang='lat' dir='ltr'><strong>qnae</strong></span> <span class='ocrx_word' id='word_1_127' title='bbox 746 2398 922 2482; x_wconf 76' lang='lat' dir='ltr'><strong>(industria)</strong></span> <span class='ocrx_word' id='word_1_128' title='bbox 938 2417 1019 2464; x_wconf 81' lang='lat' dir='ltr'><strong>num</strong></span> <span class='ocrx_word' id='word_1_129' title='bbox 1041 2398 1094 2464; x_wconf 81' lang='lat' dir='ltr'><strong>ait</strong></span> <span class='ocrx_word' id='word_1_130' title='bbox 1113 2398 1324 2480; x_wconf 80' lang='lat' dir='ltr'><strong>perfectia-</strong></span> 
     </span>
    </p>
   </div>
   <div class='ocr_carea' id='block_1_4' title="bbox 253 2502 1461 2692">
    <p class='ocr_par' dir='ltr' id='par_1_7' title="bbox 253 2502 1461 2692">
     <span class='ocr_line' id='line_1_21' title="bbox 253 2502 1461 2590; baseline 0.002 -22"><span class='ocrx_word' id='word_1_131' title='bbox 253 2502 515 2580; x_wconf 82' lang='lat' dir='ltr'><strong>·aimarirtue,</strong></span> <span class='ocrx_word' id='word_1_132' title='bbox 538 2505 767 2572; x_wconf 83' lang='lat' dir='ltr'><strong>duramento</strong></span> <span class='ocrx_word' id='word_1_133' title='bbox 797 2505 856 2570; x_wconf 82' lang='lat' dir='ltr'><strong>uui</strong></span> <span class='ocrx_word' id='word_1_134' title='bbox 888 2504 1112 2570; x_wconf 77' lang='lat' dir='ltr'><strong>confirmat·</strong></span> <span class='ocrx_word' id='word_1_135' title='bbox 1161 2503 1325 2590; x_wconf 81' lang='lat' dir='ltr'><strong>Oarriguut</strong></span> <span class='ocrx_word' id='word_1_136' title='bbox 1396 2513 1399 2520; x_wconf 74' lang='grc'><strong>“</strong></span> <span class='ocrx_word' id='word_1_137' title='bbox 1456 2543 1461 2552; x_wconf 93' lang='lat'><strong>·</strong></span> 
     </span>
     <span class='ocr_line' id='line_1_22' title="bbox 258 2608 1457 2692; baseline 0.006 -20"><span class='ocrx_word' id='word_1_138' title='bbox 258 2610 529 2680; x_wconf 79' lang='lat' dir='ltr'><strong>confirmatur.</strong></span> <span class='ocrx_word' id='word_1_139' title='bbox 590 2610 652 2678; x_wconf 84' lang='lat' dir='ltr'><strong>Sed</strong></span> <span class='ocrx_word' id='word_1_140' title='bbox 671 2628 773 2692; x_wconf 84' lang='lat' dir='ltr'><strong>neque</strong></span> <span class='ocrx_word' id='word_1_141' title='bbox 797 2608 951 2674; x_wconf 80' lang='lat' dir='ltr'><strong>industria</strong></span> <span class='ocrx_word' id='word_1_142' title='bbox 980 2609 1205 2690; x_wconf 70' lang='lat' dir='ltr'><strong>perfectissima</strong></span> <span class='ocrx_word' id='word_1_143' title='bbox 1224 2611 1323 2678; x_wconf 80' lang='lat' dir='ltr'><strong>uirtus</strong></span> <span class='ocrx_word' id='word_1_144' title='bbox 1455 2615 1457 2622; x_wconf 88' lang='grc'><strong>’</strong></span> 
     </span>
    </p>
   </div>
   <div class='ocr_carea' id='block_1_5' title="bbox 220 2713 1326 4057">
    <p class='ocr_par' dir='ltr' id='par_1_8' title="bbox 220 2713 1324 3116">
     <span class='ocr_line' id='line_1_23' title="bbox 258 2713 1324 2800; baseline 0.004 -20"><span class='ocrx_word' id='word_1_145' title='bbox 258 2715 407 2798; x_wconf 85' lang='lat' dir='ltr'><strong>appellari</strong></span> <span class='ocrx_word' id='word_1_146' title='bbox 436 2736 457 2784; x_wconf 90' lang='lat' dir='ltr'><strong>a</strong></span> <span class='ocrx_word' id='word_1_147' title='bbox 479 2717 602 2784; x_wconf 77' lang='lat' dir='ltr'><strong>vaiano</strong></span> <span class='ocrx_word' id='word_1_148' title='bbox 631 2715 740 2800; x_wconf 72' lang='lat' dir='ltr'><strong>potiit,</strong></span> <span class='ocrx_word' id='word_1_149' title='bbox 762 2725 861 2798; x_wconf 84' lang='lat' dir='ltr'><strong>nequa</strong></span> <span class='ocrx_word' id='word_1_150' title='bbox 892 2713 1024 2780; x_wconf 68' lang='lat' dir='ltr'><strong>earnalis</strong></span> <span class='ocrx_word' id='word_1_151' title='bbox 1046 2715 1231 2799; x_wconf 79' lang='lat' dir='ltr'><strong>significatio</strong></span> <span class='ocrx_word' id='word_1_152' title='bbox 1251 2719 1324 2800; x_wconf 83' lang='lat' dir='ltr'><strong>apta</strong></span> 
     </span>
     <span class='ocr_line' id='line_1_24' title="bbox 254 2819 1324 2905; baseline 0.004 -21"><span class='ocrx_word' id='word_1_153' title='bbox 254 2823 316 2886; x_wconf 82' lang='lat' dir='ltr'><strong>ast.</strong></span> <span class='ocrx_word' id='word_1_154' title='bbox 358 2821 559 2888; x_wconf 72' lang='lat' dir='ltr'><strong>scribendum</strong></span> <span class='ocrx_word' id='word_1_155' title='bbox 587 2824 675 2905; x_wconf 82' lang='lat' dir='ltr'><strong>pute:</strong></span> <span class='ocrx_word' id='word_1_156' title='bbox 708 2841 807 2904; x_wconf 84' lang='lat' dir='ltr'><strong>quae,</strong></span> <span class='ocrx_word' id='word_1_157' title='bbox 837 2830 916 2904; x_wconf 77' lang='lat' dir='ltr'><strong>&#39;qao</strong></span> <span class='ocrx_word' id='word_1_158' title='bbox 936 2820 989 2886; x_wconf 83' lang='lat' dir='ltr'><strong>sit</strong></span> <span class='ocrx_word' id='word_1_159' title='bbox 1023 2819 1324 2902; x_wconf 74' lang='lat' dir='ltr'><strong>patientissima</strong></span> 
     </span>
     <span class='ocr_line' id='line_1_25' title="bbox 257 2925 1323 3014; baseline 0.002 -23"><span class='ocrx_word' id='word_1_160' title='bbox 257 2927 398 3006; x_wconf 77' lang='lat' dir='ltr'><strong>uirtus,</strong></span> <span class='ocrx_word' id='word_1_161' title='bbox 432 2927 659 3014; x_wconf 79' lang='lat' dir='ltr'><strong>duramento</strong></span> <span class='ocrx_word' id='word_1_162' title='bbox 698 2927 760 2996; x_wconf 86' lang='lat' dir='ltr'><strong>aui</strong></span> <span class='ocrx_word' id='word_1_163' title='bbox 794 2925 1012 2993; x_wconf 81' lang='lat' dir='ltr'><strong>confirmat.</strong></span> <span class='ocrx_word' id='word_1_164' title='bbox 1067 2926 1223 2993; x_wconf 75' lang='lat' dir='ltr'><strong>Industria</strong></span> <span class='ocrx_word' id='word_1_165' title='bbox 1257 2927 1323 2993; x_wconf 78' lang='lat' dir='ltr'><strong>vir-</strong></span> 
     </span>
     <span class='ocr_line' id='line_1_26' title="bbox 220 3031 1315 3116; baseline 0.004 -22"><span class='ocrx_word' id='word_1_166' title='bbox 220 3107 223 3111; x_wconf 38' lang='grc'>,</span> <span class='ocrx_word' id='word_1_167' title='bbox 259 3032 358 3096; x_wconf 84' lang='lat' dir='ltr'><strong>tutam</strong></span> <span class='ocrx_word' id='word_1_168' title='bbox 382 3032 475 3098; x_wconf 84' lang='lat' dir='ltr'><strong>durat</strong></span> <span class='ocrx_word' id='word_1_169' title='bbox 496 3032 800 3116; x_wconf 67' lang='lat' dir='ltr'><strong>aromatumque</strong></span> <span class='ocrx_word' id='word_1_170' title='bbox 823 3031 1050 3116; x_wconf 69' lang='lat' dir='ltr'><strong>perfectissima</strong></span> <span class='ocrx_word' id='word_1_171' title='bbox 1071 3032 1121 3098; x_wconf 83' lang='lat' dir='ltr'><strong>ait.</strong></span> <span class='ocrx_word' id='word_1_172' title='bbox 1199 3052 1203 3061; x_wconf 86' lang='grc'>’</span> <span class='ocrx_word' id='word_1_173' title='bbox 1312 3063 1315 3071; x_wconf 89' lang='grc'><strong><em>·</em></strong></span> 
     </span>
    </p>

    <p class='ocr_par' dir='ltr' id='par_1_9' title="bbox 255 3137 1326 4057">
     <span class='ocr_line' id='line_1_27' title="bbox 358 3137 1323 3217; baseline 0.004 -16"><span class='ocrx_word' id='word_1_174' title='bbox 358 3137 424 3201; x_wconf 84' lang='lat' dir='ltr'><strong>lbd.</strong></span> <span class='ocrx_word' id='word_1_175' title='bbox 447 3137 480 3202; x_wconf 88' lang='lat'><strong>3:</strong></span> <span class='ocrx_word' id='word_1_176' title='bbox 510 3139 722 3204; x_wconf 35' lang='lat' dir='ltr'><strong>*Terentius</strong></span> <span class='ocrx_word' id='word_1_177' title='bbox 737 3139 867 3203; x_wconf 83' lang='lat' dir='ltr'><strong>autam</strong></span> <span class='ocrx_word' id='word_1_178' title='bbox 888 3139 1024 3217; x_wconf 84' lang='lat' dir='ltr'><strong>Varro,</strong></span> <span class='ocrx_word' id='word_1_179' title='bbox 1045 3139 1215 3204; x_wconf 86' lang='lat' dir='ltr'><strong>humanae</strong></span> <span class='ocrx_word' id='word_1_180' title='bbox 1236 3140 1323 3206; x_wconf 73' lang='lat' dir='ltr'><strong>vite</strong></span> 
     </span>
     <span class='ocr_line' id='line_1_28' title="bbox 255 3243 1322 3329; baseline 0.004 -22"><span class='ocrx_word' id='word_1_181' title='bbox 255 3245 435 3325; x_wconf 84' lang='lat' dir='ltr'><strong>exemplu</strong></span> <span class='ocrx_word' id='word_1_182' title='bbox 458 3246 499 3308; x_wconf 83' lang='lat' dir='ltr'><strong>et</strong></span> <span class='ocrx_word' id='word_1_183' title='bbox 520 3243 651 3327; x_wconf 82' lang='lat' dir='ltr'><strong>spatio</strong></span> <span class='ocrx_word' id='word_1_184' title='bbox 678 3243 948 3322; x_wconf 79' lang='lat' dir='ltr'><strong>nominandus,</strong></span> <span class='ocrx_word' id='word_1_185' title='bbox 981 3245 1199 3324; x_wconf 76' lang='lat' dir='ltr'><strong>nonnanis,</strong></span> <span class='ocrx_word' id='word_1_186' title='bbox 1236 3246 1322 3329; x_wconf 87' lang='lat' dir='ltr'><strong>qni-</strong></span> 
     </span>
     <span class='ocr_line' id='line_1_29' title="bbox 257 3348 1325 3433; baseline 0.004 -21"><span class='ocrx_word' id='word_1_187' title='bbox 257 3349 326 3412; x_wconf 83' lang='lat' dir='ltr'><strong>bua</strong></span> <span class='ocrx_word' id='word_1_188' title='bbox 348 3348 481 3414; x_wconf 82' lang='lat' dir='ltr'><strong>saeeuli</strong></span> <span class='ocrx_word' id='word_1_189' title='bbox 501 3349 654 3432; x_wconf 82' lang='lat' dir='ltr'><strong>tempus</strong></span> <span class='ocrx_word' id='word_1_190' title='bbox 685 3349 869 3433; x_wconf 78' lang='lat' dir='ltr'><strong>aequavit,</strong></span> <span class='ocrx_word' id='word_1_191' title='bbox 901 3367 1010 3432; x_wconf 89' lang='lat' dir='ltr'><strong>quam</strong></span> <span class='ocrx_word' id='word_1_192' title='bbox 1034 3349 1130 3416; x_wconf 83' lang='lat' dir='ltr'><strong>stilo</strong></span> <span class='ocrx_word' id='word_1_193' title='bbox 1150 3351 1325 3418; x_wconf 80' lang='lat' dir='ltr'><strong>vivacior</strong></span> 
     </span>
     <span class='ocr_line' id='line_1_30' title="bbox 257 3453 1324 3534; baseline 0.005 -18"><span class='ocrx_word' id='word_1_194' title='bbox 257 3453 340 3518; x_wconf 88' lang='lat' dir='ltr'><strong>fuit.</strong></span> <span class='ocrx_word' id='word_1_195' title='bbox 399 3455 608 3522; x_wconf 83' lang='lat' dir='ltr'><strong>Gemndivum</strong></span> <span class='ocrx_word' id='word_1_196' title='bbox 633 3455 914 3534; x_wconf 84' lang='lat' dir='ltr'><strong>(nominandus)</strong></span> <span class='ocrx_word' id='word_1_197' title='bbox 945 3455 1062 3520; x_wconf 84' lang='lat' dir='ltr'><strong>nullam</strong></span> <span class='ocrx_word' id='word_1_198' title='bbox 1085 3458 1207 3522; x_wconf 86' lang='lat' dir='ltr'><strong>omnino</strong></span> <span class='ocrx_word' id='word_1_199' title='bbox 1232 3458 1324 3523; x_wconf 83' lang='lat' dir='ltr'><strong>habet</strong></span> 
     </span>
     <span class='ocr_line' id='line_1_31' title="bbox 256 3559 1322 3647; baseline 0.005 -25"><span class='ocrx_word' id='word_1_200' title='bbox 256 3559 485 3640; x_wconf 71' lang='lat' dir='ltr'><strong>auctoritatem,</strong></span> <span class='ocrx_word' id='word_1_201' title='bbox 522 3562 566 3626; x_wconf 68' lang='lat' dir='ltr'><strong>in⁴</strong></span> <span class='ocrx_word' id='word_1_202' title='bbox 591 3561 617 3626; x_wconf 88' lang='lat' dir='ltr'>B</span> <span class='ocrx_word' id='word_1_203' title='bbox 649 3563 680 3626; x_wconf 89' lang='lat' dir='ltr'><strong>in</strong></span> <span class='ocrx_word' id='word_1_204' title='bbox 717 3562 856 3647; x_wconf 77' lang='lat' dir='ltr'><strong>margine</strong></span> <span class='ocrx_word' id='word_1_205' title='bbox 884 3559 1016 3628; x_wconf 77' lang='lat' dir='ltr'><strong>secunda</strong></span> <span class='ocrx_word' id='word_1_206' title='bbox 1045 3578 1138 3628; x_wconf 90' lang='lat' dir='ltr'><strong>manu</strong></span> <span class='ocrx_word' id='word_1_207' title='bbox 1167 3559 1322 3638; x_wconf 64' lang='lat' dir='ltr'><strong>additum</strong></span> 
     </span>
     <span class='ocr_line' id='line_1_32' title="bbox 258 3666 1324 3754; baseline 0.007 -27"><span class='ocrx_word' id='word_1_208' title='bbox 258 3683 315 3729; x_wconf 82' lang='lat' dir='ltr'><strong>neu</strong></span> <span class='ocrx_word' id='word_1_209' title='bbox 349 3667 518 3750; x_wconf 88' lang='lat' dir='ltr'><strong>exemplo</strong></span> <span class='ocrx_word' id='word_1_210' title='bbox 550 3668 639 3733; x_wconf 83' lang='lat' dir='ltr'><strong>vitae</strong></span> <span class='ocrx_word' id='word_1_211' title='bbox 666 3666 927 3733; x_wconf 87' lang='lat' dir='ltr'><strong>nominandus</strong></span> <span class='ocrx_word' id='word_1_212' title='bbox 955 3666 1027 3752; x_wconf 78' lang='lat' dir='ltr'><strong>quid</strong></span> <span class='ocrx_word' id='word_1_213' title='bbox 1050 3667 1101 3748; x_wconf 82' lang='lat' dir='ltr'><strong>ait,</strong></span> <span class='ocrx_word' id='word_1_214' title='bbox 1125 3667 1324 3754; x_wconf 80' lang='lat' dir='ltr'><strong>facile&#39;quis·</strong></span> 
     </span>
     <span class='ocr_line' id='line_1_33' title="bbox 258 3769 1323 3852; baseline 0.005 -17"><span class='ocrx_word' id='word_1_215' title='bbox 258 3789 350 3852; x_wconf 87' lang='lat' dir='ltr'><strong>quam</strong></span> <span class='ocrx_word' id='word_1_216' title='bbox 403 3769 520 3839; x_wconf 83' lang='lat' dir='ltr'><strong>dixerit.</strong></span> <span class='ocrx_word' id='word_1_217' title='bbox 582 3772 713 3838; x_wconf 86' lang='lat' dir='ltr'><strong>Videtur</strong></span> <span class='ocrx_word' id='word_1_218' title='bbox 764 3773 876 3838; x_wconf 88' lang='lat' dir='ltr'><strong>fuisse:</strong></span> <span class='ocrx_word' id='word_1_219' title='bbox 935 3773 1147 3839; x_wconf 82' lang='lat' dir='ltr'><strong>Terentius</strong></span> <span class='ocrx_word' id='word_1_220' title='bbox 1196 3774 1323 3843; x_wconf 86' lang='lat' dir='ltr'><strong>autem</strong></span> 
     </span>
     <span class='ocr_line' id='line_1_34' title="bbox 256 3875 1325 3964; baseline 0.004 -26"><span class='ocrx_word' id='word_1_221' title='bbox 256 3875 393 3956; x_wconf 71' lang='lat' dir='ltr'><strong>Varro,</strong></span> <span class='ocrx_word' id='word_1_222' title='bbox 427 3879 595 3942; x_wconf 84' lang='lat' dir='ltr'><strong>humanae</strong></span> <span class='ocrx_word' id='word_1_223' title='bbox 627 3878 714 3942; x_wconf 83' lang='lat' dir='ltr'><strong>ritae</strong></span> <span class='ocrx_word' id='word_1_224' title='bbox 737 3879 948 3964; x_wconf 63' lang='lat' dir='ltr'><strong>exemplam</strong></span> <span class='ocrx_word' id='word_1_225' title='bbox 981 3882 1018 3946; x_wconf 86' lang='lat' dir='ltr'><strong>et</strong></span> <span class='ocrx_word' id='word_1_226' title='bbox 1041 3880 1211 3962; x_wconf 69' lang='lat' dir='ltr'><strong>(etiami)</strong></span> <span class='ocrx_word' id='word_1_227' title='bbox 1233 3896 1325 3962; x_wconf 84' lang='lat' dir='ltr'><strong>spa-</strong></span> 
     </span>
     <span class='ocr_line' id='line_1_35' title="bbox 255 3979 1326 4057; baseline 0.005 -16"><span class='ocrx_word' id='word_1_228' title='bbox 255 3979 329 4057; x_wconf 85' lang='lat' dir='ltr'><strong>tio,</strong></span> <span class='ocrx_word' id='word_1_229' title='bbox 360 4001 432 4048; x_wconf 90' lang='lat' dir='ltr'><strong>uon</strong></span> <span class='ocrx_word' id='word_1_230' title='bbox 466 3984 576 4048; x_wconf 87' lang='lat' dir='ltr'><strong>annia</strong></span> <span class='ocrx_word' id='word_1_231' title='bbox 681 3984 854 4050; x_wconf 78' lang='lat' dir='ltr'><strong>vivacior</strong></span> <span class='ocrx_word' id='word_1_232' title='bbox 880 3981 966 4048; x_wconf 88' lang='lat' dir='ltr'><strong>fuit.</strong></span> <span class='ocrx_word' id='word_1_233' title='bbox 1029 3983 1126 4050; x_wconf 88' lang='lat' dir='ltr'><strong>Varro</strong></span> <span class='ocrx_word' id='word_1_234' title='bbox 1155 3984 1193 4049; x_wconf 86' lang='lat' dir='ltr'><strong>ob</strong></span> <span class='ocrx_word' id='word_1_235' title='bbox 1214 3982 1326 4048; x_wconf 87' lang='lat' dir='ltr'><strong>multi-</strong></span> 
     </span>
    </p>
   </div>
   <div class='ocr_carea' id='block_1_6' title="bbox 0 0 1507 4638">
    <p class='ocr_par' dir='ltr' id='par_1_10' title="bbox 0 0 1507 4638">
     <span class='ocr_line' id='line_1_36' title="bbox 0 0 1507 4638; baseline 0 0"><span class='ocrx_word' id='word_1_236' title='bbox 0 0 1507 4638; x_wconf 95' lang='lat' dir='ltr'><strong> </strong></span> 
     </span>
    </p>
   </div>
  </div>
 </body>
</html>
