3000 4638
504 284 536 341 n.
557 283 648 341 neno.
666 285 700 340 aa
718 287 854 342 nutum.
1108 287 1170 353 349
1237 249 1240 255 ’

148 480 226 545 llnae
247 483 410 564 poetrennae
432 499 522 548 voees
554 481 593 548 ob
615 483 788 550 litbeuurum
819 485 877 549 vie
904 487 935 550 et
956 487 1009 552 ris
1033 489 1212 555 similitudi·

147 599 221 650 nam
249 587 386 652 omflatae
417 588 448 650 in
481 604 575 652 nnaun
607 589 688 654 eunt.
743 589 861 655 Deinde
889 594 1042 674 postilla
1074 598 1094 675 ξ
1124 595 1152 669 2,
1171 597 1211 660 de

148 692 261 774 qudbae
281 692 343 757 dixi
364 709 457 776 snpra
477 713 506 775 p.
528 691 604 766 343,
632 697 666 758 et
686 695 778 758 aliam
801 697 986 762 sententiam
1007 719 1026 764 a
1047 702 1210 782 snpenori-

147 797 212 862 baa
229 797 469 880 emendatam)
490 799 507 882 §
528 797 549 862 3
570 800 615 864 aio
635 799 856 884 interrogatur:
879 801 977 880 Quid
998 809 1059 870 eet
1080 807 1213 872 homo?

147 902 424 987 aoepondetnrque:
453 904 663 983 Quodlibet
684 923 868 988 quassum
890 925 955 972 vae
979 913 1015 975 et
1037 911 1213 993 quolibet

149 1009 293 1092 inagila
324 1006 489 1085 iactatu,
525 1011 624 1093 plane,
670 1013 698 1076 si
729 1012 881 1088 obtendas,
916 1015 1053 1079 ridicule.
1110 1016 1211 1081 Homo

148 1113 1211 1201 memfflmfflmmem

148 1219 230 1301 quod
251 1221 337 1302 quati
358 1222 391 1286 et
410 1221 510 1305 frangi
531 1221 621 1287 iaelle
650 1225 754 1304 poenit.
810 1223 964 1307 Apparet,
987 1226 1208 1307 quodlibet,

147 1330 185 1390 nt
202 1326 236 1389 in
260 1325 355 1390 altero
377 1328 518 1393 membro
541 1329 650 1411 (quoi.
674 1330 851 1407 iactatu),
873 1331 919 1394 sio
942 1332 1035 1395 otiam
1059 1332 1089 1394 in
1112 1331 1212 1414 priore

147 1446 210 1496 non
233 1431 272 1496 ad
293 1433 395 1515 ipsum
428 1451 498 1510 vaa-
525 1434 579 1499 sed
600 1435 640 1498 ad
666 1435 767 1500 levem
788 1435 1063 1500 eiuediesolvendi
1084 1451 1212 1500 oausam·

148 1540 310 1620 pertinere.
357 1537 473 1603 Omnes
491 1540 599 1607 turbae
622 1539 706 1604 dedit
728 1540 881 1606 ablativus
903 1541 1074 1606 adiectione
1096 1541 1208 1606 litteren

147 1664 180 1705 m
204 1641 305 1710 finalia
327 1643 359 1708 in
374 1645 569 1728 partieipium
592 1648 730 1710 mutatus
752 1650 785 1710 at
802 1645 844 1710 ad
866 1663 930 1710 vna
953 1645 1209 1712 aeeommedatus.

148 1749 423 1831 Saripaeratenim
448 1749 578 1816 Sanane:
630 1748 804 1828 Quolibet
823 1771 962 1835 quaene
983 1769 1048 1816 vae
1068 1756 1101 1817 et
1123 1771 1212 1835 quo·

148 1855 248 1922 libet
268 1843 411 1937 fragile
438 1856 602 1936 iactatu,
640 1858 799 1938 aptissime
821 1857 992 1922 ooninnotis
1013 1875 1158 1940 quassu
1180 1860 1214 1922 et

146 1961 308 2026 iactatu.
363 1960 410 2038 (Si
443 1981 534 2044 quem
567 1967 690 2028 movent
721 1963 806 2026 inre
828 1961 1042 2046 amplificanda
1063 1963 1213 2028 vwabula

149 2067 511 2148 superabundante,
544 2072 701 2152 comparet
724 2069 761 2134 de
785 2068 840 2132 vit.
863 2069 891 2133 b.
915 2067 967 2145 26,
990 2067 1026 2131 8:
1063 2067 1211 2132 laurum

147 2171 344 2256 linteutua
386 2189 501 2238 senex
542 2179 581 2240 et
620 2173 745 2240 medlo
787 2175 979 2240 lucernam
1024 2173 1083 2238 die
1120 2193 1212 2256 prae·

148 2277 298 2353 sereno.)
343 2277 422 2342 llum
446 2279 498 2342 ubi
519 2281 549 2344 in
572 2280 602 2344 A
624 2282 685 2344 eat:
719 2279 904 2344 alimenta
935 2277 1106 2346 metuens
1128 2299 1209 2359 sua,

147 2398 306 2465 quouuun
342 2383 491 2448 modum
527 2385 565 2450 ia
600 2386 729 2467 inopia
760 2385 964 2466 rssumpltun
1007 2389 1136 2467 apparet
1171 2387 1208 2450 ad

146 2487 226 2551 bano
248 2490 375 2552 buniam
399 2489 546 2558 Sannum
578 2491 753 2573 eoripsieee:
786 2507 946 2573 quorum
979 2491 1092 2555 modo
1121 2492 1208 2556 ino·

146 2591 495 2676 pie-[eoeeonneom
512 2597 621 2659 *modo
644 2595 767 2680 eopia]
789 2595 998 2678 rumpitur3
1024 2613 1085 2660 nee
1107 2597 1210 2661 fenea

146 2699 354 2781 supenoribue
372 2701 547 2766 dubitatum
570 2706 645 2776 erat,
677 2702 750 2785 quin
773 2699 868 2783 oopiae
890 2699 1006 2766 manto
1030 2701 1210 2776 ¹eneidieeetp

147 2804 187 2870 ud
209 2821 278 2869 eam
301 2807 471 2872 neoeaeario
493 2807 686 2890 rumpitur
707 2807 849 2890 pertinet.
905 2806 1033 2884 (Oenius
1048 2823 1074 2870 a
1095 2807 1207 2872 litteris

145 2910 232 2992 epia
254 2913 291 2974 ad
313 2905 439 2978 eaedem
455 2914 500 2976 in
514 2915 622 2996 eopia
645 2912 814 2988 uaneiliit.)
869 2911 1046 2996 Sequuntur
1065 2912 1098 2988 (3
1119 2915 1151 2977 et
1171 2911 1209 2994 4)

143 3016 225 3080 hae:
239 3020 363 3082 alixiae
379 3018 929 3102 sollioitaeque·tutelee'(oorpbe,
940 3019 996 3083 hoo
1005 3019 1207 3098 aat‚animall,

143 3123 313 3204 pneoarli
336 3123 519 3208 ¹spirituo
556 3129 595 3191 et
620 3126 718 3190 melo
744 3125 949 3202 'harentia
982 3141 1207 3207 pauperum

84 3281 88 3288 .
143 3231 388 3312 repentinum
421 3231 555 3298 audiet
586 3234 623 3296 et
652 3226 861 3312 improviso
902 3249 1020 3296 nonne
1047 3231 1208 3296 auribus

141 3335 274 3418 gnavis
323 3339 478 3403 exoutit.
528 3337 580 3404 ilio
620 3339 702 3402 enim
744 3338 810 3401 ban
845 3339 990 3402 'extrema
1034 3337 1134 3418 (inde
1166 3337 1205 3402 ob

140 3559 341 3569 -η-η-ω-...κ

170 3729 190 3794 1)
210 3721 738 3780 Reateenimindeabiuretoedebatur:
757 3723 823 3778 Hae
840 3722 939 3776 iubet
964 3722 1205 3793 illePythioin

211 3817 366 3872 oraenlie
392 3816 569 3886 adeoripte
596 3830 670 3871 vox:
702 3815 812 3870 Nouae
844 3818 885 3870 ta.
932 3815 1001 3870 Nam
1034 3831 1120 3884 neque
1144 3833 1204 3872 vox

211 3909 304 3965 abesse
322 3911 418 3979 potest,
438 3909 509 3980 quod
526 3910 590 3963 ante
610 3923 669 3962 nos
687 3907 801 3970 exaidit,
828 3923 913 3977 neque
937 3908 1018 3962 verbo
1038 3925 1125 3964 carere
1143 3927 1204 3980 pos-

80 4054 83 4057 .
153 4014 158 4025 ’
211 3985 311 4069 munna,
340 4002 414 4072 quod
437 4017 496 4056 eum
515 4003 778 4055 uid-commutatum
794 4003 837 4055 eet
860 4001 927 4067 (vid.
948 3999 1074 4056 Garetun.
1096 4001 1130 4058 ad
1149 4001 1203 4058 (lio.

209 4113 258 4168 pra
277 4095 367 4152 Plana.
387 4101 429 4160 30,
451 4093 503 4164 72).
