2918 4652
301 261 363 322 556
657 258 917 328 mummuli

258 459 394 534 Rittium
426 457 646 544 potoetfuisuc
667 460 771 542 quoi)
803 459 973 534 (ortona
993 459 1222 542 aurigam,
1254 477 1327 523 uon

257 564 523 630 necessitudo.
1170 597 1176 604 ·

357 670 393 734 Ρ.
416 670 454 732 71
478 670 691 746 (mmmmm)
712 672 746 734 ot
767 668 828 732 193
848 671 1043 746 (amous)
1074 671 1198 735 Vrrro
1231 671 1327 736 Ser·

257 795 369 850 runo,
399 776 478 860 negt
499 768 736 862 inauguraris:
769 775 931 841 Retinet
951 777 1140 842 viatorum
1162 778 1328 844 meridie

256 885 558 967 praetorenntem
584 881 746 958 fontem,
773 881 872 964 quod
900 884 1145 948 rutumnitss
1169 884 1209 948 in
1235 883 1329 949 unni

256 987 513 1054 tetrachordo
544 1005 717 1052 mensem
750 993 792 1068 (p.
816 987 877 1052 193
904 1007 1072 1054 mensum
1098 988 1198 1068 ondit)
1230 1009 1329 1070 pren-
1438 1019 1439 1034 κ

256 1095 438 1160 terierut.
481 1093 726 1168 Riesiuscons,
760 1095 843 1158 recte
865 1093 1008 1170 fortusse,
1040 1093 1100 1160 n'ni
1122 1093 1184 1160 fm't
1203 1095 1329 1179 serre.

256 1200 318 1266 Sed
341 1201 551 1266 scribendum:
594 1201 632 1266 in
662 1199 752 1266 enni
778 1200 1033 1267 tetrachordo
1059 1205 1200 1284 μέσην
1229 1219 1330 1282 prae·

259 1306 436 1373 terierrt.
482 1306 1056 1391 Achordemedisimogosmmtur.

359 1412 395 1478 P.
416 1411 457 1475 87
498 1413 712 1496 (compluries)
754 1413 850 1480 Ceto
891 1413 1077 1480 sessione
1118 1413 1159 1478 in
1202 1413 1329 1496 legem

258 1517 393 1599 Popili
426 1518 485 1601 (sie
506 1521 589 1586 recto
610 1518 760 1584 lordonns
781 1537 836 1600 pro
865 1518 1037 1602 popum:
1079 1517 1190 1597 Quod
1221 1538 1331 1584 oom-

257 1623 410 1706 plnries
430 1626 633 1700 usuvenit,
657 1623 758 1690 omui
779 1626 951 1708 tempore
971 1626 1222 1690 anteventum
1244 1643 1330 1690 esse

257 1731 547 1813 rempubliorm
587 1730 799 1796 reddimus.
884 1730 949 1797 Sor.
1002 1731 1105 1796 omui
1147 1733 1331 1812 temporo

259 1845 481 1900 euenturum
512 1838 621 1916 (item
652 1832 921 1919 cocuturnmi)
954 1837 1100 1903 occeio
1120 1835 1331 1920 republica

260 1941 470 2007 credimus.

357 2047 424 2114 lto.
457 2055 651 2133 (cognomen)
693 2048 886 2114 Arrenius
921 2049 1125 2116 Dirortio:
1167 2048 1329 2114 Letium
1436 2007 1437 2016 ἶ

256 2171 378 2236 genus
420 2153 772 2239 cognominationis
813 2155 1032 2220 morborum
1074 2157 1329 2239 cognominis.
1438 2203 1439 2258 ἦ

259 2258 477 2326 Scribonium:

669 2366 738 2432 leti
758 2385 854 2432 unum
876 2385 974 2451 genus

474 2473 609 2555 cognovi,
631 2472 767 2536 uatem
789 2473 974 2538 morbmum.

258 2575 516 2660 cognominis
560 2577 748 2661 adscriptum
781 2579 830 2644 eet
862 2578 1328 2663 ec·eoguominetionis.

257 2681 363 2766 longe
386 2682 566 2750 stemmnt
588 2682 718 2748 Bothius
740 2688 773 2766 et
793 2685 999 2754 Hermannus.

356 2786 392 2852 P.
415 2787 456 2850 92
477 2789 551 2866 (cis)
583 2789 707 2854 Varro
728 2807 857 2855 rernm
878 2790 1026 2856 humen.
1059 2790 1126 2856 lib.
1148 2789 1232 2854 XX:
1276 2789 1327 2854 Eo

257 2891 322 2958 die
354 2893 409 2958 cis
442 2893 611 2960 Tiberim
644 2892 887 2961 redeundum
920 2900 995 2970 est,
1029 2893 1125 2978 quod
1155 2895 1199 2960 de
1231 2895 1327 2960 oaelo

257 2999 460 3081 suspicari
498 2999 557 3066 ius
590 3001 737 3066 nemini
769 3000 827 3066 sit
858 3005 998 3082 proter
1040 3001 1326 3085 mgistratum.

256 3103 323 3172 Scr.
344 3106 490 3172 nemini
513 3109 558 3172 st.

358 3211 392 3276 P.
408 3210 448 3274 97
472 3212 662 3296 (degulcsso)
688 3211 879 3278 Afranius
904 3211 1173 3278 Brundisinis:

358 3316 425 3382 Imo
445 3315 625 3383 iamdudum
650 3317 862 3396 humohumo,
883 3317 1048 3402 degulnseo
1069 3318 1212 3400 oportuit.
1290 3369 1295 3378 .

257 3420 318 3488 Pro
341 3421 602 3492 hoccubuisse
622 3422 848 3491 mouendum
870 3423 1110 3488 occubuisse.

357 3528 393 3593 P.
408 3528 448 3594 99
471 3528 627 3608 (dolitum)
643 3529 677 3594 et
690 3548 721 3612 p.
736 3527 944 3609 coenulam)
967 3529 1086 3596 Varro
1109 3531 1325 3615 Agathone:

406 3635 564 3702 Numnam
587 3635 712 3702 euictus
735 3635 767 3700 in
790 3653 884 3702 moon
905 3635 1011 3702 dextre
1032 3636 1164 3719 scyphus

408 3741 489 3806 Oaelo
511 3739 624 3806 dolitus
646 3741 744 3805 ortem
766 3743 903 3808 ostentet
924 3741 1099 3806 Mentoris?

359 3845 415 3910 Vix
438 3846 552 3921 cubito,
573 3845 646 3930 quin
668 3845 787 3912 Nouius
810 3848 858 3923 (ut
878 3868 905 3931 p.
929 3847 947 3908 7
969 3847 1002 3910 in
1024 3847 1184 3932 frigere,
1213 3867 1239 3931 p.
1264 3847 1323 3911 273

170 4013 171 4018 ,
257 3951 428 4018 certissimo
443 3953 581 4036 exemplo
601 3953 632 4017 in
655 3952 963 4020 constitutiones
984 3958 1015 4018 et
1036 3953 1323 4032 institutiones,
