2956 4648
502 301 504 304 ·
527 287 544 331 -'
562 295 649 350 narn
667 269 793 349 uenires.
1109 295 1170 358 549

152 499 307 585 perspicue
339 497 484 560 lacunoso
517 497 588 558 ante
611 495 713 559 omnia
735 493 892 558 retinenda
919 495 1014 569 sunt·
1045 513 1112 578 quae
1142 513 1217 560 sana

152 603 339 688 reliquerunt
358 599 486 673 librarii,
508 599 748 681 paenitentia
770 599 874 664 senis
890 597 1049 677 (Tiberii).
1112 599 1218 683 Scrip-

151 718 216 777 tum
240 711 340 773 luerat
371 705 411 770 ad
444 705 523 770 hauc
547 703 692 768 formam:
728 722 839 786 posse
872 704 1097 787 quandoque
1120 704 1218 770 Ger-

111 817 114 824 '
152 814 298 881 manici
321 811 503 896 sti[rpera
528 829 749 891 reserpere3
784 810 917 872 deceat
939 809 1123 894 epo]tium
1145 829 1216 893 poe·
1240 825 1243 832 ’

152 919 333 986 nitentiae
355 916 470 980 senis.
899 967 904 973 ,

252 1027 319 1090 Lib.
345 1021 458 1098 vuer
484 1019 659 1095 rotimum:
693 1038 800 1102 quarn
833 1022 1062 1104 (Agrippinam)
1093 1022 1218 1086 inter·
1245 1090 1249 1098 ,

29 1221 31 1226 Δ
151 1136 256 1200 fecto
294 1130 431 1196 Seiano
468 1148 534 1210 spe
567 1128 837 1191 sustentatam
874 1126 1096 1208 provixisse
1133 1121 1218 1192 reor
1267 1159 1270 1164 ·

152 1242 205 1310 et,
249 1232 598 1320 postquamvuibil
641 1231 684 1295 de
725 1232 882 1297 saevitia
920 1231 1220 1309 remittebatur,

152 1345 357 1410 voluntate
380 1339 628 1404 exstinctam.
681 1337 787 1421 Neque
809 1338 959 1420 reperitur
981 1355 1110 1419 usquam
1132 1357 1218 1419 pro-

47 1444 49 1448 ’
152 1452 299 1520 vivere,
323 1463 420 1527 neque
453 1445 517 1508 ulla
552 1443 683 1507 minima
724 1443 789 1507 eius
825 1443 911 1507 verbi
944 1442 1081 1526 fingendi
1113 1443 1219 1508 'lecito

153 1573 245 1622 causa
276 1550 482 1616 necessitasve
511 1551 576 1612 erat
609 1548 648 1612 ed
673 1567 761 1630 porro
796 1548 918 1613 vivendi
939 1554 1004 1621 (aut
1025 1549 1127 1631 potius
1149 1551 1220 1614 vitae

151 1657 324 1737 trahendae)
376 1655 630 1738 significationem
685 1653 924 1736 exprimendam.
996 1654 1092 1719 Credo
1143 1673 1213 1720 eum
1252 1715 1255 1722 .

153 1764 329 1846 scripsisse:
378 1781 444 1844 spe
488 1762 772 1826 sustentatam
811 1760 929 1820 vitem
972 1761 1212 1844 proclamasse

155 1891 224 1937 eum
246 1868 472 1933 substantivum
499 1869 569 1948 post
601 1868 678 1930 tam
706 1865 890 1944 excidisset,
924 1867 1030 1930 uatum
1053 1883 1121 1930 esse
1142 1883 1211 1930 ver·

153 1977 225 2040 bum
247 1972 428 2038 inauditum.

253 2078 319 2143 Ibd.
347 2075 388 2138 50
415 2075 499 2154 (44);
534 2074 687 2160 Iamque
719 2079 856 2142 multa
876 2095 985 2141 manu
1014 2079 1218 2159 (Artabanus)

126 2186 379 2270 ‘propinqua
402 2181 587 2248 Seleuciae
620 2181 871 2249 adventabat.
928 2184 1225 2266 sequeedveorere
1322 2263 1324 2268 Ι

153 2291 333 2377 propinqua
366 2287 428 2352 ullo
463 2288 599 2369 exemplo
632 2288 745 2352 dieitur
781 2293 834 2354 aut
871 2289 934 2353 ulla
967 2287 1106 2371 analogia
1140 2295 1222 2370 (nam

159 2381 278 2462 diversa
311 2397 384 2459 sunt
416 2391 537 2454 erdvolui
561 2413 679 2476 pertua,
713 2393 992 2470 autumnalem,
1026 2395 1161 2470 hoe‘est,
1184 2395 1224 2458 ad

157 2521 264 2589 genua,
299 2500 338 2564 ad
376 2499 500 2570 urbem,
536 2500 590 2562 aut
615 2499 754 2581 genibus,
788 2498 877 2573 urbi),
904 2517 1001 2580 neque
1034 2500 1066 2560 io
1092 2500 1225 2582 propia-

159 2631 219 2694 qua
242 2606 313 2668 urbi
342 2604 504 2666 aduertere
535 2603 657 2668 usitate.
703 2591 918 2668 scribendum:
951 2609 1224 2688 propinquans

158 2710 349 2779 Seleuciae
385 2710 636 2774 adventabat.
695 2709 739 2773 ux
780 2710 1018 2793 propinquas
1060 2708 1080 2774 S
1116 2714 1223 2775 natum

160 2823 208 2884 est
230 2818 451 2902 propinqua
473 2813 502 2878 S.
516 2814 542 2897 ¹)

263 2925 331 2989 Ibd.
355 2921 487 3003 54148)
514 2921 546 2984 in
580 2919 613 2983 L.
636 2920 790 2994 Arruntii,
828 2940 881 2986 cur
904 2923 983 2986 meri
1003 2920 1088 2995 velit,
1116 2939 1223 2985 causa-

161 3051 230 3094 rum
253 3028 473 3111 explicatione:
515 3045 608 3092 saue
642 3045 784 3109 paucos
808 3025 846 3090 et
868 3044 1052 3107 suprema
1073 3026 1224 3107 priuci-

159 3137 219 3219 pis
242 3133 324 3200 dies
345 3153 460 3217 posse
494 3134 634 3207 vitari3
670 3131 993 3215 quemadmodum
1016 3149 1223 3197 evasurum

161 3383 360 3394 ..a-—n-——u--s—

192 3539 214 3604 ¹)
234 3539 264 3594 0.
283 3539 318 3594 52
336 3537 394 3605 (46)
420 3536 579 3600 inpatientia
596 3535 769 3600 firmitudinem
792 3534 904 3586 circulare
929 3533 1000 3586 nihil
1028 3548 1085 3586 esse
1103 3532 1224 3588 Muretus

231 3629 368 3686 intellexit
385 3644 434 3682 nec
460 3625 620 3696 patientiam
641 3642 698 3680 esse
719 3627 749 3680 in
766 3641 809 3691 eo,
840 3624 911 3693 quod
937 3625 1007 3680 nihil
1031 3624 1225 3679 clibidinibns

232 3723 383 3777 omittetur.
418 3719 514 3786 Itaque
532 3720 604 3771 recte
623 3717 704 3771 scribi
722 3717 811 3771 voluit
833 3716 1055 3787 impatientia
1078 3734 1109 3772 eo
1139 3719 1224 3786 signi·
1306 3717 1309 3724 '

233 3815 322 3880 ficatu,
341 3828 393 3884 quo
419 3809 491 3880 apud
507 3809 652 3877 Apuleium
680 3814 707 3864 et
731 3809 879 3864 Aruobium
899 3809 932 3864 de
949 3810 1093 3882 impotenti
1111 3808 1225 3864 libidine

233 3907 351 3976 ponitur.
391 3905 480 3973 Atque
505 3903 637 3957 transitus
664 3903 697 3957 ad
725 3903 793 3957 hanc
811 3901 975 3971 impotentia
1001 3903 1224 3972 significationem

233 4000 414 4068 iamapparet
431 3996 502 4066 apud
520 3994 654 4060 Ovidium,
673 3996 720 4065 qni
744 3998 900 4062 impuriensem
928 3997 971 4056 irre
998 3993 1067 4048 dixit
1085 4009 1159 4059 eum,
1178 3995 1225 4065 qni

234 4091 301 4146 iram
318 4090 441 4145 cohibere
456 4106 508 4144 non
526 4091 624 4159 posset,
642 4088 692 4144 hoc
710 4091 758 4154 est,
778 4088 824 4142 irae
842 4067 1027 4156 impotentem.
