3018 4634
570 271 682 332 Cutis
698 273 771 332 Beli.
788 274 846 332 (lis.
1135 275 1197 340 πθ

175 474 264 556 quasi
296 473 469 544 insinuatur
497 472 578 554 (sich
607 474 817 552 hincinkoilt);
853 473 907 539 etr.
935 491 1013 556 qnax
1035 473 1075 538 ad
1101 473 1131 542 b.
1156 473 1238 542 Gall.

176 578 236 656 Ill,
268 577 307 640 14
328 577 401 645 dixi.
444 579 553 660 (Panlo
585 582 659 663 post
689 581 774 646 recte
806 578 986 646 Giaceonins
1018 579 1153 646 euocat
1184 599 1239 662 pro

175 684 341 764 vocatu)

190 811 194 816 ’
275 821 342 887 Ibd.
375 821 394 884 5
424 819 477 904 (de
498 821 754 902 Massiliensium,
787 821 954 886 dumento
976 824 1098 904 portum
1121 821 1238 890 classes

175 929 323 1011 pugnant
346 925 517 992 animorum
537 927 673 1005 habitn):
706 928 748 992 ut
779 926 905 992 omnis
929 927 1127 1006 inventus,
1160 947 1239 1012 qnae

172 1033 213 1097 in
235 1031 374 1115 oppido
396 1035 648 1110 remanserat,
685 1033 897 1117 omnesque¹
913 1033 1124 1115 superioris
1149 1035 1240 1100 aeta-

172 1137 228 1203 tis
251 1155 332 1202 cum
353 1135 492 1204 liboris
515 1142 629 1224 atque
650 1139 831 1204 uxoribus
853 1157 899 1204 ox
919 1137 1090 1221 publicis
1112 1142 1241 1204 custo·

173 1242 251 1308 diis
284 1261 360 1326 qnae
393 1246 459 1308 ant
495 1263 600 1310 muro
632 1244 678 1309 ad
705 1243 836 1308 calum
867 1261 1001 1308 manus
1029 1243 1240 1310 tenderent

174 1349 235 1429 oct.
277 1346 438 1428 Nesciunt,
470 1349 543 1433 quid
563 1349 679 1415 faciant
705 1349 806 1414 verbis
828 1366 874 1413 cx
904 1349 1076 1431 publicis
1110 1349 1241 1415 custo·

176 1453 250 1520 diis
281 1473 369 1538 qnae.
412 1455 596 1521 Emendatio
616 1473 673 1521 uec
703 1453 830 1520 obscura
857 1454 890 1520 ct
920 1455 1089 1520 nemausi:
1122 1473 1241 1538 espe-

178 1559 275 1622 cala‘s
297 1559 566 1652 custodiisque.
612 1559 765 1634 Custodiae
788 1559 870 1624 enim
889 1559 922 1624 in
944 1559 1017 1625 altis
1037 1549 1112 1626 louis
1144 1560 1240 1650 ciant.

176 1663 307 1748 (Ospt
327 1665 525 1731 scribendum
544 1685 627 1733 esse:
662 1668 699 1731 st
734 1663 907 1731 artificio
943 1667 1241 1752 gubernatorum

177 1779 212 1833 et
232 1770 446 1837 mobilitati
464 1773 617 1838 navium
638 1771 746 1855 loJcns
770 1771 940 1850 dabatur,
954 1771 1018 1836 iam
1029 1770 1241 1838 Hofmanuum

176 1876 432 1944 animadvertisse
457 1877 568 1959 video.)

275 2017 343 2082 Ibd.
368 2017 421 2082 16:
456 2015 519 2082 ubi
540 2017 779 2098 (Massilienses)
899 2034 1052 2081 suornm
1073 2016 1239 2080 tormon-

175 2105 299 2192 torum
330 2139 453 2200 usum,
492 2122 631 2208 quibus
668 2122 743 2206 ipsi
781 2139 917 2206 magna
959 2121 1241 2204 speravissent‚

174 2226 303 2312 spatio
337 2227 645 2312 propinquitatis
685 2228 863 2302 interire,
907 2227 1066 2310 parique
1104 2223 1240 2291 condi-

171 2333 283 2399 cione
305 2352 347 2398 ex
367 2349 473 2399 muro
495 2351 536 2399 aa
559 2333 734 2400 turribus
766 2329 941 2424 bellandi
967 2332 1070 2408 data,
1101 2349 1140 2396 sc
1161 2328 1240 2395 vir-

171 2439 256 2506 tute
277 2439 420 2504 nostris
443 2437 641 2522 adaequare
668 2457 741 2504 non
772 2457 884 2524 posse
910 2435 1161 2524 intelligunt,
1195 2433 1240 2503 ad

174 2543 329 2610 easdem
358 2542 574 2611 deditionis
608 2543 855 2610 condiciones
888 2543 1100 2608 recurrunt.
1151 2539 1240 2620 Quod

174 2649 223 2716 ast
244 2650 411 2734 spatium
435 2649 765 2735 propinquitatis?
802 2651 835 2714 et
854 2647 907 2734 qni
928 2647 1053 2732 spatio
1080 2645 1240 2730 propin-

174 2753 343 2838 quitatis
385 2757 484 2840 perire
527 2757 630 2840 potest
671 2773 745 2820 usus
791 2755 1037 2820 tormentorum?
1091 2751 1173 2816 Nam
1209 2751 1240 2816 et

173 2859 398 2944 longinquitate
420 2861 513 2945 spatii
535 2860 597 2938 (vel
618 2859 758 2942 spatio)
791 2860 823 2925 et
851 2858 1002 2936 brevitate
1023 2858 1120 2924 nimia
1140 2858 1240 2942 perire

173 2982 266 3046 posse
287 2983 392 3031 omnes
414 2967 539 3032 scimus.
588 2965 744 3032 Nimirum
765 2965 818 3030 hio
851 2983 982 3050 quoquo,
1018 2964 1113 3028 simili
1138 2983 1239 3030 errore

174 3071 268 3153 atque
290 3067 317 3150 1,
339 3071 391 3146 82,
413 3091 483 3136 oum
496 3071 599 3138 Caesar
614 3070 791 3154 scripsisset
811 3069 919 3156 spati
934 3067 1240 3154 propinquitate,

175 3194 212 3241 ea
233 3176 356 3258 spati,
378 3176 460 3262 quod
480 3178 605 3261 plenum
626 3196 688 3243 non
710 3175 881 3255 videbatur,
902 3175 1081 3240 factumest
1102 3173 1238 3256 spatio,

178 3279 622 3366 deindepropinqnitatis.
646 3281 1239 3366 Tumautemquoniamsepronomen

175 3551 375 3563 ——nun—

196 3751 218 3821 ¹)
248 3751 277 3808 O.
296 3755 314 3808 4
331 3769 363 3807 ex
389 3751 515 3830 invisis
540 3751 704 3808 latitatis
731 3753 802 3806 recte
826 3749 1014 3818 -Elberlingius
1040 3749 1145 3804 iuvenis
1173 3749 1237 3804 effo-

247 3849 319 3900 cerat
337 3845 555 3911 invisitatis,
575 3860 627 3916 qno
645 3845 689 3898 uti
709 3843 837 3902 debuerat
855 3841 1045 3912 Nipperdcius.
1077 3842 1236 3897 Ducbnerns

247 3936 446 3994 inusitatis.
498 3963 501 3970 .
