2924 4660
303 240 364 304 576
660 237 807 294 Βίωνι.
822 219 886 310 cip.
899 238 947 294 v1.

262 441 390 526 potins
424 437 690 506 Asiaticorum
839 438 1068 505 volubilitas
1196 441 1329 504 trans·

261 546 445 612 ferenda?
502 541 591 608 Idem
635 544 697 608 iam
742 544 920 612 casaubono
951 545 981 609 in
1022 548 1159 610 mentem
1196 539 1329 610 uenerat.

261 653 296 720 G.
320 651 360 718 89
394 652 439 718 sie
459 649 706 734 interpungenda
737 650 833 716 oratio
866 653 927 716 est:
971 651 1109 718 Latine
1139 651 1329 718 formabat

235 758 571 840 ‘uertendumque
613 755 683 821 alii
727 754 855 830 dabat,
900 756 967 822 sed
1009 756 1124 839 plane
1159 756 1235 834 (sine
1266 755 1329 820 ullo

263 863 391 930 artificio
424 881 538 929 novcve
570 863 775 940 ornamento).
820 861 1045 928 Poematum
1080 881 1225 946 quoque
1256 881 1329 928 non

261 969 470 1054 imperitus
492 970 552 1034 cet.
661 1051 665 1058 ἱ
952 1041 957 1048 ¹

362 1075 428 1142 Ibd.
452 1074 508 1138 91:
553 1072 641 1138 Cum
672 1072 890 1138 dedicatam
926 1074 965 1138 in
988 1073 1189 1158 Capitolio
1210 1072 1328 1138 aedem

260 1182 433 1249 Tonanti
467 1180 552 1246 Iovi
587 1178 745 1244 assidue
776 1179 1062 1264 frequentaret,
1104 1179 1327 1264 somniavit,
1397 1239 1406 1255 ,

260 1287 369 1371 queri
400 1285 666 1368 Capitolinum
699 1285 827 1350 Iovem
860 1284 1035 1351 cultores
1069 1285 1145 1351 sibi
1177 1284 1327 1351 abduci.

264 1395 373 1458 Etrus
397 1392 448 1476 (de
471 1391 639 1456 cultoribus
661 1390 816 1468 abductis)
838 1393 870 1456 et
889 1391 1076 1473 comparatio
1099 1392 1205 1458 Dionis
1227 1392 1328 1458 cassii

261 1499 356 1578 (LIV,
382 1498 414 1574 4)
438 1495 606 1562 ostendunt
626 1495 664 1560 de
685 1497 796 1579 populo
817 1495 914 1562 aedem
936 1497 1148 1580 frequentante
1169 1498 1236 1582 agi,
1268 1517 1328 1564 non

260 1605 300 1670 de
323 1605 474 1688 Augusto.
533 1604 640 1686 ltaque
672 1603 727 1667 ant
758 1602 829 1683 post
850 1602 932 1667 Iovi
954 1603 1066 1670 excidit
1086 1605 1252 1687 populus
1273 1608 1329 1670 aut

262 1709 460 1776 scribendum
499 1711 562 1774 est:
611 1709 701 1778 Cum
734 1707 910 1770 dedicata
942 1708 978 1772 in
1011 1708 1093 1793 Cap.
1125 1711 1221 1774 ceder
1256 1711 1327 1776 Το-

261 1816 373 1882 nanti
395 1815 477 1881 Iovi
499 1814 660 1880 assidue
674 1813 1002 1898 frequentaretur.
1032 1814 1083 1894 (0.
1104 1815 1145 1879 94
1166 1836 1220 1900 pro
1245 1816 1327 1882 dor.

261 1921 404 1986 mirent
448 1919 607 1985 Ernestius
656 1920 922 1997 convenirent3
974 1921 1065 2004 paulo
1112 1923 1235 2006 propius
1279 1925 1328 1988 est

262 2027 437 2104 coirent.)

363 2130 430 2197 lbd.
462 2130 517 2196 95:
554 2135 592 2196 et
624 2131 847 2197 immolanti
879 2131 1046 2198 omnium
1080 2133 1326 2200 victimarum

262 2237 435 2304 iocinera
467 2237 659 2321 replicata
690 2237 935 2304 intrinsecus
969 2238 1014 2304 ab
1046 2239 1120 2305 ima
1140 2240 1240 2306 fibra
1261 2259 1328 2324 pa·
1443 2299 1444 2319 ,

261 2344 434 2409 ruerunt.
491 2344 570 2410 Duae
617 2343 728 2408 litterae
769 2342 983 2428 geminanda:
1027 2346 1071 2420 ab
1105 2346 1192 2424 xima
1227 2345 1328 2411 libra
1442 2379 1443 2397 a

261 2460 533 2534 apparuerunt.
580 2449 663 2532 Nam
678 2471 777 2534 pareo
799 2468 852 2533 pro
867 2471 1001 2540 appareo
1014 2453 1110 2528 (extra
1130 2451 1205 2527 iuris
1222 2455 1326 2532 usum)
1441 2461 1442 2475 l

261 2555 484 2640 antiquissimis
517 2557 549 2622 et
581 2555 711 2639 Apuleio
739 2556 949 2640 similibusque
981 2556 1327 2640 relinquendumque

262 2662 367 2727 sertim
387 2673 486 2745 pomo¹
498 2660 613 2746 saetae.

363 2767 431 2832 Tib.
455 2765 511 2830 24:
529 2815 534 2831 .
554 2765 834 2851 Principatum,
866 2767 1045 2852 quamvis
1070 2785 1192 2850 neque
1214 2784 1327 2832 oceu-

242 2891 352 2955 .pare
386 2872 601 2938 confestim
633 2890 752 2956 neque
786 2891 896 2958 agera
918 2873 1152 2950 dubitasset,
1185 2874 1221 2938 et
1267 2874 1327 2938 ta·
1435 2855 1437 2943 J

260 2979 578 3056 tionemilitum‚
614 2979 683 3045 hoe
715 2982 774 3044 est
805 2979 842 3044 vi
870 2982 907 3045 et
939 2979 1069 3062 specie
1093 2978 1326 3044 dominatio·
1434 3003 1435 3021 ¹

261 3083 322 3148 nis
344 3086 556 3167 assumpta,
588 3084 799 3152 dintamen
821 3084 1028 3150 recusavit
1086 3083 1267 3152 Tollendum
1290 3087 1327 3150 et
1432 3083 1434 3177 J

262 3191 334 3254 ante
356 3181 540 3264 statione,
562 3193 663 3258 crtum
686 3209 721 3256 ex
742 3190 854 3256 ultima
874 3190 994 3275 syllaba
1014 3191 1100 3256 verbi
1114 3190 1326 3274 precedentis.
1431 3221 1432 3255 r

263 3294 383 3372 (Etiam
416 3295 492 3361 nibil
520 3297 570 3362 hie
597 3297 685 3382 agit)
731 3297 812 3374 (Ibd.
836 3296 876 3360 35
899 3296 1117 3373 revocandum,
1154 3297 1234 3382 qnod
1255 3299 1326 3362 ante

261 3399 511 3486 Oudendorpium
551 3402 712 3468 edebatur:
756 3403 889 3486 Equiti
931 3402 1033 3468 Rom.
1068 3401 1326 3468 iurisiurandi

220 3577 222 3584 ,
260 3507 429 3590 gratiam
451 3495 563 3586 lecit,
595 3519 634 3572 ut
657 3528 827 3576 uxorem.
845 3508 883 3574 in
914 3511 1049 3592 stupro
1070 3509 1204 3592 generi
1227 3527 1325 3574 com·

146 3601 149 3610 ’
260 3613 412 3694 partam
456 3612 695 3690 dimitteret,
738 3635 848 3700 quam
893 3634 932 3681 se
976 3617 1171 3698 nunqnam
1214 3632 1325 3697 repu-

260 3716 583 3806 diaturumante
610 3721 827 3798 iuraverat3
864 3720 984 3786 codices
1016 3739 1076 3786 om.
1103 3720 1159 3796 ut,
1192 3720 1272 3804 quod
1293 3720 1323 3784 in

153 3841 157 3862 ·
262 3823 389 3890 consilio
423 3825 622 3910 significando
654 3827 763 3892 abesse
795 3828 985 3912 neqnitnec
1013 3826 1117 3910 posset
1143 3828 1215 3916 post
1238 3844 1324 3911 gra-

259 3925 491 4008 tiam'fecit3
514 3931 625 3998 excidit
646 3934 715 4018 post
736 3932 788 4010 it)
