2924 4660
323 253 385 316 586
705 254 822 310 Lim
837 253 894 323 Cap
910 255 933 310 1.

281 455 376 520 etiam
398 455 557 518 l‘alsterns
589 434 709 518 nostras
731 452 854 528 incidit;
886 455 947 528 (est
979 453 1061 518 enim
1093 454 1126 518 in
1161 454 1347 520 bibliotheca

280 560 491 626 universitatis
513 562 626 624 nostrae
648 557 848 622 Gronovianae
868 556 1009 624 editionis
1029 561 1214 642 exemplum,
1239 579 1299 644 quo
1321 562 1347 626 is

281 685 355 732 osus
378 669 427 732 est
449 668 481 730 et
501 667 532 731 in
556 665 641 730 cuins
663 665 852 747 marginibus
873 663 1020 728 nonnulla
1040 668 1222 744 annotavit).

383 774 429 836 De
451 772 504 838 lib.
526 769 544 834 I
566 791 592 836 o.
616 770 647 844 3,
670 770 709 832 29
731 771 849 832 dietum
872 773 920 833 est
942 769 1000 834 vol.
1023 772 1037 834 l
1060 793 1090 854 p.
1112 773 1163 850 91,
1186 791 1245 856 quo
1266 775 1347 838 tem·

281 880 551 962 porenesciebam,
574 876 713 942 vocabuli
734 876 984 958 ignorantes,
1007 878 1086 960 quod
1103 877 1171 944 tolli
1192 878 1345 944 volebam.

280 983 313 1048 in
345 983 449 1048 codiee
480 983 680 1067 palimpsesto
712 982 832 1046 nullum
864 983 1030 1066 vestigium
1062 1003 1139 1048 esse.
1183 982 1245 1048 Sed
1268 1003 1347 1064 prae-

280 1091 381 1166 terea,
414 1090 496 1174 quod
528 1088 756 1172 Theophrastus
788 1087 927 1170 quaedam
963 1109 1046 1154 cnm
1091 1089 1350 1154 discernendi

281 1197 408 1280 magis
430 1195 763 1278 disceptandique
795 1194 1016 1277 diligentia
1036 1214 1148 1280 quam
1171 1213 1255 1260 cum
1278 1195 1351 1260 do-

281 1301 469 1367 cernendi
503 1301 707 1365 sententia
734 1301 893 1382 scripsisse
922 1299 1052 1374 dicitnr,
1087 1301 1265 1383 ponendum
1287 1303 1349 1368 est:

280 1424 362 1472 cnm
395 1407 618 1470 disserendi
652 1407 772 1490 magis
805 1405 1143 1489 disceptandique
1182 1407 1350 1492 diligen-

281 1512 346 1577 tia
386 1513 432 1576 De
457 1511 657 1578 discernendo
678 1531 737 1576 non
758 1513 871 1594 agitur.
920 1510 990 1595 [Sic
1011 1511 1080 1576 edd.
1104 1515 1176 1578 ante
1197 1513 1349 1598 Gronov]

380 1618 447 1682 Ibd.
470 1617 500 1692 4,
538 1619 553 1678 l
587 1619 632 1682 sic
662 1617 808 1682 scribitur
840 1617 878 1682 de
901 1617 1034 1683 Antonio
1064 1618 1183 1684 Iuliano
1212 1619 1351 1685 rhetore:

282 1723 474 1788 Doctrina
509 1742 658 1807 quoqne
700 1724 782 1788 ista
823 1723 981 1789 utiliore
1024 1741 1068 1787 ac
1110 1723 1351 1792 delectabili

282 1830 537 1912 veterumque
553 1829 952 1914 elegantiarnmcnra
967 1831 1004 1893 et
1022 1832 1208 1896 memoria
1229 1833 1351 1896 multa

281 1934 366 1998 fuit.
422 1935 510 2000 Nibil
541 1937 592 2000 bic
623 1937 726 2020 agitur
755 1935 794 1998 do
820 1934 956 1998 utilitate
988 1935 1145 2014 doctrinae,
1178 1938 1350 2020 prasertim

281 2057 348 2121 quae
372 2041 578 2123 comparativo
602 2040 800 2124 significetur,
823 2041 961 2124 mireque
983 2059 1020 2106 ea
1039 2043 1107 2106 laus
1131 2060 1202 2108 cum
1225 2043 1352 2126 reliquis

281 2145 485 2238 coniungitur.
539 2147 658 2213 Gellius
681 2149 842 2229 posuerat:
876 2146 1064 2236 Doctrina
1087 2150 1168 2212 ista
1189 2148 1352 2210 subtili-

282 2271 357 2316 ore.
400 2252 513 2318 Totum
544 2257 638 2336 caput
671 2256 720 2319 est
741 2252 779 2318 de
801 2252 887 2316 tenui
915 2253 984 2327 (hoc
1006 2257 1054 2318 est
1076 2253 1194 2332 subtili)
1217 2254 1350 2336 quadam

282 2360 313 2420 et
346 2359 464 2423 curiosa
499 2360 708 2442 exploratione
741 2359 868 2442 argutiae
901 2360 1030 2424 alicuius
1062 2360 1268 2425 Ciceronianae
1307 2363 1354 2434 (ut

282 2480 352 2527 cum
375 2463 477 2530 Gellio
501 2464 649 2550 singulari
676 2484 804 2530 numero
836 2465 867 2528 id
890 2483 1000 2529 nomen
1025 2465 1150 2550 dicam).
1194 2465 1352 2548 Frequen-

282 2569 322 2634 tis
345 2590 453 2636 vocum
476 2571 661 2638 confusionis
685 2571 757 2648 (vol.
781 2571 795 2634 l
817 2591 846 2652 p.
870 2569 923 2647 25)
946 2570 1118 2654 exemplum
1147 2591 1240 2654 supra
1264 2592 1354 2636 mon·

281 2678 413 2742 stratum
437 2680 487 2744 est
506 2679 537 2743 in
559 2677 661 2742 Taciti
683 2677 786 2742 Germ.
807 2695 832 2740 c.
855 2676 906 2740 44.

384 2783 498 2848 Eodem
523 2784 624 2864 capite
652 2781 673 2867 ξ
694 2781 714 2844 8
748 2783 790 2858 tin
819 2783 875 2846 ille
896 2782 1097 2865 explicatione
1119 2782 1263 2865 argutiae)
1287 2783 1353 2846 baeo

281 2887 440 2972 legunturr
469 2889 700 2954 lmmntavit
729 2906 831 2971 ergo,
854 2887 1001 2970 inquit,
1030 2890 1068 2953 et
1090 2888 1160 2967 [hoe
1182 2906 1243 2952 non
1266 2889 1352 2954 recte

283 2994 438 3060 omittitur
465 2995 545 3078 apud
578 2995 755 3066 Hertnium;
792 2996 818 3060 si
854 2995 886 3059 in
922 2993 1074 3058 codicibus
1105 2993 1203 3071 deest,
1234 2994 1352 3058 excidit
1435 3019 1436 3038 r

282 3102 353 3183 post
373 3101 419 3175 it)
435 3101 615 3167 subdidit
637 3102 793 3166 verbum
816 3100 849 3165 ei
871 3101 1007 3178 verbo,
1030 3099 1126 3184 qnod
1148 3098 1352 3172 omiserat,

283 3205 519 3286 finitimum,
552 3210 595 3273 ut
625 3207 828 3272 videretur
861 3207 902 3270 et
935 3225 1096 3272 sonsum
1129 3204 1351 3271 debitionis

284 3313 453 3378 conlatae
488 3334 561 3381 non
598 3313 810 3398 reliquisse
847 3315 887 3378 et
918 3311 1231 3376 concinnitatem
1260 3331 1352 3376 sen·
1434 3287 1435 3321 ¹

284 3419 420 3484 tentiae
454 3421 677 3498 retinuisse,
735 3418 864 3483 Nullum
898 3417 1005 3482 Cicero
1034 3418 1160 3481 verbum
1190 3417 1350 3490 omiserat,

284 3524 339 3590 sed
361 3528 621 3608 exspectationem
653 3527 731 3590 alius
752 3524 838 3589 verbi
862 3524 1014 3595 moverat,
1043 3539 1080 3585 ac
1103 3520 1241 3587 subdidit
1275 3525 1351 3596 (at-

284 3649 353 3712 que
389 3631 472 3698 ideo
499 3649 738 3715 consequens
775 3629 929 3712 quidem
962 3627 1349 3701 fueratsiodicere,

284 3738 364 3815 cet).
408 3737 517 3820 Itaque
540 3736 732 3802 scribendum
756 3738 819 3801 est:
842 3733 943 3818 qnod
959 3734 1212 3816 promiserat.

384 3842 450 3907 Ibd.
474 3843 503 3920 5,
529 3844 563 3906 l:
607 3843 655 3906 lat
688 3841 778 3906 hinc
812 3845 848 3906 et
880 3833 926 3904 vce*
953 3831 1095 3921 κομψά
1120 3839 1197 3905 illa
1305 3839 1349 3904 ab

284 3948 432 4013 aemulis
464 3947 786 4030 adversariisque
822 3947 960 4028 probro
1000 3945 1095 4011 data
1127 3947 1187 4010 oet.
1252 3944 1349 4010 Codex

285 4052 572 4146 Rottendorfianus‚
606 4054 743 4118 omnium
771 4053 834 4116 fere
869 4053 1020 4134 optimus,
1053 4070 1107 4133 pro
1129 4050 1217 4114 hino
1241 4053 1278 4116 et
1301 4038 1347 4113 τά
