2978 4644
531 260 668 318 ciceronis
686 262 834 320 Orationes.
1112 264 1173 330 209

150 479 293 546 perverse
325 461 384 526 hoc
415 461 453 526 de
474 463 582 530 officiis
609 466 642 530 et
663 465 853 548 temporibus
884 463 959 546 ipsis
991 461 1216 550 distinguendis

148 567 353 650 interponitur
388 566 471 632 iuter
512 570 672 652 epulamm
721 568 919 654 sordiumque
955 569 1216 652 comparationem

152 673 318 737 et'labori's
349 674 379 738 et
406 673 571 755 voluptatis
605 674 858 741 uicissitudinem.
901 673 970 740 Una
999 674 1113 755 littera,
1149 696 1215 759 quae

149 777 300 844 facillime
321 776 503 858 addebatur,
535 779 684 859 detracta,
716 779 877 864 aptissima
899 777 1125 848 omniserunt:
1159 781 1217 849 di·

149 883 330 966 stinguit
349 884 505 946 rosione
526 884 758 952 officiorum
786 905 828 953 ac
854 886 1067 970 temporum
1095 887 1216 954 vicis·

150 989 366 1054 situdinem
403 989 552 1056 laboris
583 1010 625 1056 ac
660 991 900 1074 voluptatis,
932 990 991 1057 hoc
1022 993 1085 1074 est,
1117 993 1149 1058 in
1177 993 1216 1060 iis

149 1095 341 1160 alternandis
362 1097 513 1162 rationem
535 1097 633 1164 habet
653 1096 827 1163 officiorum
848 1114 885 1162 an
902 1097 1084 1180 temporum.
1128 1097 1216 1166 Idem
1301 1113 1304 1116 ·

152 1201 299 1285 Siesbyeo
321 1201 353 1266 in
377 1205 513 1266 mentem
535 1204 671 1268 venerati
893 1279 896 1288 y

253 1305 317 1372 Pro
349 1305 442 1374 Sulla
471 1308 533 1372 42:
586 1307 711 1374 Divisi
743 1308 823 1375 toti
855 1307 998 1387 ltaliae,
1032 1307 1146 1374 emisi
1176 1308 1216 1375 in

153 1431 287 1478 omnes
314 1413 562 1496 provincias,
593 1415 651 1479 cet.
708 1412 849 1479 Insolens
878 1411 999 1480 dativum
1029 1412 1067 1478 de
1093 1413 1216 1480 indiciis

153 1518 341 1602 pervulgatis
382 1519 415 1583 et
455 1519 571 1584 mecum
603 1519 715 1603 oppida
750 1517 864 1586 missis.
918 1517 1018 1584 Codex
1050 1519 1244 1598 Vaticanus,

149 1623 305 1704 (omnium
328 1622 476 1708 optimus)
497 1625 604 1702 tota,
637 1644 703 1708 quae
732 1625 828 1690 dativi
850 1625 949 1690 forma
969 1643 1063 1706 prave
1086 1625 1217 1691 orationi

152 1727 307 1794 Ciceronis
329 1727 467 1794 infertur.
511 1728 708 1813 significatur
729 1739 808 1794 toto
829 1728 963 1794 Italic.
1019 1729 1044 1794 Ε
1077 1731 1218 1814 sequenti

152 1836 301 1900 enatum
324 1835 468 1914 Italiac,
501 1836 569 1900 tum
597 1838 701 1916 totae,
737 1837 907 1901 correctum
930 1832 1050 1912 deinde,
1079 1838 1114 1902 ut
1136 1837 1218 1904 esset

150 1939 240 2006 toti.
285 1941 345 2011 (De
368 1943 387 2022 ξ
410 1940 449 2002 55
473 1941 827 2024 dictumestvol.1p.
853 1939 971 2022 127.)¹)

253 2045 319 2110 Ibd.
342 2045 398 2110 68:
430 2047 566 2130 dequo
590 2048 708 2112 etium
731 2046 872 2130 siquis
896 2045 1127 2112 dubitasset
1148 2064 1218 2110 an-

150 2152 234 2228 tea,
265 2170 359 2225 num,
388 2153 425 2219 id
447 2152 545 2236 quod
578 2154 621 2219 tu
644 2152 791 2238 arguis,
826 2153 1052 2236 cogitasset
1086 2149 1217 2217 inter-

152 2255 260 2321 fecto
281 2258 391 2338 patre
413 2259 476 2322 tuo
499 2259 659 2325 consule
682 2257 919 2324 descendero
940 2255 1113 2323 KalIan.
1137 2274 1217 2322 oum

151 2359 384 2437 lictoribus,
413 2363 621 2430 sustulisti
640 2363 740 2428 hanc
761 2363 1024 2448 suspicionem
1046 2363 1105 2428 cet.
1149 2363 1218 2428 Non

152 2465 305 2548 reperitur
327 2468 400 2534 alibi
413 2469 493 2552 apud
503 2469 682 2542 Ciceronem
706 2468 859 2546 dubito,
880 2489 985 2546 num;
1006 2469 1218 2536 multominus

151 2569 186 2635 id
199 2575 252 2637 ant
263 2571 344 2656 apud
355 2573 457 2656 ipsum
468 2575 523 2639 ant
534 2574 618 2657 apud
627 2575 703 2640 alios
719 2573 809 2640 huius
831 2575 932 2640 atatis
948 2573 1109 2657 scriptores
1124 2573 1161 2638 ‹le
1174 2591 1218 2652 eo‚

176 2856 200 2923 ¹)
231 2861 245 2922 5
273 2857 308 2912 49
332 2857 510 2912 reuocandum
537 2875 608 2914 non
635 2861 698 2914 ante
724 2858 922 2914 suscensuit
948 2873 980 2912 ex
1009 2856 1145 2912 codicibus
1169 2857 1221 2912 tide

232 2947 323 3018 dignis
340 2950 481 3009 omnibus.
508 2951 580 3020 quod
604 2951 712 3008 incerta
739 2949 802 3006 slei
819 2951 896 3007 libris
915 2950 1041 3006 Parnensi
1059 2952 1087 3004 et
1105 2949 1140 3006 H.
1160 2949 1221 3004 Ste-

227 3042 311 3110 phani
334 3042 454 3098 obsecuti
473 3043 597 3098 Halmius
618 3035 653 3098 'et
670 3043 804 3114 Kayserus
822 3044 998 3100 sustulerunt.
1040 3043 1222 3112 Interrogatus

227 3133 385 3189 bimembris
418 3139 509 3204 (qnam
551 3137 619 3190 satis
655 3136 840 3192 demonstrant
882 3151 923 3190 an
959 3152 1038 3190 vero
1074 3135 1223 3204 particula)

227 3241 287 3280 eum
308 3227 346 3280 sic
364 3227 501 3284 decurrere
516 3228 637 3285 deberet:
676 3228 722 3282 An
739 3244 821 3283 vero
839 3263 845 3280 .
862 3264 870 3281 .
890 3265 897 3282 .
916 3226 1222 3302 familiarissimis

227 3318 303 3372 suis
318 3336 381 3374 nou
397 3321 598 3376 suscensuit
616 3321 714 3388 pater
731 3322 820 3386 tuus,
834 3317 918 3374 mihi
937 3321 973 3373 tu
991 3319 1223 3388 suscensebis,

228 3412 289 3481 qui
306 3411 421 3466 nullis
445 3411 515 3466 tuis
540 3409 968 3468 ornamentisadverser?
995 3411 1029 3466 ud
1048 3411 1121 3480 prius
1139 3427 1222 3465 mem·

228 3503 305 3559 brom
324 3504 447 3574 pluribus
472 3503 573 3558 additis
597 3504 674 3570 (inde
701 3502 735 3558 ab
761 3501 1017 3572 intelligebat),
1044 3501 1224 3558 anacoluthon

227 3599 321 3650 natum
344 3599 386 3650 est
410 3598 439 3650 et
462 3597 577 3650 alterum
602 3592 752 3650 membrum
776 3610 824 3664 per
850 3609 878 3648 ss
906 3592 961 3650 alia
977 3592 1064 3648 forma
1081 3593 1225 3655 adiectum,

228 3690 260 3746 ut
278 3688 310 3744 de
331 3689 451 3757 provino.
469 3687 572 3744 consul.
591 3691 634 3750 al,
665 3687 785 3756 Philipp
811 3686 834 3748 1,
856 3688 887 3746 17
906 3685 969 3750 (ubi
987 3687 1073 3742 oratio
1090 3685 1124 3742 ab
1144 3687 1224 3740 initio

228 3779 268 3835 sio
291 3782 381 3836 animo
409 3780 572 3848 concipitur:
599 3794 655 3840 an,
679 3779 710 3834 si
732 3776 882 3846 cuiquid
908 3777 972 3831 ille
994 3778 1169 3848 promisit,
1189 3778 1224 3834 id

228 3874 299 3936 erit
317 3874 425 3930 fixum
444 3909 451 3924 .
471 3914 478 3929 .
497 3909 513 3933 .,
533 3871 628 3942 leges
648 3867 798 3924 cesaris
823 3886 891 3924 non
909 3868 1123 3936 valebunt?),
1147 3870 1224 3924 Tusc.

229 3963 262 4028 V,
282 3967 325 4022 73.
362 3965 447 4032 (Duos
474 3962 633 4032 posteriores
660 3961 731 4016 locos
758 3961 879 4034 expedivi
904 3960 1058 4017 adolescens
1090 3961 1119 4016 in
1137 3978 1226 4016 emen-

230 4056 298 4112 datt
318 4056 452 4113 Tullianis
470 4073 497 4126 p.
515 4058 571 4124 44.)

203 4145 314 4183 nausson
326 4150 402 4184 nm...
414 4149 458 4181 cus
488 4147 512 4180 u.
996 4151 1027 4196 14
