2956 4648
297 257 359 322 518
653 256 800 316 monui.
819 256 885 326 Cap.
897 257 930 314 V.

713 455 798 538 Cap.
824 455 862 520 V.

398 619 555 676 Columella.
592 619 699 675 Plinius
716 622 808 677 maior.
837 620 956 678 Curtius.
987 621 1180 688 Quintilianus.
1217 667 1221 678 ,

360 773 510 838 Absolute
532 775 691 855 scriptore,
713 774 765 857 qui
792 776 825 839 et
845 774 919 838 olim
942 774 1074 838 multum
1097 773 1157 838 sibi
1177 773 1326 854 temporis

259 883 293 946 et
316 897 416 960 opera
438 877 607 944 vindicavit
628 881 661 943 et
681 897 763 944 nunc
785 881 900 945 multas
924 877 1050 962 paginas
1075 877 1218 960 expleuit,
1242 896 1327 942 oom-

261 985 404 1072 morabor
423 983 580 1066 paulisper
601 982 635 1048 in
657 985 813 1066 quattuor,
845 985 908 1068 qni,
929 987 984 1051 aut
1004 985 1086 1067 qnod
1107 984 1207 1068 magis
1229 982 1327 1047 obiter

259 1108 311 1156 ecs
332 1089 426 1173 attigi
448 1089 513 1154 'ant
550 1088 663 1154 saltem
696 1090 799 1156 minua
820 1092 889 1156 noui
910 1091 1005 1162 effeci,
1035 1089 1158 1154 brunus
1181 1087 1231 1152 hic
1253 1107 1327 1170 spa-

260 1195 339 1260 tium
364 1195 568 1277 occupabunt.

363 1301 389 1366 E
412 1300 595 1368 columellae
617 1319 723 1384 opere,
745 1301 831 1368 cuius
853 1303 1070 1384 argumentum
1104 1299 1326 1382 philologomm

262 1406 365 1472 studia
400 1424 462 1472 uon
484 1407 575 1474 facile
599 1407 705 1484 allicit,
739 1411 802 1472 tras
824 1409 947 1472 tantum
968 1409 1082 1489 primos
1110 1405 1206 1470 libros
1228 1405 1328 1470 conti-

261 1531 339 1578 nuos
366 1512 428 1596 lagi
459 1512 500 1578 ad
532 1512 667 1578 formam
700 1513 851 1578 sermonis
879 1513 982 1578 animo
1010 1511 1328 1596 comprehendendam

263 1617 404 1700 (tertium
426 1617 633 1694 festinanter),
656 1618 759 1684 cetera
780 1603 980 1699 pervolnteri,
1012 1618 1185 1692 attendens.
1207 1616 1329 1698 siquid

264 1722 304 1787 ad
336 1722 434 1788 vitam
456 1722 633 1790 Romanam
666 1723 868 1807 institutaque
899 1725 1034 1790 notabile
1067 1723 1248 1789 cocurreret.
1293 1721 1329 1784 ln

265 1826 383 1892 duobus
416 1829 525 1911 primis
556 1828 644 1894 libris
681 1847 778 1910 pauca
799 1831 940 1912 quadam
961 1831 1091 1907 cononi,
1127 1847 1195 1912 quae
1217 1845 1330 1910 ponam

264 1933 444 2015 speciminis
470 1933 547 2011 loco,
582 1935 609 2000 si
646 1955 737 2018 quem
759 1936 837 2002 forte
866 1936 997 2002 incitare
1019 1936 1139 2019 possint
1170 1933 1210 1998 ad
1229 1935 1330 1998 totum

195 2094 203 2114 ,
264 2055 357 2120 opus,
402 2039 540 2106 adhibita
576 2059 655 2106 nova
695 2040 808 2106 codicis
846 2040 1121 2126 Sangcrmaaensis
1155 2040 1328 2118 pollutione,

265 2145 473 2228 mammutius
493 2146 654 2230 diligentia
674 2148 932 2230 perlustrandum.
1019 2159 1022 2164 ·
1052 2193 1056 2200 .
1165 2161 1172 2176 ⁴

368 2249 435 2316 Lib.
460 2249 477 2314 1
505 2272 629 2336 procem.
664 2253 719 2320 24:
763 2250 1055 2336 Contemplatio
1086 2269 1179 2318 vero
1212 2268 1333 2315 cunc-

266 2357 393 2422 tarum
425 2357 463 2422 in
498 2378 542 2424 ea
574 2359 794 2443 disciplina
824 2360 992 2442 partium
1025 2361 1168 2442 quanto
1196 2357 1333 2438 cuique

267 2461 508 2546 contigit‚ut
529 2469 567 2531 et
588 2467 763 2551 segetum
785 2467 1082 2547 arationumque
1102 2462 1334 2546 perciperet

269 2585 376 2632 nsum
398 2571 435 2634 at
458 2573 586 2638 varias
621 2572 995 2653 dissimillimasque
1018 2573 1208 2636 terrarum
1242 2583 1333 2647 spo-

268 2671 347 2738 cies
369 2659 645 2758 pernosceret?
688 2678 783 2744 Scrib.
819 2685 933 2762 quoto
965 2676 1119 2757 cuique.
1152 2675 1188 2736 nt
1215 2671 1333 2756 siguifi-

268 2780 365 2854 cetur,
387 2784 585 2862 paucissimis
607 2785 820 2867 unumne)

270 2981 468 2992 -φ--ῄ-ῇ,

265 3133 405 3238 ¹)th
425 3137 457 3204 I,
485 3143 502 3196 6
529 3141 621 3211 agitur
648 3141 680 3196 de
710 3141 891 3211 discrepantia
914 3135 1061 3206 disciplina
1080 3137 1119 3200 (et
1145 3133 1231 3190 causis
1254 3131 1334 3184 huius

341 3231 551 3302 discrepantia),
592 3247 646 3287 non
685 3233 718 3289 da
753 3233 841 3288 nescio
877 3245 989 3302 quorum
1023 3230 1132 3299 propter
1163 3223 1335 3292 disciplinam

342 3322 665 3396 dismepantia.1taqne
694 3329 798 3382 certum
825 3325 867 3380 eet
896 3337 1007 3394 prauum
1032 3335 1104 3384 asse,
1125 3316 1196 3388 quod
1222 3314 1334 3369 Schnei-

342 3415 422 3470 derus
439 3415 541 3474 edidit:
578 3418 796 3488 Quocunque
824 3419 935 3472 autem
952 3414 1093 3485 propter
1110 3408 1337 3478 disciplinam

342 3510 433 3566 ruris
451 3514 654 3568 nostrorum
672 3515 859 3580 temporum
876 3523 947 3562 cum
969 3503 1100 3574 priscis
1118 3501 1336 3570 discrepant,

342 3617 406 3657 non
425 3603 602 3660 deterrere
619 3603 743 3660 debent
772 3601 961 3656 electione
979 3597 1176 3654 discentem.
1225 3593 1255 3646 Si
1273 3607 1337 3646 cou-

341 3695 448 3751 firmare
484 3712 604 3768 possem,
636 3695 791 3753 Columella
827 3689 1027 3764 quaecunque
1055 3689 1166 3743 autem
1196 3686 1337 3754 propter

342 3806 390 3860 pro
418 3806 455 3857 ao,
487 3789 559 3861 quod
584 3793 625 3844 eat
655 3791 799 3859 propter
837 3796 1044 3856 quacunque
1080 3781 1207 3844 autem,
1241 3790 1337 3846 ponere

341 3883 458 3951 licuisse,
496 3883 653 3938 scriberem:
690 3883 906 3951 Quocunque
936 3878 1045 3930 autem
1072 3871 1214 3942 propter
1241 3870 1338 3920 disci·

340 3977 760 4045 plicaturis...diacrupat,
780 3990 844 4030 non
863 3972 1038 4027 deterrere
1051 3963 1238 4019 debentcet.
1258 3959 1338 4016 Certe

343 4082 375 4122 ee
392 4072 435 4123 est
453 4069 595 4128 sonantia.
632 4071 799 4139 (Quaecunque
816 4079 870 4120 sunt
887 4076 973 4126 autern,
991 4070 1161 4128 propterquam
1180 4053 1337 4119 disciplinari)
