3018 4634
574 259 687 319 Gustus
704 259 775 316 Bell.
794 258 853 316 (liv.
1136 259 1195 322 271

278 458 346 524 Ibd.
381 457 437 523 31:
480 457 557 529 Aut
586 473 676 524 ‚vero
709 456 798 539 quid
833 458 1077 540 proficimus,
1113 457 1148 522 si

177 563 439 632 discedimus?
492 561 608 630 scrin:
644 561 695 626 At
726 579 826 627 uero.
878 562 956 634 Aut
990 581 1089 646 neque
1117 581 1175 646 per
1206 581 1241 628 se

100 737 107 746 ,
177 671 283 751 epium
304 670 354 736 est
375 687 555 752 nequedum
577 683 663 731 vero
688 665 786 732 semel
796 667 897 749 posito
908 669 953 734 sic
964 667 1106 750 coniungi
1129 669 1239 750 potest.

277 774 352 843 Ibd.·
371 774 412 838 34
438 772 652 840 scribendum:
701 769 823 837 Simul
855 771 901 836 ob
934 771 1094 838 sinistro
1125 791 1243 838 cornu

177 880 214 946 P.
235 879 336 947 Attii
358 881 557 962 equitatus
588 877 711 949 omnis
743 877 781 942 et
801 895 874 943 uuo
904 876 1006 943 levis
1038 880 1242 944 armaturae

175 985 377 1056 interiecti
411 984 629 1066 complures
755 983 1015 1048 cernebantur
1041 991 1073 1046 ct
1101 982 1147 1047 sd
1176 1001 1243 1051 eos

177 1089 422 1172 Ouric(uulgo:
444 1088 709 1168 cernebantur.
741 1085 798 1153 Ad
819 1103 882 1152 eos
904 1086 1235 1170 Obequitstum...

176 1196 310 1263 mittit.
352 1193 496 1277 Alioquin
517 1191 636 1259 simul
656 1209 716 1256 nou
739 1189 842 1270 hebet,
865 1209 924 1276 quo
947 1192 1108 1260 referatur.

276 1300 345 1366 Lib.
365 1300 427 1378 ΙΙΙ,
447 1298 583 1364 tcaesrr
603 1297 765 1380 scripsisse
785 1295 922 1364 uidetur:
945 1315 991 1362 ex
1010 1297 1136 1363 servis
1158 1298 1243 1364 suis
1370 1313 1376 1322 ’

175 1406 474 1489 pastoribusque
495 1402 777 1486 amicorumque
797 1419 974 1468 suorumr
1011 1426 1014 1432 ·

275 1509 341 1576 Ibd.
381 1507 437 1573 10:
492 1507 750 1576 Condiciones
785 1507 896 1590 pacis
1028 1508 1156 1575 Romae
1193 1509 1245 1572 eb

175 1615 313 1681 senatu
343 1616 380 1678 et
412 1612 595 1696 apopnlo
617 1613 701 1696 peti
723 1613 867 1678 debere.
924 1613 1081 1680 Interes
1103 1615 1142 1678 et
1161 1613 1244 1678 rei-

174 1718 334 1801 publice
360 1718 398 1782 et
418 1717 520 1810 ipsis
542 1717 702 1799 plaeere
723 1720 917 1800 oportere,
950 1719 982 1783 si
1018 1719 1183 1802 uterque
1203 1717 1244 1784 in

176 1823 355 1890 contione
387 1822 531 1888 statim·
555 1823 775 1890 iuravisset
807 1823 866 1892 cet.
924 1823 1032 1908 Neque
1063 1823 1244 1906 reipublice

105 1955 110 1970 «
173 1927 295 2009 plaeere
317 1927 432 2011 aliquid
464 1929 549 1993 recte
572 1927 683 1994 dieitur
704 1931 759 1994 eut
778 1929 874 2006 etium
892 1929 1014 2011 placere
1041 1929 1071 1994 ei
1091 1929 1241 2011 oportere,

175 2051 274 2116 neque
304 2032 449 2108 bennum
484 2035 532 2101 est
561 2034 723 2116 placere
755 2035 949 2117 oportere,
985 2034 1017 2100 si
1134 2033 1241 2098 iuru-

174 2138 301 2204 visset
331 2157 387 2220 pro
421 2124 581 2220 eosquod
615 2142 664 2206 est
697 2142 903 2223 etr-nmque
929 2139 1070 2204 iurare.
1120 2137 1241 2228 Vitium

174 2244 253 2308 latet
282 2243 316 2308 in
347 2243 506 2310 intereo
550 2243 652 2336 Oresar
695 2246 864 2328 scripserat
992 2243 1140 2308 debere.
1194 2241 1244 2306 ld

175 2350 359 2412 interesse
400 2349 624 2431 reipublioee
660 2349 700 2412 et
732 2349 846 2431 ipsis,
866 2351 1036 2432 plaeere.
1053 2350 1239 2431 oportere.

175 2453 217 2518 Si
239 2455 401 2537 uterque
432 2455 471 2520 in
503 2454 958 2520 contionesduravisset
988 2453 1242 2520 se...exerei-

176 2559 255 2624 tum
282 2558 547 2633 dimissurum,
580 2559 774 2641 depositis
795 2560 915 2626 ermis
944 2606 1030 2639 ...‚
1061 2575 1243 2622 necessa-

175 2663 231 2728 rio
252 2665 387 2748 populi
408 2666 645 2746 senatusque
668 2663 812 2728 iudicio
833 2663 1134 2746 icreutrumque
1151 2679 1243 2728 con·
1371 2675 1373 2681 ’

174 2769 337 2836 tentum.
937 2796 939 2800 ·

274 2873 341 2938 Ibd.
376 2874 414 2939 ll
448 2874 516 2958 (ubi
549 2873 653 2958 agitur
684 2873 722 2938 de
743 2873 779 2940 L.
802 2872 947 2948 Vibullio,
980 2870 1127 2955 Pompeii
1147 2889 1249 2955 ,pre--

174 2978 268 3054 fecto,
287 2999 307 3046 e
329 2978 459 3062 Cessero,
483 2981 515 3044 in
539 2980 625 3046 cuius
646 2979 833 3062 potestetem
861 2980 998 3055 venerut,
1020 2998 1091 3045 cum
1112 2976 1242 3044 mende-

174 3087 216 3154 tis
241 3089 273 3154 et
293 3089 378 3171 pacis
401 3084 626 3154 condicionibus
639 3085 683 3160 ud,
692 3085 875 3167 Pompeium
895 3087 1022 3162 miscel:
1043 3082 1242 3150 Vibullius

175 3194 234 3260 his
272 3193 464 3276 expositis
497 3190 672 3275 Oorcyrae
709 3209 781 3256 nou
813 3192 938 3264 minus
974 3189 1241 3258 neceesarium

175 3317 260 3366 esse
290 3297 535 3366 existimovit
566 3297 610 3362 de
643 3297 856 3379 repentino
888 3297 1056 3362 adventu
1078 3293 1242 3360 Cereris

151 3403 400 3486 ‚Pompeium
420 3403 522 3470 fieri
543 3402 768 3481 certiorem,
792 3403 853 3468 cet
906 3403 978 3468 Iure
1007 3401 1159 3466 mirentur
1184 3401 1240 3466 Vi·

175 3508 318 3582 tellium,
339 3526 406 3592 quae
434 3508 472 3573 ad
494 3508 686 3590 Pompeium,
721 3506 774 3591 qui
804 3509 836 3573 in
858 3507 1014 3574 (tenderis
1044 3507 1119 3585 eret,
1151 3525 1241 3572 meu·

176 3613 251 3679 dete
272 3613 410 3692 heberet,
430 3613 567 3697 Corcyrae
589 3613 776 3694 exposuisse,
799 3612 904 3696 itaque
917 3611 1086 3696 Corcyrae
1107 3611 1241 3694 Nipper-

176 3718 263 3785 deius
285 3718 355 3784 tolli
375 3718 487 3796 voluit3
514 3717 571 3783 sed
590 3718 697 3782 menet
718 3717 870 3800 pravitae3
893 3717 942 3782 cui
963 3717 1046 3782 enim
1068 3717 1100 3780 et
1121 3716 1241 3798 quondo

177 3823 338 3908 exposuit?
394 3823 525 3906 Omnino
557 3821 741 3906 perridicule
772 3825 804 3889 ct
836 3840 978 3906 perverse
1011 3821 1081 3904 post
1110 3819 1273 3890 Caesaris·
1312 3903 1314 3906 Ι
1423 3811 1428 3817 ’

175 3928 322 3994 mandata
365 3929 467 3995 dende
509 3927 681 3994 orationem
718 3927 860 3995 continuo
911 3927 1049 4012 expositu
1092 3925 1242 3992 mandate

134 4026 139 4040 ’
177 4033 331 4110 dicuutur,
363 4035 430 4100 tum
462 4034 587 4103 demum
623 4034 661 4098 de
693 4033 803 4098 itinere
842 4033 882 4098 ed
916 4030 1098 4114 Pompeium
1120 4030 1237 4096 namuri
