2924 4660
425 221 429 228 ⁴
529 264 617 354 Taciti
634 264 767 336 Agricola.
896 281 897 286 ¹
1078 263 1138 328 567

119 463 395 534 consularibus
428 464 473 528 sio
496 463 618 541 dicitur,
652 463 738 546 quasi
768 462 821 528 alii
843 463 1015 531 consulares
1039 463 1182 530 contrarii

119 570 340 654 intelligantur,
372 588 500 659 proeo,
534 569 613 653 quod
635 588 703 635 esse
727 569 872 650 debebat:
912 571 1182 637 consularibus

119 694 264 759 quoque
286 676 429 760 legatis
453 675 526 758 (non
552 677 650 742 solum
673 677 853 759 praetoriis);
885 695 941 742 nec
963 677 1043 762 legio
1065 677 1182 742 nimia

98 785 201 860 vreate
224 783 351 860 dieitur,
385 800 496 865 neque,
530 782 556 847 si
584 783 795 848 consularibus
828 801 946 868 quoque
974 785 1021 861 (ut
1049 784 1093 850 ita
1115 786 1181 868 ipse

119 887 233 966 dicam)
254 888 350 954 nimia
381 887 502 966 fnisset,
535 888 694 970 praetorius
727 889 871 972 Agricola
900 890 1014 954 missus
1039 889 1081 954 ¹ad
1114 907 1181 954 earn

118 994 285 1078 regendam
307 996 401 1084 esset.v
444 994 553 1078 Itaque
575 991 659 1058 aliud
680 1012 789 1058 nomeu
812 987 971 1060 sententiae
1008 995 1180 1060 subiectum

118 1101 206 1165 latet.
251 1100 422 1183 Soripsemt
443 1100 569 1166 Tacitus
590 1099 653 1164 fere
675 1099 734 1164 sie:
846 1099 1070 1184 praeposuit.
1106 1098 1180 1164 Sub

119 1207 328 1272 decessore
377 1205 572 1272 seditiose
624 1225 736 1290 agere
790 1206 1033 1270 narrabatur.
1089 1206 1181 1270 Nam

118 1310 265 1394 legatis
299 1331 442 1396 quoque
476 1313 643 1396 (legionum
665 1311 824 1394 praetoriis,
858 1311 910 1395 qui
931 1312 1032 1395 plures
1055 1311 1086 1375 in
1111 1311 1182 1376 Bri-

118 1418 224 1482 tannia
246 1417 347 1500 erant)
371 1418 591 1481 consularis
612 1418 674 1480 uis
706 1416 825 1482 nimia
857 1436 900 1482 ac
930 1416 1183 1484 formidolosa

118 1526 202 1588 erat
237 1513 353 1599 (ulad
383 1542 451 1588 earn
484 1525 646 1608 confugere
679 1527 711 1589 et
739 1543 776 1589 oa
806 1523 844 1588 ad
871 1524 1025 1608 legionem
1058 1541 1181 1608 compe-

119 1629 266 1694 suendum
287 1629 333 1693 uti
355 1630 495 1707 nollent),
522 1648 589 1695 neo
610 1631 764 1714 legatus
786 1629 990 1713 praetorius
1014 1631 1071 1694 oet.

218 1735 285 1799 Ibd.
311 1733 350 1797 10
371 1754 415 1810 ea,
439 1753 505 1820 quae
530 1736 568 1802 de
590 1737 688 1801 forma
715 1736 881 1802 Britannia
904 1734 1055 1813 dicuntur,
1086 1735 1182 1799 inter-

118 1840 289 1922 punctionis
327 1859 427 1906 errore
460 1845 491 1907 et
527 1842 643 1907 librarii
679 1843 836 1926 partioulae
869 1842 1039 1907 adiectione
1073 1859 1179 1906 eonn-

119 1946 231 2026 perunt
263 1946 447 2012 ebeditores
479 1948 582 2014 minus
615 1949 692 2014 bene
712 1950 899 2022 t,raetarunt
931 1967 1028 2029 nuper
1057 1946 1180 2031 quidem

117 2049 294 2114 dolendot
280 2055 397 2118 temere
425 2053 567 2137 grassati.
625 2055 720 2120 Reate
742 2055 822 2121 enim
845 2055 948 2120 amula
972 2072 1006 2120 so
1027 2053 1183 2118 habebunt

119 2156 163 2220 sio
187 2157 348 2223 distincta:
394 2159 441 2224 Bt
473 2162 532 2228 est
560 2178 602 2224 ea
633 2159 756 2226 facies
794 2160 942 2245 (oblongae
972 2160 1100 2225 scutulae
1133 2159 1183 2224 vel

120 2263 273 2346 bipennis)
297 2261 351 2356 eit
359 2281 399 2328 ra
422 2263 687 2342 Caledoniam,
711 2266 808 2332 unde
833 2267 907 2331 et
899 2287 935 2330 ιιι
958 2257 1197 2332 universum

120 2369 224 2434 fama
261 2373 327 2434 est
390 2369 481 2447 (Bam
522 2372 798 2454 comparationem,
835 2390 902 2454 quae
937 2391 1025 2436 vere
1043 2371 1186 2436 convenit

121 2474 289 2540 Britanniae
320 2465 397 2539 eitra
421 2475 628 2551 Caledoniam,
653 2478 771 2573 famat
773 2479 859 2543 ranst
845 2477 918 2541 tulit
932 2475 971 2540 ad
985 2478 1184 2556 universam)

120 2579 402 2664 Transgressis
425 2581 568 2661 (coddt
573 2566 817 2666 ransgressis
851 2583 962 2654 sed)
953 2601 1185 2647 rmmensum

122 2690 160 2752 et
181 2704 332 2752 enorme
368 2687 540 2769 spatium
572 2690 889 2772 proourrentium
917 2690 1091 2754 extremo
1112 2689 1185 2753 iam

120 2794 238 2858 litore
274 2795 466 2858 terrarum
499 2794 664 2862 velutin
688 2814 845 2860 cuneum
880 2797 1076 2871 tenuatur.
1130 2795 1184 2872 (Si,
1232 2813 1234 2818 ·

121 2899 237 2963 intrata
269 2898 451 2979 Caledonia,
484 2901 667 2985 transgressi
699 2900 847 2966 fuerimus
879 2919 1000 2966 enorme
1033 2902 1185 2966 terrarum

120 3005 164 3069 ibi
196 3024 229 3069 se
251 3004 449 3088 pendentium
471 3007 615 3089 spatium,
643 3007 853 3072 Britanniam
879 3026 1007 3073 cuneum
1031 3010 1184 3074 tenuatur.

122 3109 222 3194 Caput
246 3113 314 3176 sent
316 3110 406 3174 entiae
429 3131 489 3178 non
523 3113 621 3196 magle
643 3113 674 3177 iu
698 3114 786 3179 aunei
808 3112 943 3196 imagine
966 3116 1013 3178 est
1036 3132 1129 3198 quem
1153 3115 1185 3178 in

123 3214 242 3310 enormi
264 3213 364 3294 spatio
387 3220 562 3295 tamarum)
626 3218 756 3284 Dativus
789 3219 940 3303 participii
963 3220 1051 3303 ponit
1053 3239 1088 3284 ur
1108 3222 1181 3286 noto

122 3339 180 3383 usu
214 3319 250 3384 de
284 3321 523 3387 condicionet
491 3326 523 3387 et
551 3323 618 3389 looo
646 3343 712 3389 rom
744 3328 831 3406 spee
818 3325 966 3390 andr
935 3328 966 3390 et
998 3328 1055 3390 aes
1042 3324 1186 3400 rmandr

124 3426 179 3490 Gr.
202 3426 270 3490 Lat.
247 3425 395 3512 tl§
336 3427 395 3490 241
431 3447 460 3494 n.
494 3428 531 3490 6.·
567 3430 646 3506 (Liv.
669 3430 717 3507 X,
751 3429 802 3509 30,
834 3431 865 3508 4,
897 3430 1012 3507 XXVI,
1044 3431 1186 3508 24‚11‚

123 3530 262 3606 XXXII,
285 3532 315 3608 4,
339 3532 369 3608 3,
391 3533 548 3608 XXXVII,
571 3534 622 3612 58,
641 3534 684 3613 8.)
741 3535 1044 3620 (Transgressis
1064 3535 1187 3612 dolat)

181 3683 183 3690 .
224 3637 290 3702 Ibd.
316 3638 354 3699 13
378 3639 456 3723 quod
478 3640 543 3721 ipse
565 3640 638 3704 olim
660 3660 851 3725 reppereram
874 3643 925 3720 (ni
947 3642 1060 3707 velox
1081 3642 1188 3725 inge·

124 3744 189 3808 nio
216 3744 351 3808 mobili
372 3745 620 3829 paenitentia),
654 3749 816 3830 ooeupavIt
837 3747 984 3823 Wexius;
1021 3746 1075 3812 sed
1097 3748 1187 3830 paulo

123 3851 230 3935 poste
253 3851 458 3934 vestigiishis
482 3851 636 3917 oodioum.
680 3852 799 3919 Divus
832 3853 1018 3934 Claudius
1052 3857 1166 3920 auoto
1150 3874 1188 3920 o·
1252 3941 1254 3946 ,

123 3959 245 4023 ritate
278 3958 476 4040 οριιιιειιι
461 3959 561 4023 ιτΙ)
593 3959 642 4025 cl
683 3970 814 4025 auctor·
846 3959 1018 4021 iterandi
1047 3957 1188 4042 operio.

124 4063 309 4142 (Wequs
301 4084 312 4127 1
319 4066 442 4130 terati
474 4064 609 4168 operis
660 4063 777 4128 Auctor
810 4065 930 4127 taudem
964 4065 1062 4148 operis
1096 4084 1187 4148 prave
1224 4130 1227 4138 ,
