2924 4660
594 343 709 404 Gellius.
1081 345 1141 408 597

119 541 1185 628 faotum‚nihiitamenadinvandieiusgratisiecerint,

118 649 330 734 reponendum
343 653 399 724 ost,
413 647 778 714 iereutvolebatdron.:
801 667 883 714 oum
908 653 946 713 et
968 649 1062 712 otilo
1084 661 1184 726 earet.

117 755 406 839 Nom-quamquam
432 755 660 820 utilesRhodii
695 757 815 833 essent,
849 756 924 841 nihil
957 761 1025 821 tum
1049 757 1187 822 fecerunt

119 863 235 946 (itaque
256 849 348 926 utiles
377 880 435 946 non
459 861 606 937 fuerunt),
628 861 692 937 sed,
715 880 903 944 quamquam
924 863 999 944 ipsis
1021 863 1098 929 utile
1122 864 1188 928 erat

120 967 308 1032 Antiochum
330 969 470 1045 vincere,
504 968 609 1034 tamen
639 987 709 1034 eum
740 988 800 1034 non
833 951 1024 1034 adiuverunt.
1053 968 1186 1039 ,undem

120 1073 221 1155 eapite
242 1071 264 1158 ξ
285 1071 327 1134 30
348 1073 393 1137 sin
414 1072 575 1139 scribitur:
612 1092 738 1156 neque
758 1074 929 1158 humana
954 1073 1044 1139 vita
1066 1092 1187 1158 nego·

120 1179 177 1245 tia
221 1183 257 1243 et
301 1181 481 1244 actiones
524 1182 561 1243 et
606 1179 745 1244 oifioia
787 1181 847 1245 vel
891 1178 1188 1262 oooupandivel

122 1284 331 1350 deferendi
367 1284 429 1348 vel
464 1284 685 1350 ulciscendi
726 1285 787 1350 vel
827 1284 999 1350 oavendi
1034 1285 1189 1376 similia

120 1409 210 1456 esse
233 1388 370 1474 pugnae
392 1392 431 1455 et
452 1390 718 1474 gladiatoriae,
754 1391 820 1475 ipso
842 1391 967 1457 Hortaio
988 1391 1134 1458 mendum
1156 1393 1188 1458 in

121 1496 190 1561 def
194 1497 327 1565 eraudi
360 1500 493 1570 notante,
529 1518 583 1579 pro
606 1498 718 1582 quoin
741 1497 798 1576 hae
820 1498 1049 1563 enumeratione
1072 1517 1187 1576 eorum,

6 1667 7 1670 ,
120 1621 189 1686 quae
211 1607 318 1668 eontra
338 1603 415 1670 alios
438 1604 483 1668 sio
504 1605 637 1688 agrrntur
659 1603 808 1686 fiuntque,
830 1602 866 1666 nt
887 1589 956 1667 arim
968 1622 1072 1688 pugna
1088 1604 1188 1688 gladi-

6 1699 7 1704 ’
120 1709 219 1776 atoria
240 1711 407 1794 comparari
429 1711 559 1792 possint,
583 1709 753 1774 neeessario
777 1709 972 1774 scribendum
995 1712 1043 1775 est
1064 1710 1106 1774 de
1105 1709 1188 1793 fen-

121 1814 248 1884 dendi:
273 1834 343 1880 nam
366 1815 584 1900 occupandi
606 1815 739 1898 pertinet
748 1813 787 1879 ad
801 1813 953 1896 impetum
975 1817 1056 1906 ultm
1073 1813 1190 1896 facien-

120 1922 206 1986 dum.
255 1922 318 2000 Et,
341 1921 419 2003 quod
443 1924 513 2005 post
534 1940 668 2006 pugna
689 1920 903 2002 interponitur,
925 1924 1026 1992 ortum
1051 1941 1088 1987 ex
1110 1941 1190 2006 prae·

124 2027 248 2094 oedenti
270 2049 294 2102 e,
319 2029 380 2092 Iao.
404 2027 573 2093 Gronovius
596 2034 678 2104 (nam
701 2027 743 2091 Io.
768 2026 928 2092 Frederioo
951 2029 1027 2094 talia
1048 2029 1079 2094 in
1103 2047 1189 2095 men·

122 2135 188 2198 tem
210 2152 269 2198 non
293 2133 469 2210 veniebant)
496 2135 618 2198 enarrat
646 2135 684 2198 et
718 2131 891 2214 quidem,
925 2119 1013 2217 quasi
1036 2135 1064 2200 h.
1086 2135 1107 2202 l.
1133 2135 1180 2200 nis

6 2309 8 2320 ,
112 2239 161 2316 ¹do
191 2258 251 2306 uno
283 2240 336 2304 iilo
357 2231 467 2322 pugnae
500 2257 613 2322 genero
635 2238 794 2322 cogitetur.
840 2238 900 2316 (De
933 2239 950 2322 §
977 2240 1019 2303 34
1047 2240 1108 2306 diri
1131 2240 1190 2306 vol.

122 2347 189 2428 Ip.
224 2345 279 2422 31,
314 2346 351 2410 de
374 2344 390 2426 ξ
414 2343 453 2406 35
477 2344 644 2410 emendatt.
670 2343 755 2407 Livv.
778 2365 808 2426 p.
834 2345 895 2410 603
916 2349 964 2425 n.)
996 2345 1080 2432 §38
1113 2365 1190 2430 quo·

6 2449 9 2548 j
123 2453 206 2518 niam
241 2453 273 2518 in
296 2451 448 2518 oodioibus
471 2450 844 2515 estRhodiensibus
877 2469 950 2516 non
983 2457 1026 2530 (u)
1049 2453 1189 2530 aberit,

6 2557 8 2564 ’
124 2559 322 2628 scribendum
357 2561 404 2620 est
435 2555 541 2620 eadem
571 2554 747 2636 sententia,
782 2554 997 2637 quantur.
1021 2556 1190 2624 Gronovius

121 2665 361 2748 interrogatione
384 2661 451 2726 siue
473 2679 543 2724 non
572 2660 695 2726 eiiioere
718 2647 873 2726 uolebatz'
899 2661 1190 2730 Rhodiensibus
1236 2682 1238 2686 ’

6 2739 9 2854 f
122 2766 359 2844 aonebere‘t,
396 2766 496 2849 quod
532 2785 603 2831 non
632 2766 944 2846 malefecerunt,
978 2767 1188 2854 sed[quia]

6 2855 8 2886 ¹
122 2873 300 2938 voluisse
337 2873 522 2954 diountur
565 2872 707 2937 iacere.
741 2872 850 2937 ¹Nam
894 2873 1190 2956 quiatollendnm

6 2953 9 2990 '⁹
123 2983 208 3064 puto.
253 2977 336 3060 (Non
368 2980 449 3044 male
484 2977 652 3055 fecerunt,
673 2977 728 3042 sed
762 2979 898 3046 voluisse
938 2980 1093 3055 diountur;
1135 2980 1191 3046 hoo
1268 3047 1271 3054 ,

6 3093 7 3100 ’
122 3104 183 3152 non
220 3085 312 3150 debet
347 3087 476 3162 obesse.)
529 3084 689 3148 Postremo
721 3080 742 3168 ξ
772 3081 812 3148 39
845 3085 984 3151 addenda
1020 3087 1191 3154 necessario

6 3277 7 3282 ἵ
123 3191 291 3276 particula:
336 3191 405 3255 His
439 3189 683 3273 argumentis
716 3187 802 3253 Tiro
824 3190 985 3258 Tullius
1007 3192 1050 3256 Μ.
1074 3191 1191 3268 Catoff

123 3317 208 3362 nem
340 3295 534 3360 conficere
568 3294 679 3368 dioit,
714 3293 1011 3364 Rhodiensibus
1043 3318 1191 3382 quoqne

6 3489 7 3492 Ἴ
123 3404 279 3487 impune
312 3421 397 3468 esse
430 3401 588 3474 debere,
625 3401 725 3484 quod
758 3401 896 3470 hostes
929 3403 1082 3487 quidem
1106 3423 1191 3470 ease

6 3507 7 3524 ¹
124 3510 263 3593 populi
286 3507 450 3578 Romani
484 3506 722 3582 voluissent,
753 3510 797 3573 ut
832 3511 897 3590 qui
919 3509 1097 3583 marimo,
1120 3510 1194 3590 ¹red

124 3634 198 3680 non
218 3616 404 3680 fuissent.
451 3605 595 3678 Hertriue
628 3632 644 3678 e
669 3611 821 3678 codicibus
844 3613 941 3678 edidit
964 3617 1006 3680 ut
1028 3614 1090 3698 qui
1111 3632 1192 3678 ma·

124 3722 225 3788 xime
246 3739 322 3785 non
341 3719 512 3784 fuissent
533 3719 599 3782 sine
620 3718 685 3784 ulla
706 3719 879 3796 sententia3
903 3721 1074 3800 superiores
1095 3719 1192 3786 inter·

124 3827 311 3911 potationem
346 3825 445 3898 secuti
478 3827 581 3888 erant:
629 3823 873 3902 voluissent,
912 3824 993 3890 etei
1024 3825 1191 3892 maxime

125 3951 196 4004 non
218 3932 412 4010 fuissent,
433 3949 535 4014 pravae
558 3947 627 3998 eam
649 3947 769 4014 qnoque
795 3930 955 3997 mutantia
977 3948 1034 3996 neo
1056 3931 1192 3998 oratione

124 4041 243 4108 rectam
274 4038 363 4116 (etsi
393 4038 573 4114 maxime,
614 4055 799 4121 quamquam
838 4037 1047 4104 rectissimum
1080 4039 1128 4104 est
1159 4037 1192 4103 si

123 4145 337 4223 marimet
365 4142 513 4210 Ooneedit
536 4140 631 4208 'Cato
674 4143 865 4207 voluntatem
907 4141 1030 4225 plenam
1064 4143 1192 4222 Rhodiis
