2924 4660
282 299 343 362 572
482 365 485 372 ι
626 299 688 355 uu»,
705 299 781 355 vm.
795 297 860 368 cap.
878 259 926 355 vi.

241 519 311 566 nem
345 519 403 566 nou
437 499 586 581 optimam
617 471 726 568 luisse.
765 499 813 566 vel
854 517 889 564 er
923 497 1076 564 Ciceronis
1119 493 1308 560 orationibus

240 606 369 690 agrariis
393 607 523 670 constat.

294 785 300 796 ‚
341 712 406 776 lbd.
434 711 491 774 20:
537 710 673 776 Cetera
693 713 803 784 item,
826 731 904 795 quae
926 709 1062 793 cuique
1084 708 1311 785 libuissent,

119 829 123 836 '
241 818 458 903 dilargitus
481 821 547 882 est,
593 819 722 882 Prorsus
739 816 912 898 ‚insolenter
932 817 989 880 boo
1011 815 1122 880 dieitur
1145 821 1213 897 (pro
1231 815 1309 895 pla-

242 925 444 1001 cuissent),
466 925 614 1008 longeque
641 923 721 988 alius
743 924 865 1007 generis
891 927 940 988 est
962 923 1044 1007 qnod
1066 921 1143 986 libet.
1198 920 1309 986 Sueto-

242 1031 310 1096 nius
333 1031 399 1095 sine
421 1029 512 1094 dubio
534 1029 699 1109 scripserat
722 1029 908 1092 libuisset
939 1029 980 1106 (ei
1001 1028 1109 1112 cuique
1142 1028 1309 1111 dilargiri);

245 1137 276 1201 id
301 1136 451 1220 quomodo
474 1138 648 1219 comuptum
685 1135 735 1214 sit,
769 1139 911 1218 apparet,
948 1135 1135 1217 meminique
1166 1135 1311 1199 similiter

241 1243 315 1308 alibi
338 1261 392 1326 pro
416 1259 460 1314 eo,
482 1241 563 1324 quod
584 1245 648 1308 ost:
672 1241 910 1326 qooeoidererur,
926 1240 1044 1324 saone,
1066 1240 1217 1323 seriptum
1240 1261 1310 1323 quae

209 1401 212 1409 .
242 1350 423 1411 viderentur.

342 1454 411 1520 Ibd.
434 1453 489 1517 22:
533 1453 582 1516 ΕΚ
618 1454 719 1518 omni
751 1453 1039 1536 provinciarum
1072 1452 1180 1534 eopia
1217 1453 1309 1518 Gal·

242 1562 318 1625 lias
356 1559 601 1642 potissimum
639 1561 774 1644 elegit,
818 1561 928 1624 ouius
971 1558 1229 1625 emolumento
1274 1561 1311 1624 et

243 1666 535 1750 opportunitate
572 1665 712 1730 idonea
743 1667 796 1732 sit
824 1664 988 1731 materia
1013 1663 1308 1747 triumphorum.

243 1774 388 1837 Extrema
418 1773 511 1837 verba
542 1773 649 1836 multis
672 1771 772 1838 modis
794 1772 958 1837 manifesto
981 1770 1091 1835 vitiosa
1116 1771 1160 1847 (iu
1183 1773 1309 1847 ouius,

243 1881 275 1943 in
301 1879 363 1954 sit,
387 1879 417 1942 in
439 1878 502 1942 bis:
540 1878 796 1942 emolumento
818 1877 959 1943 idonea
980 1878 1143 1942 materia
1164 1879 1311 1944 trium·

245 1985 451 2068 phorum)²)
484 1983 609 2048 lacobus
643 1983 814 2049 Gronovius
846 1988 932 2049 reete
967 1984 1011 2048 aio
1044 1984 1233 2057 emendavit,
1275 1989 1311 2051 ut

245 2089 368 2154 ouivis
390 2092 421 2151 et
442 2087 602 2153 idoneas
624 2089 786 2162 scriberet:
809 2090 864 2154 sod
885 2089 965 2172 quod
988 2109 1042 2173 pro
1065 2091 1118 2155 sit
1139 2091 1240 2174 posuit
1261 2094 1309 2170 et,

245 2197 417 2280 ponendum
451 2196 534 2271 erat,
568 2195 649 2278 quod
671 2196 857 2261 eontrarium
885 2200 968 2262 esset
989 2196 1160 2280 pronomini
1184 2195 1309 2260 ouivis

244 2306 276 2368 et
308 2302 373 2367 eius
406 2301 496 2384 positi
530 2320 653 2367 oausam
686 2303 862 2369 ostenderet
906 2303 1055 2387 (alioquin
1089 2303 1170 2366 enim
1214 2301 1310 2383 serip-

243 2411 309 2473 tum
333 2411 430 2472 esset:
464 2408 597 2490 elegit,
632 2409 895 2475 emolumento
928 2407 1017 2484 citt:
1054 2408 1176 2474 cuivis
1212 2425 1310 2470 emo-

230 2504 415 2579 lumento
446 2517 484 2578 et
509 2515 805 2598 opportunitate
831 2515 1004 2592 idoneas,
1039 2515 1117 2577 sibi
1146 2512 1310 2578 materia

245 2620 531 2701 triumphorum.

345 2725 412 2789 lbd.
431 2724 489 2788 28:
513 2729 549 2789 et
568 2744 612 2790 ne
635 2728 810 2793 absentis
832 2729 932 2795 ratio
955 2727 1135 2794 comitiis
1151 2726 1309 2790 babere·

149 2875 152 2880 -
245 2834 325 2908 tur,
348 2830 497 2913 quaudo
519 2850 587 2896 nee
607 2833 819 2915 plebiscito
845 2843 917 2918 (quo
939 2835 971 2898 id
993 2832 1107 2900 Caesari
1128 2849 1309 2896 conoessum

245 2937 324 3020 erat)
348 2937 552 3020 Pompeius
574 2943 709 3020 postea
730 2941 968 3025 obrogasset.
1023 2939 1194 3022 Negatione
1217 2943 1310 3012 (neo)

245 3043 431 3108 sententiam
454 3043 549 3106 everti
572 3043 745 3112 Gronovius
773 3047 886 3131 aliique
909 3045 1064 3121 viderunt3
1083 3044 1151 3109 'sed
1174 3043 1309 3112 seriben-

246 3147 317 3212 dum
343 3165 401 3212 non
437 3149 583 3230 quando
615 3155 667 3226 et,
700 3151 755 3216 sed
776 3152 924 3235 quando
957 3157 991 3214 ei
1011 3150 1216 3233 plebiscito
1239 3153 1309 3232 (quo

244 3254 276 3318 id
297 3253 481 3331 iubebatur).
527 3247 595 3340 [Sio
617 3256 858 3342 Torrentius.]²)

345 3359 413 3422 Ibd.
458 3359 514 3426 31:
566 3362 654 3428 Cum
695 3383 789 3454 ergo·
827 3365 1019 3437 sublatam
1064 3364 1309 3428 tribunorum

247 3588 443 3597 Μ

150 3704 153 3709 ’
277 3719 296 3784 ¹)
316 3717 384 3772 Mire
411 3717 527 3774 Rotbius
558 3735 582 3787 p.
609 3717 711 3773 XXXV
739 3720 845 3774 videtur
872 3721 979 3789 putasse
1008 3721 1116 3774 tautum
1143 3719 1196 3772 sit
1222 3733 1310 3788 repre·

316 3810 407 3866 bandi.

274 3925 296 3994 ²)
318 3925 433 3980 Rothius
444 3925 572 3981 Gronovii
590 3926 776 3990 coniecturam,
795 3925 950 3981 Burmeuno
968 3927 1140 3983 etllrnestio
1159 3925 1306 3998 probatam,

317 4018 426 4072 silentio
445 4019 625 4087 pretermisit,
654 4019 731 4088 quasi
759 4017 831 4072 nihil
849 4023 919 4073 esset
943 4019 1114 4075 difficultatis
1133 4021 1181 4090 aut
1203 4016 1310 4073 dubita·

317 4111 408 4165 tionis.
446 4109 574 4164 Pluribus
594 4109 721 4181 exemplis
739 4109 871 4166 abstineo.
