3018 4634
275 255 337 322 246
635 259 900 330 convucspm

232 457 340 520 ditur
360 458 484 544 (rnlgot
516 459 613 542 qnod
642 475 716 526 non
736 459 843 526 ierat
871 458 1049 538 auditor).
1097 459 1158 538 (De
1178 479 1209 544 p.
1239 461 1300 526 144

233 561 295 630 vid.
316 564 376 630 rol.
396 565 413 630 I
433 583 465 648 p.
488 564 572 643 153.)
1203 565 1206 570 “
1302 599 1308 606 ·

674 897 760 982 Gap.
781 899 851 965 lll.

617 1015 715 1073 Cesar.
752 1015 908 1073 Sallustius.

330 1157 521 1262 adispersis
537 1129 744 1224 Ciceroniana
765 1157 905 1226 materia
926 1157 1064 1242 reliqniis
1085 1157 1174 1226 renio
1195 1158 1293 1228 liben-

232 1263 281 1328 tsr
302 1262 342 1328 ad
363 1263 535 1344 (laomen,
572 1262 612 1330 ai
633 1265 720 1330 cuins
741 1263 975 1332 commentarios
995 1263 1205 1332 emendandos
1229 1286 1297 1352 qna

232 1371 388 1449 annotavi,
421 1371 486 1436 fere
506 1370 628 1455 integra
649 1390 754 1450 servo,
783 1371 897 1456 partim
919 1372 992 1438 ante
1015 1387 1112 1438 annos
1133 1391 1194 1438 non
1216 1391 1298 1456 pao·

121 1481 132 1492 '
231 1494 283 1542 cos
304 1477 388 1558 nata,
408 1475 523 1559 partim
544 1493 666 1558 pancos
683 1477 795 1544 abhinc
817 1496 926 1552 annos,
947 1495 1018 1544 cum
1040 1477 1116 1554 cius,
1153 1479 1297 1562 quitum

231 1581 369 1650 Galliam
382 1582 517 1668 imperio
537 1583 673 1666 rogabat,
706 1582 745 1649 de
781 1583 847 1650 rita
877 1583 1028 1668 rebusque
1050 1583 1181 1651 (laseris
1203 1603 1296 1668 opero

231 1706 288 1773 ego
316 1709 436 1774 quoqne
463 1689 504 1754 ad
524 1689 579 1754 hos
601 1689 696 1756 libros
725 1688 904 1774 relegendos
925 1690 1074 1756 excitatns
1107 1690 1222 1756 aenaim
1243 1709 1296 1756 eos

230 1793 276 1860 ita
295 1796 490 1880 pertractavi,
512 1796 548 1861 nt
563 1795 742 1880 Nipperdeii
763 1794 973 1862 recensionem
993 1795 1034 1862 ad
1054 1796 1296 1882 imitamentum

231 1899 358 1983 abipso
380 1901 541 1968 collectum
563 1902 807 1987 dispositumque
829 1903 991 1988 erigerem.
1047 1902 1099 1968 Ao
1120 1921 1172 1968 oaa
1194 1903 1295 1986 copias

230 2024 322 2086 nnnc,
355 2025 426 2072 cum
453 2007 520 2072 haec
554 2005 673 2074 edenda
699 2027 959 2094 recognoscerem,
988 2007 1114 2074 adiunxi
1142 2007 1298 2076 Dnebneri

231 2113 406 2196 exemplum
427 2113 555 2179 Parisiis
592 2133 619 2178 a.
654 2112 735 2178 1867
764 2115 1013 2198 splendidissime
1044 2113 1231 2196 impressum
1264 2114 1296 2179 ot
1357 2105 1365 2126 '

230 2239 298 2304 quae
319 2219 396 2285 mihi
418 2220 458 2286 ab
479 2221 548 2288 aliis
582 2220 708 2287 inventa
738 2223 769 2286 et
802 2220 959 2306 disputata
987 2219 1069 2306 apud
1097 2220 1296 2286 Dnebnemm

230 2327 285 2392 ant
305 2327 380 2396 olibi
401 2331 613 2403 occurrerunt,
646 2347 707 2394 non
738 2345 838 2410 panca
859 2325 984 2409 quidem
1006 2325 1109 2392 inania
1130 2328 1164 2391 et
1183 2344 1295 2408 pamm

146 2485 158 2498 .
229 2431 395 2515 prudenter
431 2434 605 2519 excogitata
639 2435 671 2498 in
706 2433 813 2512 libris,
857 2451 932 2517 qnos
968 2451 1077 2500 omncs
1114 2433 1147 2500 in
1183 2430 1295 2498 scholis

229 2538 342 2603 terunt.
413 2538 462 2604 Ac
508 2541 546 2606 de
591 2539 731 2607 coelicum
776 2539 902 2624 quidem
943 2539 1106 2624 generibus
1150 2537 1182 2602 ot
1223 2555 1296 2603 anc-

228 2644 375 2720 toritate,
422 2646 502 2729 qnod
544 2645 584 2712 ad
630 2665 785 2713 sommam
830 2664 897 2713 rem
926 2646 1065 2726 attinet,
1112 2642 1296 2730 Nipperdeio

229 2749 453 2836 Duebneroqno
474 2752 520 2816 ita
534 2753 696 2832 assentior,
717 2751 809 2840 longo
830 2751 1052 2836 praeferendam
1074 2770 1142 2818 esse
1164 2751 1296 2818 alteram

229 2859 347 2922 sectam
371 2858 467 2923 otiam
488 2857 697 2941 antiquiorum
736 2858 960 2943 (Bongaraiani
983 2857 1169 2944 Parisisneia
1191 2855 1295 2940 primi,

228 2962 382 3042 Vaticani)
419 2963 509 3030 alteri
539 2964 794 3048 interpolatorem
819 2966 852 3032 ot
873 2967 1091 3042 correctorum,
1124 2965 1160 3029 nt
1180 2966 1295 3042 tamen,

231 3067 312 3152 qnod
336 3069 384 3136 illi
406 3089 466 3138 non
487 3071 613 3156 negant,
636 3068 668 3134 in
690 3070 748 3136 hac
770 3089 806 3138 ex
828 3091 883 3138 suo
904 3071 989 3138 tonte
1009 3069 1166 3138 interdum
1188 3087 1294 3135 nerum

229 3173 331 3240 verive
352 3176 484 3261 vestigia
505 3177 627 3242 servata
648 3194 731 3246 esse.
762 3177 795 3244 id
817 3196 883 3264 ego,
913 3176 1046 3244 maximo
1078 3175 1110 3244 in
1131 3174 1293 3259 postremis

229 3281 303 3347 belli
315 3281 427 3350 Gallici
447 3283 544 3358 libris,
565 3282 656 3368 paulo
676 3282 771 3350 latius
793 3287 897 3367 patere
918 3284 1034 3366 putem,
1057 3281 1095 3348 dc
1116 3300 1174 3366 quo
1194 3280 1294 3345 dicam

229 3387 374 3454 nonnulla
384 3389 423 3455 ad
435 3389 473 3469 V,
496 3389 578 3472 25.¹)
599 3389 635 3455 In
654 3389 729 3456 belli
748 3389 847 3456 civilis
863 3389 1103 3470 commentariis,
1124 3375 1289 3472 inquibus
1348 3456 1351 3462 ,
1484 3379 1486 3396 ’

228 3495 352 3561 tontum
385 3494 586 3564 deterioribus
618 3496 773 3564 codicibus
792 3495 928 3570 ¹utimur,
951 3495 1082 3562 accessit
1103 3494 1236 3560 maxime
1260 3493 1293 3558 in

260 3903 280 3972 ¹)
302 3903 353 3958 llic
371 3903 519 3974 typotheta
538 3902 592 3956 iam
610 3899 720 3956 traditis
738 3901 827 3971 accepi
846 3899 984 3972 Philologi
998 3901 1053 3956 vol.
1070 3895 1163 3986 xm
1183 3897 1245 3953 iaec.
1264 3893 1290 3976 3,

296 3995 326 4050 in
344 4012 396 4066 qno
416 3995 543 4051 Hellerns
562 3997 590 4049 et
610 3993 677 4049 alibi
695 3996 723 4050 st
740 4011 766 4064 p.
786 3995 838 4051 51⁷
870 3997 898 4050 et
916 3997 968 4052 519
996 3991 1155 4050 incendam
1183 3993 1294 4047 senten·

299 4089 367 4144 tiam
385 4086 542 4158 disputarit.
