3000 4638
331 231 392 296 376
686 227 748 284 Lib.
756 227 834 284 vm.
843 225 954 295 Gap-11.

289 451 366 500 sare.
409 427 626 496 Revocendum
648 445 665 491 e
685 424 838 492 codicibus
860 422 1117 502 constantie,
1139 423 1175 486 ut
1196 442 1266 489 cum
1283 441 1355 490 acu·

289 539 372 604 mine
393 536 497 621 aliquo
512 532 629 598 Seneca
641 531 731 606 dicat,
754 529 834 615 quod
855 530 888 594 in
909 529 958 594 his
978 528 1152 594 hominihus
1164 528 1356 596 desideretur

287 645 409 719 levites,
444 660 507 708 non
528 639 707 704 constantie
729 635 857 702 adonius
880 635 971 718 culpa
998 634 1075 701 fiori.
1135 635 1167 718 (5
1196 636 1215 698 7
1245 636 1355 703 codem

287 749 388 830 modo,
412 743 637 833 quoHauptius
658 745 674 808 1
693 762 723 825 p.
748 742 778 820 6,
800 760 828 806 a
850 741 931 806 1855
945 743 1188 808 emendaveram.
1226 743 1302 827 θος
1317 742 1356 807 10

289 858 345 922 cfr.
368 855 428 922 vol.
451 854 469 918 I
490 872 520 936 p.
539 851 581 916 59
594 869 640 927 n.;
662 849 717 916 sed
731 849 776 914 ita
797 847 861 912 ism
884 848 1043 915 Bentleius
1059 848 1269 929 iudicaverat)
1292 849 1356 916 Sub

287 963 382 1030 finem
416 960 525 1046 cepitis
550 955 628 1037 (13),
657 955 711 1020 uhi
741 955 926 1022 describitur
956 957 1068 1024 levites
1095 955 1256 1022 hominum
1289 957 1356 1022 loca

286 1066 485 1140 mutantium,
520 1065 654 1149 primum
690 1061 859 1128 exhortatio
886 1061 1025 1145 ipsorum
1060 1063 1203 1145 ponitur:
1247 1064 1354 1129 Nunc

288 1171 534 1257 Campaniam
567 1171 760 1254 petamus,
802 1168 914 1234 deinde
953 1189 973 1234 a
1010 1168 1128 1234 Seneca
1169 1169 1355 1236 interimitur
1407 1255 1408 1258 Ἴ

286 1280 415 1346 mumtae
460 1275 629 1343 voluntatis
676 1275 810 1341 notatio:
855 1275 935 1342 Iam
977 1276 1153 1342 delicate
1193 1277 1354 1342 fastidio

287 1386 391 1460 sunt;
436 1387 505 1448 tum
548 1400 628 1447 nova
671 1380 744 1444 hinc
786 1381 954 1448 exhortatio
996 1382 1146 1450 nascitur:
1196 1382 1355 1450 Inculta

286 1490 495 1556 videantur
516 1487 772 1573 [visenteri];
806 1487 985 1555 Bruttios
1016 1490 1053 1554 et
1076 1489 1253 1556 huoaniae
1276 1492 1355 1558 sal-

286 1599 347 1663 tus
385 1612 674 1680 persequamur;
721 1612 827 1660 rursus
860 1595 998 1680 sequitur
1033 1595 1151 1661 fastidii
1177 1598 1355 1664 notatioot

286 1704 357 1769 inde
379 1703 479 1768 oriens
500 1702 573 1768 novi
595 1698 657 1766 loci
678 1701 805 1784 petendi
827 1702 1006 1769 consilium:
1044 1701 1207 1786 Aliquid
1227 1705 1354 1771 temen
1467 1705 1468 1784 l

284 1811 393 1876 inter
414 1801 568 1875 deserta
590 1808 971 1893 amoeni.rcqur'ritur‚
1000 1810 1037 1875 in
1063 1828 1134 1892 quo
1163 1810 1354 1879 luxuriosi
1467 1795 1468 1884 Ξ

287 1915 388 1982 oculi
417 1915 530 2000 longo
558 1915 727 1980 locorum
759 1914 1003 1982 horrentium
1039 1916 1221 2000 squalore
1251 1915 1375 1984 rele·'
1467 1961 1468 1972 r

163 2025 167 2031 '
287 2021 435 2088 ventur.
478 2021 690 2086 Tarentum
722 2023 884 2104 petatur
913 2022 1175 2106 laudaturque
1203 2027 1352 2105 portus,

288 2130 346 2194 oet
404 2127 454 2193 Sic
489 2127 572 2192 enim
603 2146 658 2210 pro
693 2127 916 2211 requiratur
956 2128 1053 2212 (quod
1091 2128 1193 2210 ipsum
1226 2129 1353 2195 verbum

288 2236 329 2300 ab
378 2233 584 2300 exhortatione
627 2233 718 2299 valde
760 2234 895 2309 alienum
944 2236 1004 2313 est)
1053 2233 1247 2300 scribendum
1296 2238 1353 2303 est

287 2340 682 2421 (Christensen-Schmidt.)
736 2340 881 2425 Sequitur
902 2340 987 2421 (15):
1019 2339 1191 2405 'Infirmi
1224 2359 1352 2408 sumus

288 2448 462 2514 adomne
488 2448 747 2526 tolerandum,
784 2466 852 2513 nec
887 2448 1033 2514 laboris
1068 2447 1267 2531 patientes
1288 2467 1354 2514 noc

197 2600 199 2604 -
287 2555 524 2638 voluptatis,
566 2573 634 2621 neo
666 2557 809 2621 nostrae
836 2573 905 2620 nec
939 2554 1064 2620 ullius
1099 2553 1354 2633 reinerius,

287 2660 340 2726 nbi
361 2661 439 2727 scire
461 2662 648 2747 velimque
670 2663 822 2745 pertineat
855 2662 1007 2736 nostrac3
1039 2678 1112 2724 nam
1134 2679 1153 2726 a
1174 2661 1230 2726 rei
1250 2661 1355 2728 divelli

287 2769 402 2834 etcum
423 2768 637 2852 voluptatis
659 2769 801 2853 coniungi
811 2785 907 2852 neque
919 2785 973 2850 per
983 2766 1128 2832 orationis
1139 2765 1241 2852 legem
1252 2770 1356 2852 potest

285 2893 344 2940 nec
370 2875 415 2940 itu
440 2875 522 2940 ullus
549 2875 681 2942 efficitur
713 2893 836 2950 sensus3
869 2872 925 2939 sed
958 2872 1054 2938 nihilo
1087 2874 1198 2940 melius
1231 2875 1353 2956 dicitur,

287 2981 427 3047 homines
447 2999 509 3046 non
531 2999 599 3048 esso
624 3001 686 3048 suae
707 2981 763 3048 rei.
809 2980 880 3046 Nisi
894 2980 992 3060 fallor,
1014 2982 1156 3048 nostra
1178 2999 1352 3048 accommo·
1432 3057 1435 3066 q

287 3087 409 3152 datione
431 3089 539 3152 natum
561 3089 620 3165 est,
643 3106 713 3152 oum
735 3088 854 3153 Seneca
875 3087 1064 3170 scripsisset:
1086 3104 1210 3172 neque
1231 3088 1355 3153 nostri

286 3211 406 3275 noque
426 3193 549 3258 ullius
570 3193 627 3259 rei
649 3192 813 3273 diutius,
849 3194 908 3259 hoo
929 3195 992 3269 est,
1025 3211 1124 3276 neque
1146 3194 1354 3279 nobismetip-

286 3301 330 3366 sis
352 3297 468 3365 addicti
498 3301 529 3364 et
555 3300 667 3364 nostrae
695 3299 857 3384 potestatis
889 3319 988 3384 neque
1020 3298 1077 3364 ulli
1105 3301 1149 3364 rei
1182 3299 1302 3366 obnoxii
1323 3303 1354 3366 et

287 3405 455 3471 servientes
476 3405 602 3485 diutius,
624 3410 768 3490 perpetuo
791 3406 934 3474 dominos
956 3407 1123 3474 mutantes.
1137 3407 1163 3483 1)

287 3627 487 3636 *ιι-,-

307 3776 329 3839 ¹)
358 3774 423 3847 Cap.
440 3777 466 3840 3,
485 3777 502 3831 4
520 3775 671 3831 adiuvanda
687 3775 814 3832 nonnihil
840 3775 971 3846 scaligeri
989 3773 1147 3838 emendatio,
1166 3773 1198 3827 ut
1207 3771 1351 3828 scribatur:

359 3870 519 3938 quantum
547 3871 693 3937 prareiro
732 3868 855 3924 bonnm
888 3869 947 3937 (pro
978 3867 1215 3939 gratuitorum
1245 3863 1353 3919 homi-

357 3963 442 4030 num)
472 3962 522 4016 sit
550 3960 636 4016 hona
662 3961 890 4017 conscientia
939 3959 1104 4016 Advertiunr
1133 3959 1293 4029 adiungitur
1319 3955 1353 4012 ad

256 4039 273 4066 ‘
357 4054 471 4125 parandi
488 4054 624 4110 notionem
642 4054 772 4112 inclusam
798 4055 829 4110 in
849 4054 939 4111 verbis
966 4055 1132 4127 quantum
1157 4053 1207 4111 rit
1222 4052 1354 4109 bonum.
