2956 4648
575 284 681 340 Plinius
699 284 792 340 Maior.
1118 283 1178 348 525

160 485 323 568 quinque
345 483 550 548 marimum
574 481 748 567 Cyprum
770 481 953 549 adiectiuum
977 502 1077 549 errore
1088 486 1221 550 tractum

159 591 199 658 sd
221 611 263 657 ex
285 589 449 675 quinque
471 590 527 652 est.

259 693 417 770 Lib.v11‚
443 692 519 755 116:
549 691 619 756 Sed
641 710 710 775 qno
732 695 785 768 te,
820 691 864 756 M.
888 692 1011 769 Tulli,
1117 715 1221 782 mar·

159 804 231 870 ime
266 799 524 866 excellentem
557 797 700 880 insigni
729 797 953 880 praedicem?
989 821 1060 884 quo
1091 804 1249 886 potius

160 927 271 991 quem
301 905 474 970 univer-si
506 902 636 988 populi
666 902 778 972 illius
811 904 943 986 gentis
982 907 1223 991 amplissimo

160 1010 407 1088 tetimonio,
440 1029 458 1074 e
488 1011 571 1074 tota
606 1009 686 1072 vite
715 1019 781 1072 tua
813 1012 1040 1077 consulatus
1070 1015 1222 1080 tentum

161 1118 343 1201 operibus
365 1115 465 1180 elect
453 1115 526 1180 tis?
572 1112 712 1181 Ridicule
736 1117 806 1198 post
831 1118 965 1198 populi
989 1116 1223 1200 additenqucm

160 1223 260 1288 maius
301 1223 333 1286 et
371 1217 710 1304 proprinm1illius
752 1221 883 1302 gentis
925 1223 1091 1305 apparet-
1126 1219 1223 1288 Scrib.

160 1328 291 1413 populi
327 1326 438 1408 illius
473 1324 639 1408 siponeis
673 1323 828 1402 (libertate
861 1327 928 1390 et
919 1329 1056 1409 smperio
1088 1346 1158 1402 non,
1189 1331 1224 1393 ut

160 1453 251 1508 nune
274 1429 474 1517 languescent
474 1431 526 1508 is).
561 1429 637 1502 (Det
636 1427 682 1492 lef
680 1428 783 1493 senius
805 1430 1024 1508 sciscentis
1046 1435 1131 1499 recte
1153 1454 1223 1518 par-

161 1540 301 1624 ticipium
324 1538 449 1604 subesse
470 1537 567 1610 ratus,
589 1533 643 1598 sed
665 1533 769 1598 infelix
791 1533 937 1613 delectu.)

262 1645 329 1710 nib.
351 1641 408 1722 XI,
445 1641 502 1706 69:
546 1639 713 1704 Vitahis
736 1640 869 1721 (opibus)
896 1640 1147 1724 longissima,
1182 1649 1223 1710 ιιι

162 1768 343 1836 prospere
375 1747 536 1812 inimica
571 1763 611 1809 ae
647 1744 812 1810 fortuite
845 1744 999 1819 cedant,
1050 1751 1223 1832 septenis

162 1858 285 1924 annis.
338 1854 530 1922 Universa
573 1851 678 1916 aluos
721 1868 920 1932 numquam
956 1851 1061 1918 ultre
1093 1855 1223 1924 decem

163 1980 280 2029 annos
313 1959 477 2026 durasse
510 1956 697 2040 proditur.
751 1955 802 2022 Sic
830 1956 972 2022 distinxit
1002 1957 1224 2040 Detlelsenins;
1327 1995 1329 2000 ·

163 2067 332 2150 superiores
369 2064 480 2138 annis
526 2061 715 2128 universe
773 2062 893 2128 Alvos
930 2064 989 2127 oet.
1045 2064 1090 2130 llo
1126 2068 1225 2150 magis

163 2175 250 2257 sequi
272 2171 404 2238 debebat
425 2170 520 2251 script
521 2187 607 2234 uram
630 2168 742 2234 codicis
763 2167 971 2251 palimpsesti:
1021 2167 1226 2234 Universos

163 2280 270 2344 slrus
307 2281 387 2360 (quae
424 2293 478 2339 con
480 2274 581 2340 trariee
626 2275 780 2356 ponuntur
811 2272 940 2356 singulis
973 2273 1106 2356 apibus).
1165 2275 1225 2341 Sed

163 2385 256 2452 simul
292 2381 385 2448 scribi
421 2378 527 2445 debet:
572 2377 663 2444 Vite
698 2377 758 2442 his
787 2377 1023 2460 ¹longissima
1141 2402 1226 2465 rep-

163 2489 366 2552 tenr'onae'.
883 2547 889 2564 ι

262 2591 329 2658 ιιι.
371 2590 427 2655 9οι
480 2588 635 2654 Homini
677 2587 821 2665 istola
860 2589 1028 2672 scorpione)
1071 2594 1227 2674 putetur

164 2718 248 2764 esse
272 2697 469 2763 remedio'
461 2712 629 2778 ipsorum
652 2693 750 2760 cinis
772 2695 912 2777 potus
904 2715 942 2759 ιιι
967 2695 1064 2760 ιιιο.
1120 2697 1226 2780 Mag-

163 2823 247 2871 nam
290 2801 485 2868 adversita
490 2801 565 2864 tem
598 2798 681 2866 oleo
724 2798 860 2864 mersis
905 2802 941 2863 et
977 2801 1237 2868 stellionibus¹

163 2911 302 2991 putant
335 2925 433 2983 esse
468 2905 642 2970 innocuis
672 2903 859 2970 duntaxat
895 2905 960 2974 ιιι
994 2907 1060 2988 qui
1092 2909 1129 2972 et
1150 2909 1227 2992 ipsi

164 3014 297 3078 carent
320 3011 521 3094 sanguine,
558 3010 792 3075 lacertarum
814 3009 955 3094 ligura,
986 3013 1101 3094 etque
1121 3033 1227 3080 soor-

162 3119 299 3202 piones
320 3116 357 3181 in
379 3118 499 3192 totum
523 3115 619 3180 nulli
642 3133 793 3194 nocere,
815 3115 951 3198 quibus
973 3118 1118 3184 nonsit
1139 3137 1228 3186 san-

162 3223 257 3306 guis.
285 3221 462 3286 Ridiculum
473 3221 530 3285 hoo
541 3221 651 3302 totum,
665 3219 747 3303 quod
760 3240 853 3286 unum
866 3221 959 3286 verbs
970 3207 1144 3306 significare
1158 3242 1225 3308 pos·

163 3329 245 3403 sunt,
267 3328 305 3392 de
327 3326 534 3409 scorpionibus
555 3329 634 3400 tum,
655 3343 725 3390 oum
747 3326 813 3390 oleo
835 3325 928 3392 mersi
949 3327 1020 3402 sint
1050 3329 1227 3394 stellionum

162 3431 314 3508 inimicis,
348 3433 379 3496 et
411 3432 449 3496 de
480 3430 671 3498 stellionibus
705 3430 888 3514 quibusdem
910 3430 1059 3511 innocuis,
1082 3435 1226 3518 quoniam

163 3537 286 3603 omniuo
318 3537 368 3602 hic
399 3538 437 3624 de
469 3536 661 3602 stellionibus
695 3554 750 3616 per
782 3555 815 3602 se
848 3555 909 3602 non
943 3537 1052 3622 egitur.
1096 3539 1134 3603 ld
1155 3539 1226 3613 dici,

162 3641 273 3726 quibus
309 3642 481 3725 scorpiones
513 3660 570 3706 non
600 3642 738 3718 account,
773 3644 900 3726 apparet
926 3643 1085 3726 perspicue
1114 3663 1150 3709 er
1172 3662 1227 3726 po-

163 3747 287 3813 stremis
309 3747 420 3812 uerbis.
454 3746 626 3830 Scripserut
639 3746 774 3812 Plinius:
797 3747 951 3814 Homini
972 3748 1049 3813 icto
1071 3751 1228 3830 putetur

164 3871 246 3918 esse
267 3852 434 3918 remedio
454 3851 622 3934 ipsorum
645 3851 743 3916 cinis
766 3855 880 3933 potus
902 3854 939 3918 in
961 3853 1064 3930 vino,
1092 3875 1228 3936 mappa

163 3958 407 4023 aduersitate.
464 3955 558 4024 Oleo
588 3957 727 4022 mersis
749 3960 786 4021 et
807 3957 1064 4023 stellionibus
1086 3961 1228 4041 putant

163 4081 251 4130 esse
290 4066 488 4137 innocuos,
524 4062 797 4140 duntarntiis,
833 4063 896 4145 qui
932 4065 968 4127 et
989 4063 1063 4146 ipsi
1090 4067 1228 4130 'curent
