<?xml version="1.0" encoding="UTF-8"?>
<!DOCTYPE html PUBLIC "-//W3C//DTD XHTML 1.0 Transitional//EN"
    "http://www.w3.org/TR/xhtml1/DTD/xhtml1-transitional.dtd">
<html xmlns="http://www.w3.org/1999/xhtml" xml:lang="en" lang="en">
 <head>
  <title>
</title>
<meta http-equiv="Content-Type" content="text/html;charset=utf-8" />
  <meta name='ocr-system' content='tesseract 3.04.00' />
  <meta name='ocr-capabilities' content='ocr_page ocr_carea ocr_par ocr_line ocrx_word'/>
</head>
<body>
  <div class='ocr_page' id='page_1' title='image "./adversariacriti03madvgoog/adversariacriti03madvgoog_0572.png"; bbox 0 0 2924 4660; ppageno 0'>
   <div class='ocr_carea' id='block_1_1' title="bbox 496 271 1141 336">
    <p class='ocr_par' dir='ltr' id='par_1_1' title="bbox 496 271 1141 336">
     <span class='ocr_line' id='line_1_1' title="bbox 496 271 1141 336; baseline 0.012 -10"><span class='ocrx_word' id='word_1_1' title='bbox 496 271 584 326; x_wconf 80' lang='lat' dir='ltr'><strong>Taciti</strong></span> <span class='ocrx_word' id='word_1_2' title='bbox 603 272 738 328; x_wconf 82' lang='lat' dir='ltr'>Historia.</span> <span class='ocrx_word' id='word_1_3' title='bbox 1083 273 1141 336; x_wconf 82' lang='lat'>561</span> 
     </span>
    </p>
   </div>
   <div class='ocr_carea' id='block_1_2' title="bbox 122 469 1187 564">
    <p class='ocr_par' dir='ltr' id='par_1_2' title="bbox 122 469 1187 564">
     <span class='ocr_line' id='line_1_2' title="bbox 122 469 1187 564; baseline 0.002 -27"><span class='ocrx_word' id='word_1_4' title='bbox 122 475 163 538; x_wconf 89' lang='lat' dir='ltr'>et</span> <span class='ocrx_word' id='word_1_5' title='bbox 195 472 317 552; x_wconf 84' lang='lat' dir='ltr'>Helii)</span> <span class='ocrx_word' id='word_1_6' title='bbox 354 471 568 554; x_wconf 87' lang='lat' dir='ltr'>perierunt.</span> <span class='ocrx_word' id='word_1_7' title='bbox 626 469 822 564; x_wconf 86' lang='lat' dir='ltr'>Postremum</span> <span class='ocrx_word' id='word_1_8' title='bbox 852 470 979 536; x_wconf 84' lang='lat' dir='ltr'>verbum</span> <span class='ocrx_word' id='word_1_9' title='bbox 1008 473 1090 538; x_wconf 87' lang='lat' dir='ltr'>varie</span> <span class='ocrx_word' id='word_1_10' title='bbox 1118 493 1187 538; x_wconf 91' lang='lat' dir='ltr'>mu-</span> 
     </span>
    </p>
   </div>
   <div class='ocr_carea' id='block_1_3' title="bbox 124 575 1186 664">
    <p class='ocr_par' dir='ltr' id='par_1_3' title="bbox 124 575 1186 664">
     <span class='ocr_line' id='line_1_3' title="bbox 124 575 1186 664; baseline 0.003 -22"><span class='ocrx_word' id='word_1_11' title='bbox 124 579 193 642; x_wconf 90' lang='lat' dir='ltr'>tant</span> <span class='ocrx_word' id='word_1_12' title='bbox 232 579 496 664; x_wconf 82' lang='lat' dir='ltr'>(paraverunt,</span> <span class='ocrx_word' id='word_1_13' title='bbox 540 576 793 658; x_wconf 86' lang='lat' dir='ltr'>pepererunt,</span> <span class='ocrx_word' id='word_1_14' title='bbox 828 575 915 652; x_wconf 89' lang='lat' dir='ltr'>alia),</span> <span class='ocrx_word' id='word_1_15' title='bbox 949 579 1049 644; x_wconf 88' lang='lat' dir='ltr'>verbis</span> <span class='ocrx_word' id='word_1_16' title='bbox 1093 581 1186 645; x_wconf 90' lang='lat' dir='ltr'>nimis</span> 
     </span>
    </p>
   </div>
   <div class='ocr_carea' id='block_1_4' title="bbox 123 675 1307 770">
    <p class='ocr_par' dir='ltr' id='par_1_4' title="bbox 123 675 1307 770">
     <span class='ocr_line' id='line_1_4' title="bbox 123 675 1307 770; baseline 0.001 -21"><span class='ocrx_word' id='word_1_17' title='bbox 123 684 244 749; x_wconf 88' lang='lat' dir='ltr'>lenibus</span> <span class='ocrx_word' id='word_1_18' title='bbox 277 681 319 749; x_wconf 88' lang='lat' dir='ltr'>de</span> <span class='ocrx_word' id='word_1_19' title='bbox 347 683 560 770; x_wconf 89' lang='lat' dir='ltr'>libertinorum</span> <span class='ocrx_word' id='word_1_20' title='bbox 594 681 723 746; x_wconf 90' lang='lat' dir='ltr'>illorum</span> <span class='ocrx_word' id='word_1_21' title='bbox 742 680 857 764; x_wconf 85' lang='lat' dir='ltr'><strong>rapinis</strong></span> <span class='ocrx_word' id='word_1_22' title='bbox 885 682 1009 766; x_wconf 78' lang='lat' dir='ltr'>positis,</span> <span class='ocrx_word' id='word_1_23' title='bbox 1046 685 1186 750; x_wconf 88' lang='lat' dir='ltr'>omnibus</span> <span class='ocrx_word' id='word_1_24' title='bbox 1303 675 1307 684; x_wconf 74' lang='grc'><em>“</em></span> 
     </span>
    </p>
   </div>
   <div class='ocr_carea' id='block_1_5' title="bbox 124 781 1257 874">
    <p class='ocr_par' dir='ltr' id='par_1_5' title="bbox 124 781 1257 874">
     <span class='ocr_line' id='line_1_5' title="bbox 124 781 1257 874; baseline 0 -18"><span class='ocrx_word' id='word_1_25' title='bbox 124 789 372 874; x_wconf 88' lang='lat' dir='ltr'>supervacaneis;</span> <span class='ocrx_word' id='word_1_26' title='bbox 416 809 488 854; x_wconf 91' lang='lat' dir='ltr'>nam</span> <span class='ocrx_word' id='word_1_27' title='bbox 521 787 552 854; x_wconf 92' lang='lat' dir='ltr'>in</span> <span class='ocrx_word' id='word_1_28' title='bbox 592 787 647 852; x_wconf 86' lang='lat' dir='ltr'>illa</span> <span class='ocrx_word' id='word_1_29' title='bbox 679 786 830 852; x_wconf 86' lang='lat' dir='ltr'>sententia</span> <span class='ocrx_word' id='word_1_30' title='bbox 867 788 942 853; x_wconf 84' lang='lat' dir='ltr'>satis</span> <span class='ocrx_word' id='word_1_31' title='bbox 976 792 1057 856; x_wconf 89' lang='lat' dir='ltr'>erat:</span> <span class='ocrx_word' id='word_1_32' title='bbox 1101 791 1198 874; x_wconf 85' lang='lat' dir='ltr'>plus</span> <span class='ocrx_word' id='word_1_33' title='bbox 1255 781 1257 785; x_wconf 65' lang='grc'><strong>’</strong></span> 
     </span>
    </p>
   </div>
   <div class='ocr_carea' id='block_1_6' title="bbox 17 881 1187 980">
    <p class='ocr_par' dir='ltr' id='par_1_6' title="bbox 17 881 1187 980">
     <span class='ocr_line' id='line_1_6' title="bbox 17 881 1187 980; baseline 0.003 -21"><span class='ocrx_word' id='word_1_34' title='bbox 17 937 19 942; x_wconf 91' lang='grc'>-</span> <span class='ocrx_word' id='word_1_35' title='bbox 123 896 537 980; x_wconf 81' lang='lat' dir='ltr'>rapuitlcelusquam</span> <span class='ocrx_word' id='word_1_36' title='bbox 561 892 761 978; x_wconf 87' lang='lat' dir='ltr'>Polycliti</span> <span class='ocrx_word' id='word_1_37' title='bbox 780 881 996 959; x_wconf 85' lang='lat' dir='ltr'>etVatinii.</span> <span class='ocrx_word' id='word_1_38' title='bbox 1040 893 1187 962; x_wconf 67' lang='lat' dir='ltr'>Me&#39;ndum</span> 
     </span>
    </p>
   </div>
   <div class='ocr_carea' id='block_1_7' title="bbox 41 999 1271 3412">
    <p class='ocr_par' dir='ltr' id='par_1_7' title="bbox 41 999 1189 1396">
     <span class='ocr_line' id='line_1_7' title="bbox 123 999 1187 1086; baseline 0.003 -21"><span class='ocrx_word' id='word_1_39' title='bbox 123 1001 198 1066; x_wconf 87' lang='lat' dir='ltr'>alibi</span> <span class='ocrx_word' id='word_1_40' title='bbox 220 1003 305 1076; x_wconf 90' lang='lat' dir='ltr'>latet,</span> <span class='ocrx_word' id='word_1_41' title='bbox 341 1020 399 1085; x_wconf 90' lang='lat' dir='ltr'>quo</span> <span class='ocrx_word' id='word_1_42' title='bbox 430 1003 551 1084; x_wconf 89' lang='lat' dir='ltr'>reperto</span> <span class='ocrx_word' id='word_1_43' title='bbox 574 999 755 1082; x_wconf 87' lang='lat' dir='ltr'>sublatoque</span> <span class='ocrx_word' id='word_1_44' title='bbox 777 1016 905 1064; x_wconf 80' lang='lat' dir='ltr'>acumen</span> <span class='ocrx_word' id='word_1_45' title='bbox 928 1001 1043 1066; x_wconf 89' lang='lat' dir='ltr'>elucet:</span> <span class='ocrx_word' id='word_1_46' title='bbox 1077 1022 1187 1086; x_wconf 88' lang='lat' dir='ltr'>quam</span> 
     </span>
     <span class='ocr_line' id='line_1_8' title="bbox 124 1103 1186 1191; baseline 0.004 -21"><span class='ocrx_word' id='word_1_47' title='bbox 124 1108 167 1170; x_wconf 87' lang='lat' dir='ltr'>ob</span> <span class='ocrx_word' id='word_1_48' title='bbox 202 1108 301 1191; x_wconf 90' lang='lat' dir='ltr'>qnod</span> <span class='ocrx_word' id='word_1_49' title='bbox 332 1106 520 1191; x_wconf 72' lang='lat' dir='ltr'>Polycliti</span> <span class='ocrx_word' id='word_1_50' title='bbox 660 1103 872 1188; x_wconf 89' lang='lat' dir='ltr'>perierunt.</span> <span class='ocrx_word' id='word_1_51' title='bbox 931 1105 1094 1190; x_wconf 73' lang='lat' dir='ltr'>superavit</span> <span class='ocrx_word' id='word_1_52' title='bbox 1124 1108 1186 1174; x_wconf 89' lang='lat' dir='ltr'>iam</span> 
     </span>
     <span class='ocr_line' id='line_1_9' title="bbox 124 1210 1189 1298; baseline 0.003 -20"><span class='ocrx_word' id='word_1_53' title='bbox 124 1215 225 1280; x_wconf 87' lang='lat' dir='ltr'>Icelus</span> <span class='ocrx_word' id='word_1_54' title='bbox 248 1233 284 1278; x_wconf 89' lang='lat' dir='ltr'>ea</span> <span class='ocrx_word' id='word_1_55' title='bbox 305 1213 386 1278; x_wconf 89' lang='lat' dir='ltr'>furta</span> <span class='ocrx_word' id='word_1_56' title='bbox 408 1213 602 1298; x_wconf 76' lang='lat' dir='ltr'>divitiasque,</span> <span class='ocrx_word' id='word_1_57' title='bbox 625 1211 662 1276; x_wconf 95' lang='lat' dir='ltr'>ob</span> <span class='ocrx_word' id='word_1_58' title='bbox 685 1229 760 1294; x_wconf 88' lang='lat' dir='ltr'>quas</span> <span class='ocrx_word' id='word_1_59' title='bbox 782 1210 887 1276; x_wconf 89' lang='lat' dir='ltr'>liberti</span> <span class='ocrx_word' id='word_1_60' title='bbox 909 1229 998 1295; x_wconf 91' lang='lat' dir='ltr'>opum</span> <span class='ocrx_word' id='word_1_61' title='bbox 1022 1215 1105 1279; x_wconf 86' lang='lat' dir='ltr'>fama</span> <span class='ocrx_word' id='word_1_62' title='bbox 1125 1216 1189 1281; x_wconf 89' lang='lat' dir='ltr'>noti</span> 
     </span>
     <span class='ocr_line' id='line_1_10' title="bbox 41 1308 1085 1396; baseline -0.002 -11"><span class='ocrx_word' id='word_1_63' title='bbox 41 1385 44 1395; x_wconf 84' lang='grc'>,</span> <span class='ocrx_word' id='word_1_64' title='bbox 124 1320 217 1385; x_wconf 89' lang='lat' dir='ltr'>morti</span> <span class='ocrx_word' id='word_1_65' title='bbox 239 1319 304 1383; x_wconf 89' lang='lat' dir='ltr'>dati</span> <span class='ocrx_word' id='word_1_66' title='bbox 325 1320 406 1384; x_wconf 90' lang='lat' dir='ltr'>sunt.</span> <span class='ocrx_word' id='word_1_67' title='bbox 419 1319 444 1396; x_wconf 86' lang='grc'>1)</span> <span class='ocrx_word' id='word_1_68' title='bbox 496 1384 497 1387; x_wconf 67' lang='grc'>,</span> <span class='ocrx_word' id='word_1_69' title='bbox 1079 1308 1085 1320; x_wconf 79' lang='grc'>’</span> 
     </span>
    </p>

    <p class='ocr_par' dir='ltr' id='par_1_8' title="bbox 124 1421 1190 1930">
     <span class='ocr_line' id='line_1_11' title="bbox 225 1421 1188 1508; baseline 0.002 -20"><span class='ocrx_word' id='word_1_70' title='bbox 225 1424 292 1488; x_wconf 86' lang='lat' dir='ltr'>lbd.</span> <span class='ocrx_word' id='word_1_71' title='bbox 315 1425 372 1490; x_wconf 81' lang='lat'>74:</span> <span class='ocrx_word' id='word_1_72' title='bbox 406 1441 671 1508; x_wconf 79' lang='lat' dir='ltr'>quemcunque</span> <span class='ocrx_word' id='word_1_73' title='bbox 693 1421 842 1505; x_wconf 90' lang='lat' dir='ltr'>quietis</span> <span class='ocrx_word' id='word_1_74' title='bbox 863 1423 991 1488; x_wconf 93' lang='lat' dir='ltr'>locum</span> <span class='ocrx_word' id='word_1_75' title='bbox 1016 1425 1188 1508; x_wconf 76' lang='lat' dir='ltr'>prodige</span> 
     </span>
     <span class='ocr_line' id='line_1_12' title="bbox 124 1529 1190 1614; baseline 0.002 -20"><span class='ocrx_word' id='word_1_76' title='bbox 124 1530 217 1594; x_wconf 84' lang='lat' dir='ltr'>vitae</span> <span class='ocrx_word' id='word_1_77' title='bbox 249 1530 426 1614; x_wconf 80' lang='lat' dir='ltr'>legisset.</span> <span class='ocrx_word' id='word_1_78' title='bbox 470 1530 587 1596; x_wconf 87' lang='lat' dir='ltr'>Vitiose</span> <span class='ocrx_word' id='word_1_79' title='bbox 618 1529 666 1594; x_wconf 88' lang='lat' dir='ltr'>bis</span> <span class='ocrx_word' id='word_1_80' title='bbox 699 1529 769 1608; x_wconf 81' lang='lat' dir='ltr'>vitae</span> <span class='ocrx_word' id='word_1_81' title='bbox 801 1547 897 1612; x_wconf 87' lang='lat' dir='ltr'>genus</span> <span class='ocrx_word' id='word_1_82' title='bbox 920 1530 1110 1614; x_wconf 89' lang='lat' dir='ltr'>significatur</span> <span class='ocrx_word' id='word_1_83' title='bbox 1134 1551 1190 1596; x_wconf 90' lang='lat' dir='ltr'>nec</span> 
     </span>
     <span class='ocr_line' id='line_1_13' title="bbox 124 1633 1190 1719; baseline 0 -20"><span class='ocrx_word' id='word_1_84' title='bbox 124 1635 223 1700; x_wconf 85' lang='lat' dir='ltr'>idem:</span> <span class='ocrx_word' id='word_1_85' title='bbox 260 1635 366 1719; x_wconf 77' lang='lat' dir='ltr'>quietis</span> <span class='ocrx_word' id='word_1_86' title='bbox 389 1636 486 1700; x_wconf 81' lang='lat' dir='ltr'>locum</span> <span class='ocrx_word' id='word_1_87' title='bbox 510 1635 606 1719; x_wconf 81' lang='lat' dir='ltr'>lepore</span> <span class='ocrx_word' id='word_1_88' title='bbox 638 1637 671 1699; x_wconf 88' lang='lat' dir='ltr'>et</span> <span class='ocrx_word' id='word_1_89' title='bbox 704 1633 804 1697; x_wconf 81' lang='lat' dir='ltr'>locum</span> <span class='ocrx_word' id='word_1_90' title='bbox 838 1633 934 1718; x_wconf 73' lang='lat' dir='ltr'>legere</span> <span class='ocrx_word' id='word_1_91' title='bbox 950 1636 1092 1719; x_wconf 73' lang='lat' dir='ltr'>prodigos</span> <span class='ocrx_word' id='word_1_92' title='bbox 1113 1637 1190 1699; x_wconf 81' lang='lat' dir='ltr'>oitoe.</span> 
     </span>
     <span class='ocr_line' id='line_1_14' title="bbox 126 1739 1190 1826; baseline 0.002 -22"><span class='ocrx_word' id='word_1_93' title='bbox 126 1740 345 1805; x_wconf 86' lang='lat' dir='ltr'>Scribendum:</span> <span class='ocrx_word' id='word_1_94' title='bbox 384 1746 646 1826; x_wconf 82' lang='lat' dir='ltr'>quemcunque</span> <span class='ocrx_word' id='word_1_95' title='bbox 669 1761 684 1801; x_wconf 86' lang='lat' dir='ltr'>c</span> <span class='ocrx_word' id='word_1_96' title='bbox 707 1739 856 1824; x_wconf 87' lang='lat' dir='ltr'>quietis</span> <span class='ocrx_word' id='word_1_97' title='bbox 883 1740 1026 1821; x_wconf 88' lang='lat' dir='ltr'>locum,</span> <span class='ocrx_word' id='word_1_98' title='bbox 1048 1744 1080 1808; x_wconf 87' lang='lat' dir='ltr'>h.</span> <span class='ocrx_word' id='word_1_99' title='bbox 1103 1759 1128 1806; x_wconf 87' lang='lat' dir='ltr'>e.</span> <span class='ocrx_word' id='word_1_100' title='bbox 1155 1761 1190 1806; x_wconf 85' lang='lat' dir='ltr'>er</span> 
     </span>
     <span class='ocr_line' id='line_1_15' title="bbox 124 1845 989 1930; baseline 0 -20"><span class='ocrx_word' id='word_1_101' title='bbox 124 1845 175 1922; x_wconf 83' lang='lat' dir='ltr'>iis,</span> <span class='ocrx_word' id='word_1_102' title='bbox 198 1866 264 1929; x_wconf 87' lang='lat' dir='ltr'>qnae</span> <span class='ocrx_word' id='word_1_103' title='bbox 286 1846 401 1910; x_wconf 90' lang='lat' dir='ltr'>bellum</span> <span class='ocrx_word' id='word_1_104' title='bbox 424 1849 585 1930; x_wconf 87' lang='lat' dir='ltr'>motusque</span> <span class='ocrx_word' id='word_1_105' title='bbox 607 1845 705 1911; x_wconf 90' lang='lat' dir='ltr'>civilis</span> <span class='ocrx_word' id='word_1_106' title='bbox 728 1864 789 1910; x_wconf 93' lang='lat' dir='ltr'>non</span> <span class='ocrx_word' id='word_1_107' title='bbox 811 1845 989 1930; x_wconf 76' lang='lat' dir='ltr'>attigisset.=</span> 
     </span>
    </p>

    <p class='ocr_par' dir='ltr' id='par_1_9' title="bbox 122 1937 1271 3096">
     <span class='ocr_line' id='line_1_16' title="bbox 227 1937 1191 2028; baseline 0.002 -12"><span class='ocrx_word' id='word_1_108' title='bbox 227 1952 293 2017; x_wconf 89' lang='lat' dir='ltr'>Lib.</span> <span class='ocrx_word' id='word_1_109' title='bbox 339 1953 385 2028; x_wconf 89' lang='lat' dir='ltr'>ll,</span> <span class='ocrx_word' id='word_1_110' title='bbox 432 1951 485 2020; x_wconf 89' lang='lat'>10:</span> <span class='ocrx_word' id='word_1_111' title='bbox 544 1937 771 2018; x_wconf 87' lang='lat' dir='ltr'>ldsenatus</span> <span class='ocrx_word' id='word_1_112' title='bbox 803 1951 1039 2026; x_wconf 89' lang='lat' dir='ltr'>consultum,</span> <span class='ocrx_word' id='word_1_113' title='bbox 1084 1953 1191 2018; x_wconf 85' lang='lat' dir='ltr'>varie</span> 
     </span>
     <span class='ocr_line' id='line_1_17' title="bbox 124 2055 1191 2142; baseline 0.001 -19"><span class='ocrx_word' id='word_1_114' title='bbox 124 2058 320 2123; x_wconf 86' lang='lat' dir='ltr'>iactatum</span> <span class='ocrx_word' id='word_1_115' title='bbox 343 2067 396 2138; x_wconf 80' lang='lat' dir='ltr'>et,</span> <span class='ocrx_word' id='word_1_116' title='bbox 418 2061 532 2142; x_wconf 92' lang='lat' dir='ltr'>prout</span> <span class='ocrx_word' id='word_1_117' title='bbox 637 2077 723 2122; x_wconf 90' lang='lat' dir='ltr'>reus</span> <span class='ocrx_word' id='word_1_118' title='bbox 744 2057 963 2135; x_wconf 74' lang='lat' dir='ltr'>inciderat,</span> <span class='ocrx_word' id='word_1_119' title='bbox 991 2055 1191 2124; x_wconf 82' lang='lat' dir='ltr'>infirmum</span> 
     </span>
     <span class='ocr_line' id='line_1_18' title="bbox 124 2163 1190 2244; baseline 0 -16"><span class='ocrx_word' id='word_1_120' title='bbox 124 2165 193 2228; x_wconf 91' lang='lat' dir='ltr'>aut</span> <span class='ocrx_word' id='word_1_121' title='bbox 216 2163 406 2244; x_wconf 84' lang='lat' dir='ltr'>validum,</span> <span class='ocrx_word' id='word_1_122' title='bbox 443 2165 646 2230; x_wconf 86' lang='lat' dir='ltr'>retinebat</span> <span class='ocrx_word' id='word_1_123' title='bbox 667 2165 788 2230; x_wconf 86' lang='lat' dir='ltr'>adbuc</span> <span class='ocrx_word' id='word_1_124' title='bbox 810 2164 906 2240; x_wconf 83' lang='lat' dir='ltr'>(Med.</span> <span class='ocrx_word' id='word_1_125' title='bbox 929 2163 1090 2243; x_wconf 81' lang='lat' dir='ltr'>adhunc)</span> <span class='ocrx_word' id='word_1_126' title='bbox 1112 2165 1190 2230; x_wconf 80' lang='lat' dir='ltr'>te&#39;r·</span> 
     </span>
     <span class='ocr_line' id='line_1_19' title="bbox 123 2269 1190 2353; baseline 0 -19"><span class='ocrx_word' id='word_1_127' title='bbox 123 2269 242 2347; x_wconf 75' lang='lat' dir='ltr'>roris,</span> <span class='ocrx_word' id='word_1_128' title='bbox 278 2271 317 2333; x_wconf 90' lang='lat' dir='ltr'>et</span> <span class='ocrx_word' id='word_1_129' title='bbox 348 2269 507 2352; x_wconf 89' lang='lat' dir='ltr'>propria</span> <span class='ocrx_word' id='word_1_130' title='bbox 541 2271 581 2336; x_wconf 87' lang='lat' dir='ltr'>vi</span> <span class='ocrx_word' id='word_1_131' title='bbox 613 2270 770 2353; x_wconf 83' lang='lat' dir='ltr'>Crispus</span> <span class='ocrx_word' id='word_1_132' title='bbox 809 2269 1043 2335; x_wconf 81' lang='lat' dir='ltr'>incubuerat</span> <span class='ocrx_word' id='word_1_133' title='bbox 1080 2269 1190 2335; x_wconf 89' lang='lat' dir='ltr'>dela-</span> 
     </span>
     <span class='ocr_line' id='line_1_20' title="bbox 122 2373 1191 2458; baseline 0.001 -19"><span class='ocrx_word' id='word_1_134' title='bbox 122 2377 252 2439; x_wconf 84' lang='lat' dir='ltr'>torem</span> <span class='ocrx_word' id='word_1_135' title='bbox 282 2375 426 2439; x_wconf 84' lang='lat' dir='ltr'>lratris</span> <span class='ocrx_word' id='word_1_136' title='bbox 452 2375 781 2458; x_wconf 84' lang='lat' dir='ltr'>suipervertere.</span> <span class='ocrx_word' id='word_1_137' title='bbox 841 2373 955 2448; x_wconf 85' lang='lat' dir='ltr'>Edunt,</span> <span class='ocrx_word' id='word_1_138' title='bbox 988 2373 1191 2440; x_wconf 84' lang='lat' dir='ltr'>Puteolanum</span> 
     </span>
     <span class='ocr_line' id='line_1_21' title="bbox 124 2479 1193 2563; baseline -0.001 -18"><span class='ocrx_word' id='word_1_139' title='bbox 124 2482 301 2563; x_wconf 70' lang='lat' dir='ltr'>sequentes</span> <span class='ocrx_word' id='word_1_140' title='bbox 333 2479 581 2545; x_wconf 87' lang='lat' dir='ltr'>retinebatur</span> <span class='ocrx_word' id='word_1_141' title='bbox 603 2481 743 2554; x_wconf 85' lang='lat' dir='ltr'>adhuc,</span> <span class='ocrx_word' id='word_1_142' title='bbox 779 2479 890 2545; x_wconf 88' lang='lat' dir='ltr'>deinde</span> <span class='ocrx_word' id='word_1_143' title='bbox 912 2479 1071 2557; x_wconf 75' lang='lat' dir='ltr'>terrori,</span> <span class='ocrx_word' id='word_1_144' title='bbox 1097 2482 1193 2546; x_wconf 85' lang='lat' dir='ltr'>etex</span> 
     </span>
     <span class='ocr_line' id='line_1_22' title="bbox 123 2584 1193 2668; baseline -0.002 -16"><span class='ocrx_word' id='word_1_145' title='bbox 123 2584 263 2652; x_wconf 90' lang='lat' dir='ltr'>Acidalii</span> <span class='ocrx_word' id='word_1_146' title='bbox 296 2585 485 2659; x_wconf 87' lang='lat' dir='ltr'>coniectura;</span> <span class='ocrx_word' id='word_1_147' title='bbox 523 2585 616 2668; x_wconf 84' lang='lat' dir='ltr'>(quod</span> <span class='ocrx_word' id='word_1_148' title='bbox 649 2603 745 2667; x_wconf 90' lang='lat' dir='ltr'>nuper</span> <span class='ocrx_word' id='word_1_149' title='bbox 767 2588 828 2651; x_wconf 90' lang='lat' dir='ltr'>set</span> <span class='ocrx_word' id='word_1_150' title='bbox 856 2586 1057 2651; x_wconf 89' lang='lat' dir='ltr'>substitutum</span> <span class='ocrx_word' id='word_1_151' title='bbox 1077 2587 1134 2660; x_wconf 88' lang='lat' dir='ltr'>est,</span> <span class='ocrx_word' id='word_1_152' title='bbox 1157 2604 1193 2652; x_wconf 91' lang='lat' dir='ltr'>ea</span> 
     </span>
     <span class='ocr_line' id='line_1_23' title="bbox 122 2687 1192 2778; baseline 0.001 -21"><span class='ocrx_word' id='word_1_153' title='bbox 122 2690 280 2778; x_wconf 87' lang='lat' dir='ltr'>particula</span> <span class='ocrx_word' id='word_1_154' title='bbox 311 2693 384 2771; x_wconf 88' lang='lat' dir='ltr'>apta</span> <span class='ocrx_word' id='word_1_155' title='bbox 416 2709 476 2755; x_wconf 89' lang='lat' dir='ltr'>non</span> <span class='ocrx_word' id='word_1_156' title='bbox 509 2691 581 2774; x_wconf 87' lang='lat' dir='ltr'>est).</span> <span class='ocrx_word' id='word_1_157' title='bbox 639 2687 708 2755; x_wconf 91' lang='lat' dir='ltr'>Non</span> <span class='ocrx_word' id='word_1_158' title='bbox 747 2691 836 2757; x_wconf 85' lang='lat' dir='ltr'>valde</span> <span class='ocrx_word' id='word_1_159' title='bbox 866 2693 968 2776; x_wconf 89' lang='lat' dir='ltr'>placet</span> <span class='ocrx_word' id='word_1_160' title='bbox 996 2692 1028 2756; x_wconf 90' lang='lat' dir='ltr'>in</span> <span class='ocrx_word' id='word_1_161' title='bbox 1067 2696 1192 2758; x_wconf 91' lang='lat' dir='ltr'>senatus</span> 
     </span>
     <span class='ocr_line' id='line_1_24' title="bbox 124 2773 1271 2882; baseline 0.001 -19"><span class='ocrx_word' id='word_1_162' title='bbox 124 2795 266 2863; x_wconf 88' lang='lat' dir='ltr'>consulto</span> <span class='ocrx_word' id='word_1_163' title='bbox 288 2814 348 2860; x_wconf 88' lang='lat' dir='ltr'>non</span> <span class='ocrx_word' id='word_1_164' title='bbox 371 2796 484 2860; x_wconf 89' lang='lat' dir='ltr'>abolito</span> <span class='ocrx_word' id='word_1_165' title='bbox 508 2797 626 2862; x_wconf 89' lang='lat' dir='ltr'>consilii</span> <span class='ocrx_word' id='word_1_166' title='bbox 650 2797 842 2882; x_wconf 87' lang='lat' dir='ltr'>significatio.</span> <span class='ocrx_word' id='word_1_167' title='bbox 886 2797 984 2863; x_wconf 84' lang='lat' dir='ltr'>Venit</span> <span class='ocrx_word' id='word_1_168' title='bbox 998 2797 1194 2864; x_wconf 80' lang='lat' dir='ltr'>tumentem:</span> <span class='ocrx_word' id='word_1_169' title='bbox 1251 2773 1271 2842; x_wconf 76' lang='lat'>⁸·</span> 
     </span>
     <span class='ocr_line' id='line_1_25' title="bbox 123 2901 1192 2988; baseline -0.002 -18"><span class='ocrx_word' id='word_1_170' title='bbox 123 2901 337 2970; x_wconf 89' lang='lat' dir='ltr'>retinebat</span> <span class='ocrx_word' id='word_1_171' title='bbox 369 2901 510 2986; x_wconf 91' lang='lat' dir='ltr'>adhuc</span> <span class='ocrx_word' id='word_1_172' title='bbox 530 2912 709 2980; x_wconf 73' lang='lat' dir='ltr'>terrores,</span> <span class='ocrx_word' id='word_1_173' title='bbox 746 2907 781 2968; x_wconf 93' lang='lat' dir='ltr'>ut</span> <span class='ocrx_word' id='word_1_174' title='bbox 811 2903 964 2988; x_wconf 85' lang='lat' dir='ltr'>cogitetur</span> <span class='ocrx_word' id='word_1_175' title='bbox 990 2902 1028 2968; x_wconf 88' lang='lat' dir='ltr'>de</span> <span class='ocrx_word' id='word_1_176' title='bbox 1056 2902 1192 2986; x_wconf 90' lang='lat' dir='ltr'>singulis,</span> 
     </span>
     <span class='ocr_line' id='line_1_26' title="bbox 124 3008 1048 3096; baseline -0.002 -22"><span class='ocrx_word' id='word_1_177' title='bbox 124 3011 182 3096; x_wconf 88' lang='lat' dir='ltr'>qui</span> <span class='ocrx_word' id='word_1_178' title='bbox 205 3008 406 3073; x_wconf 85' lang='lat' dir='ltr'>terrebantur.</span> <span class='ocrx_word' id='word_1_179' title='bbox 434 3085 436 3092; x_wconf 28' lang='grc' dir='ltr'>Ι</span> <span class='ocrx_word' id='word_1_180' title='bbox 915 3021 917 3026; x_wconf 79' lang='grc'>’</span> <span class='ocrx_word' id='word_1_181' title='bbox 1035 3056 1048 3086; x_wconf 64' lang='lat'><em>„</em></span> 
     </span>
    </p>

    <p class='ocr_par' dir='ltr' id='par_1_10' title="bbox 58 3113 1196 3412">
     <span class='ocr_line' id='line_1_27' title="bbox 231 3113 1195 3199; baseline 0.004 -23"><span class='ocrx_word' id='word_1_182' title='bbox 231 3113 298 3178; x_wconf 91' lang='lat' dir='ltr'>lbd.</span> <span class='ocrx_word' id='word_1_183' title='bbox 324 3113 379 3178; x_wconf 90' lang='lat' dir='ltr'>ll:</span> <span class='ocrx_word' id='word_1_184' title='bbox 428 3113 507 3180; x_wconf 88' lang='lat' dir='ltr'>Nec</span> <span class='ocrx_word' id='word_1_185' title='bbox 535 3114 600 3180; x_wconf 91' lang='lat' dir='ltr'>illi</span> <span class='ocrx_word' id='word_1_186' title='bbox 632 3113 774 3195; x_wconf 90' lang='lat' dir='ltr'>(Othoni)</span> <span class='ocrx_word' id='word_1_187' title='bbox 803 3133 920 3198; x_wconf 84' lang='lat' dir='ltr'>segne</span> <span class='ocrx_word' id='word_1_188' title='bbox 944 3118 1014 3181; x_wconf 89' lang='lat' dir='ltr'>aut</span> <span class='ocrx_word' id='word_1_189' title='bbox 1035 3134 1195 3199; x_wconf 87' lang='lat' dir='ltr'>corrup-</span> 
     </span>
     <span class='ocr_line' id='line_1_28' title="bbox 123 3219 1195 3296; baseline 0.001 -9"><span class='ocrx_word' id='word_1_190' title='bbox 123 3225 209 3288; x_wconf 88' lang='lat' dir='ltr'>tum</span> <span class='ocrx_word' id='word_1_191' title='bbox 232 3219 324 3284; x_wconf 86' lang='lat' dir='ltr'>luxu</span> <span class='ocrx_word' id='word_1_192' title='bbox 346 3221 441 3296; x_wconf 89' lang='lat' dir='ltr'>iter,</span> <span class='ocrx_word' id='word_1_193' title='bbox 463 3221 532 3286; x_wconf 90' lang='lat' dir='ltr'>sed</span> <span class='ocrx_word' id='word_1_194' title='bbox 554 3220 676 3286; x_wconf 89' lang='lat' dir='ltr'>lorica</span> <span class='ocrx_word' id='word_1_195' title='bbox 702 3222 826 3288; x_wconf 87' lang='lat' dir='ltr'>ferrea</span> <span class='ocrx_word' id='word_1_196' title='bbox 850 3241 941 3288; x_wconf 90' lang='lat' dir='ltr'>usus</span> <span class='ocrx_word' id='word_1_197' title='bbox 964 3226 1024 3287; x_wconf 90' lang='lat' dir='ltr'>est</span> <span class='ocrx_word' id='word_1_198' title='bbox 1046 3224 1083 3286; x_wconf 91' lang='lat' dir='ltr'>et</span> <span class='ocrx_word' id='word_1_199' title='bbox 1104 3225 1195 3288; x_wconf 86' lang='lat' dir='ltr'>aute</span> 
     </span>
     <span class='ocr_line' id='line_1_29' title="bbox 58 3325 1196 3412; baseline 0 -20"><span class='ocrx_word' id='word_1_200' title='bbox 58 3351 60 3357; x_wconf 58' lang='lat'><strong><em>¹</em></strong></span> <span class='ocrx_word' id='word_1_201' title='bbox 124 3325 244 3410; x_wconf 85' lang='lat' dir='ltr'>signa</span> <span class='ocrx_word' id='word_1_202' title='bbox 276 3325 476 3409; x_wconf 73' lang='lat' dir='ltr'>pedester,</span> <span class='ocrx_word' id='word_1_203' title='bbox 507 3327 712 3404; x_wconf 79' lang='lat' dir='ltr'>horridus,</span> <span class='ocrx_word' id='word_1_204' title='bbox 751 3329 970 3411; x_wconf 90' lang='lat' dir='ltr'>incomptus</span> <span class='ocrx_word' id='word_1_205' title='bbox 1006 3327 1196 3412; x_wconf 84' lang='lat' dir='ltr'>famaeque</span> 
     </span>
    </p>
   </div>
   <div class='ocr_carea' id='block_1_8' title="bbox 125 3427 1195 3601">
    <p class='ocr_par' dir='ltr' id='par_1_11' title="bbox 125 3427 1195 3601">
     <span class='ocr_line' id='line_1_30' title="bbox 125 3427 1195 3582; baseline 0.003 -86"><span class='ocrx_word' id='word_1_206' title='bbox 125 3429 352 3582; x_wconf 69' lang='lat' dir='ltr'>dissimdlis.</span> <span class='ocrx_word' id='word_1_207' title='bbox 411 3431 480 3498; x_wconf 82' lang='lat' dir='ltr'>Etsi</span> <span class='ocrx_word' id='word_1_208' title='bbox 510 3451 581 3500; x_wconf 88' lang='lat' dir='ltr'>ann.</span> <span class='ocrx_word' id='word_1_209' title='bbox 606 3431 676 3510; x_wconf 85' lang='grc' dir='ltr'>ΧΠ,</span> <span class='ocrx_word' id='word_1_210' title='bbox 699 3427 887 3518; x_wconf 70' lang='lat' dir='ltr'>60&#39;equites</span> <span class='ocrx_word' id='word_1_211' title='bbox 909 3433 1039 3523; x_wconf 84' lang='lat' dir='ltr'>Romani</span> <span class='ocrx_word' id='word_1_212' title='bbox 1060 3433 1195 3518; x_wconf 85' lang='lat' dir='ltr'>AEgypto</span> 
     </span>
     <span class='ocr_line' id='line_1_31' title="bbox 277 3553 307 3601; baseline 0 0"><span class='ocrx_word' id='word_1_213' title='bbox 277 3553 283 3584; x_wconf 61' lang='lat'>¹</span> <span class='ocrx_word' id='word_1_214' title='bbox 297 3569 307 3601; x_wconf 73' lang='lat' dir='ltr'>t</span> 
     </span>
    </p>
   </div>
   <div class='ocr_carea' id='block_1_9' title="bbox 127 3725 1199 4150">
    <p class='ocr_par' dir='ltr' id='par_1_12' title="bbox 127 3725 1199 4150">
     <span class='ocr_line' id='line_1_32' title="bbox 127 3725 1198 3797; baseline 0.007 -19"><span class='ocrx_word' id='word_1_215' title='bbox 127 3773 130 3778; x_wconf 88' lang='lat'>.</span> <span class='ocrx_word' id='word_1_216' title='bbox 157 3729 181 3794; x_wconf 88' lang='lat'>¹)</span> <span class='ocrx_word' id='word_1_217' title='bbox 204 3727 267 3796; x_wconf 79' lang='lat' dir='ltr'>Cap.</span> <span class='ocrx_word' id='word_1_218' title='bbox 287 3731 322 3784; x_wconf 80' lang='lat'>32</span> <span class='ocrx_word' id='word_1_219' title='bbox 339 3727 410 3780; x_wconf 86' lang='lat' dir='ltr'>recte</span> <span class='ocrx_word' id='word_1_220' title='bbox 434 3725 569 3780; x_wconf 84' lang='lat' dir='ltr'>Rittsrus:</span> <span class='ocrx_word' id='word_1_221' title='bbox 605 3727 759 3797; x_wconf 84' lang='lat' dir='ltr'>Denique</span> <span class='ocrx_word' id='word_1_222' title='bbox 787 3728 890 3783; x_wconf 88' lang='lat' dir='ltr'>eundi</span> <span class='ocrx_word' id='word_1_223' title='bbox 917 3727 1026 3794; x_wconf 89' lang='lat' dir='ltr'>ultro,</span> <span class='ocrx_word' id='word_1_224' title='bbox 1058 3729 1198 3785; x_wconf 84' lang='lat' dir='ltr'>stratio</span> 
     </span>
     <span class='ocr_line' id='line_1_33' title="bbox 204 3816 1198 3892; baseline 0.005 -18"><span class='ocrx_word' id='word_1_225' title='bbox 204 3820 268 3884; x_wconf 87' lang='lat' dir='ltr'>sit,</span> <span class='ocrx_word' id='word_1_226' title='bbox 296 3819 437 3878; x_wconf 83' lang='lat' dir='ltr'>eandem</span> <span class='ocrx_word' id='word_1_227' title='bbox 455 3816 766 3886; x_wconf 85' lang='lat' dir='ltr'>moxfacultatem,</span> <span class='ocrx_word' id='word_1_228' title='bbox 797 3835 999 3892; x_wconf 85' lang='lat' dir='ltr'>regressum,</span> <span class='ocrx_word' id='word_1_229' title='bbox 1018 3820 1046 3874; x_wconf 90' lang='lat' dir='ltr'>si</span> <span class='ocrx_word' id='word_1_230' title='bbox 1067 3823 1198 3890; x_wconf 86' lang='lat' dir='ltr'>(prora-</span> 
     </span>
     <span class='ocr_line' id='line_1_34' title="bbox 205 3913 1199 3984; baseline 0.003 -18"><span class='ocrx_word' id='word_1_231' title='bbox 205 3927 358 3980; x_wconf 83' lang='lat' dir='ltr'>gressus,</span> <span class='ocrx_word' id='word_1_232' title='bbox 394 3913 436 3977; x_wconf 84' lang='lat' dir='ltr'>si)</span> <span class='ocrx_word' id='word_1_233' title='bbox 464 3913 647 3982; x_wconf 84' lang='lat' dir='ltr'>poenitoat,</span> <span class='ocrx_word' id='word_1_234' title='bbox 685 3913 720 3966; x_wconf 89' lang='lat' dir='ltr'>in</span> <span class='ocrx_word' id='word_1_235' title='bbox 751 3913 870 3968; x_wconf 85' lang='lat' dir='ltr'>alisna</span> <span class='ocrx_word' id='word_1_236' title='bbox 904 3915 1088 3984; x_wconf 84' lang='lat' dir='ltr'>potestate.</span> <span class='ocrx_word' id='word_1_237' title='bbox 1129 3913 1199 3970; x_wconf 86' lang='lat' dir='ltr'>Nam</span> 
     </span>
     <span class='ocr_line' id='line_1_35' title="bbox 192 4003 1162 4072; baseline 0.004 -16"><span class='ocrx_word' id='word_1_238' title='bbox 192 4006 311 4072; x_wconf 79' lang='lat' dir='ltr'>facultas</span> <span class='ocrx_word' id='word_1_239' title='bbox 331 4045 365 4064; x_wconf 83' lang='lat'>...</span> <span class='ocrx_word' id='word_1_240' title='bbox 383 4044 391 4063; x_wconf 86' lang='lat'><strong>.</strong></span> <span class='ocrx_word' id='word_1_241' title='bbox 410 4009 433 4058; x_wconf 82' lang='lat' dir='ltr'>in</span> <span class='ocrx_word' id='word_1_242' title='bbox 452 4007 533 4058; x_wconf 75' lang='lat' dir='ltr'>aliem</span> <span class='ocrx_word' id='word_1_243' title='bbox 552 4024 601 4057; x_wconf 81' lang='lat' dir='ltr'>esec</span> <span class='ocrx_word' id='word_1_244' title='bbox 618 4017 732 4072; x_wconf 78' lang='lat' dir='ltr'>potestate</span> <span class='ocrx_word' id='word_1_245' title='bbox 751 4006 851 4060; x_wconf 80' lang='lat' dir='ltr'>&#39;vitiosa</span> <span class='ocrx_word' id='word_1_246' title='bbox 868 4003 1036 4061; x_wconf 77' lang='lat' dir='ltr'>abundantia</span> <span class='ocrx_word' id='word_1_247' title='bbox 1054 4005 1162 4062; x_wconf 70' lang='lat' dir='ltr'>dicitur,</span> 
     </span>
     <span class='ocr_line' id='line_1_36' title="bbox 180 4096 1027 4150; baseline 0.002 -18"><span class='ocrx_word' id='word_1_248' title='bbox 180 4096 382 4134; x_wconf 74' lang='lat' dir='ltr'>MADVIGIlAnvm·</span> <span class='ocrx_word' id='word_1_249' title='bbox 395 4099 444 4133; x_wconf 73' lang='lat' dir='ltr'>Cum</span> <span class='ocrx_word' id='word_1_250' title='bbox 468 4099 488 4132; x_wconf 87' lang='lat' dir='ltr'>ll.</span> <span class='ocrx_word' id='word_1_251' title='bbox 966 4104 999 4150; x_wconf 66' lang='lat'>35</span> <span class='ocrx_word' id='word_1_252' title='bbox 1024 4113 1027 4118; x_wconf 95' lang='lat'>·</span> 
     </span>
    </p>
   </div>
   <div class='ocr_carea' id='block_1_10' title="bbox 0 0 1473 4660">
    <p class='ocr_par' dir='ltr' id='par_1_13' title="bbox 0 0 1473 4660">
     <span class='ocr_line' id='line_1_37' title="bbox 0 0 1473 4660; baseline 0 0"><span class='ocrx_word' id='word_1_253' title='bbox 0 0 1473 4660; x_wconf 95' lang='lat' dir='ltr'> </span> 
     </span>
    </p>
   </div>
  </div>
 </body>
</html>
