2970 4648
545 255 577 310 L.
596 253 697 310 Seneca
714 253 747 310 ‹le
765 253 852 310 benet.
1129 255 1192 320 413

168 453 332 518 inventa
354 450 539 537 seminum
569 452 628 518 uls
661 453 721 518 est
746 451 972 518 consultura
1002 471 1067 536 per
1095 457 1235 538 volup·

169 560 299 625 tatem.
354 557 555 623 Manifestum
577 559 625 622 est
646 543 723 621 nihil
743 576 867 640 prorsus
895 558 953 623 loci
974 558 1024 624 hic
1046 560 1158 625 habere
1180 563 1234 626 aut

170 662 348 729 consulendi
369 664 497 729 verbnm
519 666 573 728 aut
594 663 732 731 futurum
753 662 907 748 participii
934 664 987 728 aut
1015 685 1127 732 nomeu
1150 685 1234 732 norae

169 769 274 834 formae
307 767 379 833 iude
412 766 585 846 ductnm.¹)
633 769 675 834 Et
701 768 791 834 huius
815 767 940 852 quidem
966 770 1105 852 vocabuli
1134 769 1235 836 facilis

170 872 513 940 necdubiaemendatio
537 875 601 952 est;
624 873 772 958 scripturn
797 873 879 938 eninr
901 873 1002 938 fuerat
1023 877 1233 952 consitam

169 998 225 1044 nec
246 983 352 1044 tamen
375 981 527 1046 seminum
550 978 614 1046 vim
636 979 754 1045 invenit
775 978 867 1044 Liber
885 981 939 1046 aut
960 982 1081 1046 omnino
1105 982 1234 1060 semina,

170 1084 225 1150 sad
258 1085 446 1150 seminum
477 1071 566 1147 virts
605 1085 804 1148 concitare
832 1085 1019 1152 uidebatur.
1063 1086 1181 1165 (Cicero
1202 1087 1270 1151 in·
1345 1073 1347 1080 ’

168 1188 218 1266 iis,
254 1208 320 1272 quae
353 1193 534 1272 supersunt,
567 1191 664 1256 semel
693 1191 888 1266 conciturum,
920 1193 1018 1258 semel
1041 1192 1235 1255 concitionem

171 1294 274 1376 dixit.)
307 1295 423 1360 Verum
446 1315 545 1380 neque
566 1296 693 1362 inventa
714 1298 762 1362 est
783 1298 937 1362 consituta
954 1319 1011 1382 per
1034 1298 1234 1380 voluptatem,

172 1419 228 1466 nec
250 1400 322 1468 inde
350 1419 442 1468 causa
463 1402 665 1486 intelligitur,
699 1420 753 1466 cur
774 1401 911 1466 omnium
933 1421 1042 1485 parens
1065 1403 1158 1468 Liber
1181 1403 1232 1468 sit.

171 1507 301 1573 Prorsus
338 1505 427 1571 credo
470 1506 621 1573 Senecam
655 1505 809 1590 posuisse:
847 1508 943 1590 quod
979 1509 1141 1591 primum
1174 1507 1235 1576 iu·

169 1613 290 1678 venta
322 1612 505 1690 seminum
540 1612 632 1674 vitia
677 1611 880 1674 concitare
910 1615 1059 1697 peperit
1096 1613 1235 1696 volup·

171 1718 305 1784 tatem.
362 1717 473 1782 Restat
513 1716 707 1798 inaequalitas
741 1717 885 1783 notabilis
918 1719 998 1784 haec:
1054 1719 1235 1802 Liberum

170 1823 334 1906 patrem,
356 1821 446 1904 quia
550 1840 690 1903 pareus
719 1821 772 1887 sit
799 1846 869 1899 ...ς
908 1824 1126 1900 Herculem,
1149 1823 1237 1907 quia

254 1926 403 1993 inuicta
426 1927 479 1992 sit
507 1951 577 2014 .‚.;
614 1927 865 2007 Mercurium,
887 1929 974 2012 quia
995 1929 1095 1996 ratio
1115 1947 1236 2011 penes

170 2033 282 2097 illum
305 2035 364 2098 est
384 2049 654 2117 numerusque.
714 2032 831 2098 Seneca
852 2035 918 2100 sine
941 2035 1030 2100 dubio
1052 2035 1236 2118 scripserat:

171 2157 311 2222 pareus
333 2139 610 2218 est...inricta
631 2148 664 2200 et
769 2139 929 2204 illumst.
973 2139 1078 2206 Cicero
1105 2139 1236 2226 fortasse

173 2244 366 2330 conjunctivo
387 2243 433 2308 uti
455 2244 618 2332 maluisset
639 2245 671 2310 in
693 2245 824 2310 aliorum
847 2246 1008 2310 sententia.

274 2350 341 2415 Ibd.
366 2348 421 2425 13,
455 2351 471 2412 1
503 2350 530 2415 si
561 2368 621 2414 uon
652 2368 707 2434 per
740 2369 773 2414 se
797 2353 957 2425 constaret,
991 2353 1101 2416 saltem
1133 2368 1169 2414 ex
1190 2366 1238 2422 eo,

174 2454 255 2540 quod
289 2455 370 2519 infra
406 2455 594 2521 contrarium
627 2454 773 2520 infertur:
810 2455 918 2520 nobis
950 2456 1135 2540 voluptas
1180 2458 1238 2520 est

174 2560 266 2626 (lare
287 2559 482 2627 beneficia
503 2562 571 2638 cet,
597 2563 736 2626 constare
760 2560 900 2638 debebat,
923 2560 1109 2628 etiamnum
1130 2559 1235 2643 volup-

172 2666 248 2732 tatis
271 2665 493 2745 definitionem,
522 2685 589 2750 quae
611 2665 694 2748 prior
713 2666 853 2748 ponitur,
881 2665 1033 2731 infinitivo
1056 2666 1156 2730 efferri
1179 2684 1236 2730 nec

173 2790 264 2856 posse
294 2771 359 2836 haec
387 2772 489 2858 iungi:
522 2772 630 2839 robis
663 2772 842 2856 voluptas
877 2772 938 2837 est
966 2771 1110 2837 inertis
1143 2770 1235 2845 otii,

173 2877 230 2944 sed
261 2878 432 2944 necessario
462 2877 672 2964 coniungenda
704 2879 798 2944 verba
823 2877 868 2942 sic
897 2895 978 2943 esse:
1024 2875 1141 2943 Vobis
1172 2895 1236 2943 vo·

173 2984 304 3067 luptas
326 2985 386 3049 est
403 2983 545 3064 inertis
566 2983 638 3049 otii
659 2983 786 3062 lacere
814 2983 1085 3065 corpusculum
1113 2986 1153 3050 et
1174 3002 1236 3049 se-

174 3088 384 3156 curitatem
406 3089 548 3171 sopitis
570 3089 814 3154 simillimam
842 3089 1028 3172 appetere
1059 3090 1117 3156 cet.
1175 3089 1237 3154 Sed

173 3193 250 3258 nihil
272 3194 319 3259 est
346 3193 401 3256 otia'
422 3194 634 3278 corpusculum
648 3194 771 3279 facere3
805 3195 876 3277 (nec
906 3195 1011 3258 tamen
1039 3195 1152 3260 rectius
1165 3197 1168 3202 ’
1182 3193 1261 3278 per

173 3317 209 3365 se
239 3285 349 3364 dicitnr
384 3298 596 3384 corpusculum
623 3299 732 3384 facere
767 3299 957 3382 decerpere
985 3299 1133 3379 curando,
1169 3319 1236 3383 quae

173 3422 246 3487 pars
268 3405 365 3470 beatae
387 3403 459 3468 vitae
479 3405 638 3494 Epicureae
660 3407 810 3488 praterea
832 3406 939 3488 postea
959 3423 1014 3487 per
1036 3404 1235 3487 seponitur).

174 3509 346 3592 Scripserat
377 3508 507 3576 Seneca:
552 3510 693 3576 inertis
730 3509 802 3575 otii
835 3497 961 3576 facere
996 3509 1236 3594 opusculum,

202 3877 224 3946 ¹)
242 3875 304 3931 Non
340 3875 469 3947 fugerunt
504 3891 562 3943 nra,
598 3891 656 3946 quea
694 3874 830 3945 Hauptius
867 3874 973 3944 scripsit
1008 3875 1099 3930 Herm.
1134 3875 1178 3930 Ill
1211 3891 1237 3945 p.

245 3971 311 4036 1513
338 3966 386 4022 sed
414 3969 502 4026 certus
528 3983 588 4022 suan
615 3981 676 4022 eum
705 3965 887 4023 defensionem
913 3967 1123 4022 consulturae
1149 3966 1237 4022 abiec-

207 4101 210 4105 -
244 4063 336 4116 turum
353 4076 419 4116 esse.
