2970 4648
303 264 366 330 400
665 266 808 340 Libvlll.
818 266 931 340 capu.

261 461 465 546 „quibusdam
485 463 573 532 libris
588 464 721 532 Mureti“
743 466 838 534 tidsse
859 465 948 532 video
964 465 1111 543 mooted,
1134 467 1321 551 cupieris.

147 593 151 602 ·
260 568 343 642 Num
385 569 510 636 etiamsi
552 591 659 656 repere
700 589 822 640 enarres
864 585 1000 660 χωρεῖν,
1045 572 1239 656 requiratur.
1259 593 1322 640 oa-

261 674 404 759 pias.²)
1148 743 1153 750 .

337 781 428 848 iud.
453 780 507 857 16,
528 781 549 844 4
570 781 722 865 primum,
756 784 837 868 quod
860 785 974 868 priores
996 784 1126 852 aditores
1148 786 1321 865 tenuerant,

260 886 327 952 bueo
354 889 465 954 uerba:
511 887 649 981 Omnis
680 889 773 955 illis
801 893 973 974 sperata
993 893 1053 958 rei
1073 892 1196 976 longa
1217 891 1321 958 dila-

260 992 318 1058 tio
341 995 420 1071 est,
451 996 640 1062 sententiam
659 995 783 1078 plenam
804 997 957 1074 efficiunt,
989 985 1195 1082 superioribus
1218 997 1317 1064 adiee-

259 1103 326 1168 tam
348 1102 379 1166 et
401 1119 506 1172 eorum
528 1121 682 1170 summanr
704 1102 909 1188 colligentem.
952 1104 1033 1172 Tum
1054 1103 1175 1172 oodioee
1198 1103 1322 1182 babent,

259 1207 295 1272 ut
315 1207 474 1273 Eiokertus
496 1211 529 1274 et
548 1208 684 1274 Haasius
705 1207 881 1274 ediderunt:
925 1209 983 1274 Ad
1014 1208 1121 1275 illud
1142 1211 1320 1294 tempus,

259 1312 360 1396 quod
381 1313 535 1379 amanti
568 1315 692 1380 breve
714 1315 777 1380 est
811 1317 850 1382 et
869 1333 1050 1398 praeoeps
1071 1314 1321 1399 breviusque

259 1420 387 1485 multo
418 1439 488 1486 suo
520 1421 635 1488 vitio.
678 1419 740 1486 Sed
767 1421 851 1488 reete
872 1420 1032 1504 diremptis
1053 1421 1215 1488 sententiis
1239 1420 1322 1486 nulla

259 1526 384 1592 omniuo
395 1525 578 1610 relinquitur
588 1529 742 1595 structura
752 1527 907 1606 orationis,
924 1546 1099 1594 neoameee
1111 1526 1187 1604 (sive
1200 1528 1321 1618 tempus

259 1630 327 1696 sive
346 1629 438 1696 aliam
461 1632 601 1714 quumvis
619 1651 685 1698 rem
698 1633 863 1718 signifieat)
885 1632 1050 1717 quiequam
1068 1632 1128 1712 looi
1147 1631 1198 1698 bio
1219 1632 1321 1700 babet.

259 1736 436 1820 Superiores
469 1735 619 1805 edebant:
654 1740 831 1822 tempus,
875 1738 976 1824 quod
1008 1740 1157 1817 amant,
1201 1739 1320 1804 breve

258 1844 338 1920 est,
381 1843 467 1909 selva
508 1845 729 1928 grammatioa,
772 1845 925 1912 sententia
966 1845 1013 1912 illi
1055 1862 1175 1928 quoque
1207 1864 1320 1929 ,prava

152 2021 156 2026 ¹
258 1946 372 2033 Agitur
405 1949 489 2015 enim
520 1949 558 2014 de
590 1950 763 2018 hominibus
795 1952 919 2034 tempus
949 1970 1010 2017 non
1045 1950 1231 2029 amantibus,
1266 1950 1321 2016 sed

257 2053 442 2138 (interdum)
485 2056 723 2136 exsecrantibus,
755 2055 837 2140 quod
873 2056 962 2122 tardo
995 2057 1061 2132 eat,
1089 2075 1160 2122 oum
1193 2059 1248 2122 aut
1282 2056 1321 2124 ud

258 2158 430 2243 voluptates
455 2162 604 2227 festinent
635 2165 691 2229 aut
717 2163 808 2229 taedio
838 2163 887 2228 sui
915 2162 1069 2238 laborent,
1102 2164 1319 2247 perspicueque

258 2265 373 2348 aliquid
394 2267 465 2350 poni
486 2269 595 2349 debet,
628 2270 678 2336 oui
700 2270 853 2338 contraria
874 2266 1099 2355 quodammodo
1121 2269 1163 2334 sit
1184 2270 1316 2336 brevitas

256 2373 405 2455 temporis
435 2377 575 2461 quodque
604 2378 642 2442 ob
671 2394 740 2442 eam
771 2393 807 2442 eo
833 2375 958 2458 pravius
990 2375 1222 2459 perversiusque
1256 2361 1321 2442 fiet¹
1360 2389 1364 2398 ⁴

208 2553 211 2558 ,
257 2480 475 2548 Scribendum:
529 2485 581 2550 At
616 2484 723 2548 illud
758 2485 933 2566 tempus,
970 2481 1070 2565 quod
1110 2480 1316 2558 damnant,

255 2588 375 2654 breve
408 2591 469 2654 est
504 2590 544 2654 et
575 2607 755 2674 praeceps
795 2589 1043 2672 breviusque
1084 2586 1214 2652 multo
1251 2604 1317 2654 suo

254 2693 367 2760 vitio.
422 2695 528 2761 Mendi
560 2695 713 2780 origoer
745 2694 767 2756 d
798 2694 897 2760 semel
926 2694 1055 2778 seripto:
1099 2691 1200 2776 quod
1235 2711 1315 2775 onr-

254 2804 361 2868 nant

353 2908 421 2976 lbd.
445 2908 553 2984 18,1:
583 2907 711 2972 Maior
731 2925 824 2990 pars
853 2906 1008 2987 aetatis,
1030 2907 1140 2972 certe
1161 2906 1315 2985 melior,

252 3016 348 3098 reip.
370 3015 466 3080 data
486 3014 559 3092 sit;
581 3013 743 3097 aliquid
763 3012 1037 3098 t'emporistui
1059 3031 1168 3078 sume
1193 3012 1315 3079 etium

252 3120 340 3186 tibi.
386 3119 482 3186 Sorib.
506 3119 579 3182 date
600 3128 627 3180 rt
648 3119 721 3198 (vid.
736 3119 794 3187 vol.
817 3119 832 3182 1
853 3137 883 3202 p.
897 3117 996 3198 68).²)
1031 3117 1313 3202 §teodbendumz

251 3361 450 3376 ..ι-ιι--ι-ι-ιιι

269 3523 290 3592 ¹)
317 3520 382 3594 Oap.
400 3525 442 3589 15,
465 3524 484 3580 4
511 3523 666 3593 oormptum
690 3522 733 3577 est
762 3522 874 3576 movet
898 3535 979 3590 prave
1008 3519 1207 3590 superpositum
1231 3520 1314 3591 louge

317 3616 435 3686 graviori
464 3616 671 3683 demolitur;
703 3613 749 3670 sod
773 3613 924 3669 emendatio
951 3613 1023 3668 oerta
1040 3628 1094 3667 nen
1111 3612 1247 3683 suppetit,
1278 3627 1313 3667 ne

316 3708 465 3780 probabilis
492 3708 614 3779 quidem
640 3723 704 3762 nam
730 3709 872 3774 mutilen
896 3706 940 3760 iis
965 3707 1166 3776 (promovet,
1193 3708 1234 3760 at
1253 3704 1313 3772 iis)

316 3803 424 3874 longius
442 3802 565 3858 discedit.

144 3983 146 3986 .
264 3907 286 3976 ²)
315 3906 392 3975 0⁰⁰⁶
410 3913 425 3973 ἓ
443 3910 460 3964 3
478 3906 632 3971 Bentleius,
658 3906 700 3961 oui
723 3905 883 3968 assentitur
894 3903 1031 3974 Hauptius
1055 3903 1069 3957 I
1094 3918 1121 3972 p.
1140 3903 1165 3966 4,
1184 3917 1234 3972 pro
1252 3915 1313 3973 pu·

314 3999 424 4056 blieas
454 4001 535 4056 scribi
563 4001 625 4056 rult
650 4015 774 4064 sacras,
804 3995 948 4053 admodum
971 3997 1091 4051 uiolenta
1113 3993 1239 4050 mutatio
1267 3995 1312 4048 est

314 4109 370 4160 neo,
390 4093 492 4165 opinor,
511 4093 673 4160 neeessariar
691 4092 758 4162 reip.
777 4106 881 4162 quoque
898 4089 996 4159 religio
1013 4087 1169 4145 debebatur.
