2924 4660
632 291 784 344 Suetonius.
867 247 870 254 Ι
1130 289 1191 353 579

167 489 347 572 quosdam
380 487 541 551 fortunae
572 488 686 572 atque
724 485 1233 576 existimationisintegrae

167 613 208 660 er
240 593 383 660 iisdem
424 592 623 659 ordinibus
660 592 909 658 confectores
945 614 1092 678 quoque
1127 596 1232 662 fera·

166 718 262 774 rum,
289 702 362 775 eet.)

267 804 333 870 Ibd.
375 805 428 868 17:
472 802 565 868 item
602 806 769 883 (cautum),
813 808 856 869 ut
897 805 1127 890 litigatores
1164 827 1232 890 pro

165 910 402 993 patrociniis
439 912 581 975 certem
621 910 844 994 iustamque
873 911 1119 990 mercedem,
1162 933 1231 996 pro

166 1016 374 1080 subselliis
396 1015 543 1080 nullam
565 1017 721 1081 omniuo
745 1015 902 1094 darent,
924 1017 1231 1100 praebenteeera-
1310 1041 1312 1047 ·

157 1123 222 1186 rio
244 1121 435 1205 gratuita,
458 1124 577 1205 utque
599 1140 724 1185 rerum
746 1124 838 1186 actu
870 1123 943 1199 (hoo
972 1124 1030 1198 est,
1054 1123 1093 1190 iis
1116 1127 1231 1191 mensi-

165 1228 352 1312 husonibus
363 1227 477 1293 iudicia
489 1227 705 1293 exercebantur
717 1244 816 1308 neque
827 1220 981 1294 iustitium
993 1231 1231 1308 eratlabaera-

164 1336 220 1400 rio
236 1352 359 1400 causae
375 1335 419 1398 ad
440 1334 566 1399 forum
588 1353 630 1398 ac
652 1332 945 1414 reciperatores
966 1337 1229 1404 transferren-

164 1444 236 1505 tur.
280 1441 341 1506 Cur
363 1440 421 1504 hoc
442 1439 566 1504 additur
586 1458 711 1504 rerum
734 1440 846 1504 actuo
901 1439 970 1514 Sed,
1004 1443 1084 1525 quod
1105 1445 1229 1528 gravius
1315 1499 1318 1504 .

165 1549 224 1622 cst,
256 1548 387 1612 anteaue
423 1545 539 1610 iudicia
568 1544 607 1610 ad
636 1535 777 1609 aerarium
809 1545 926 1610 fiebant
954 1565 1010 1613 nee
1037 1550 1119 1631 apud
1141 1569 1230 1617 reeu—
1257 1534 1260 1540 ’

163 1652 343 1733 peratores?
385 1669 422 1714 en
473 1639 601 1734 prolatis
634 1651 725 1714 rebus
771 1649 884 1716 iudicia
918 1651 950 1716 in
983 1655 1089 1720 aerario
1121 1659 1231 1722 erant?

164 1775 351 1839 quamquam
373 1775 472 1822 eausae
507 1776 561 1840 pro
586 1755 707 1820 iudiciis
737 1775 795 1820 non
828 1759 911 1822 reete
934 1757 1087 1826 dicuntur.
1130 1763 1230 1843 (Quod

163 1863 324 1927 Ernestius
357 1862 477 1927 scribit:
512 1879 632 1940 „cause
655 1881 707 1936 eee,
741 1879 809 1944 qua
842 1862 941 1926 adhuc
973 1866 1054 1948 apud
1086 1869 1229 1933 aerarium

164 1970 299 2045 essent‘,
332 1967 409 2032 nihil
440 1967 522 2051 apud
544 1967 722 2033 Suetonium
756 1969 794 2033 de
827 1969 911 2032 certo
932 1987 1044 2052 genere
1066 1991 1229 2039 causarum
1294 1960 1296 1964 ’

163 2074 376 2158 significatur.)
418 2073 602 2139 Tollendum
625 2093 759 2140 causae.
815 2073 968 2141 Subsellia
989 2077 1080 2144 rebus
1102 2079 1229 2160 prolatis

162 2181 194 2244 in
216 2182 321 2244 aerario
343 2180 554 2254 servabantur,
589 2181 680 2246 rebus
702 2180 901 2246 redeuntibus
925 2183 983 2260 (sic
1004 2202 1123 2268 quoque
1145 2186 1228 2251 enim

161 2285 365 2369 loquebantur
389 2287 426 2350 de
462 2303 564 2350 rerum
602 2286 674 2350 actu
694 2287 854 2363 redeunte)
879 2287 918 2352 ad
940 2289 1038 2354 forum
1063 2291 1228 2356 transfere-
1360 2335 1362 2340 .

161 2394 273 2458 bantur
294 2393 489 2477 gratuitoque
512 2392 735 2474 praebebantur.
792 2392 870 2457 Cum
904 2413 963 2458 non
992 2395 1227 2480 intelligeretur,

160 2498 240 2581 quod
279 2503 362 2564 esset
406 2498 568 2564 sententia
605 2496 796 2569 subiectum,
834 2497 974 2564 additum
1014 2503 1064 2564 est
1096 2520 1225 2568 causae.

161 2603 221 2669 Gir.
248 2603 354 2669 Claud.
380 2604 428 2668 10.
1033 2678 1037 2684 ,

262 2711 329 2776 llud:
363 2711 404 2774 20
436 2729 452 2775 e
485 2709 623 2775 codicum
654 2707 793 2792 uestigiis
825 2708 971 2774 facillime
1004 2714 1037 2776 et
1065 2713 1226 2794 aptissime

130 2816 307 2882 'ediciturz
352 2815 700 2884 excellentissimo
740 2817 866 2888 cultu,
903 2817 1018 2899 puris
1060 2837 1101 2883 ee
1141 2821 1226 2885 sine

161 2922 276 2987 anulo
298 2922 411 2991 trevis.
463 2921 599 2988 Venerat
621 2922 679 2986 hoc
700 2921 732 2985 in
755 2923 892 2988 mentem
916 2919 1140 3006 Oudendorpio,
1173 2922 1227 2988 sed

160 3029 265 3093 tenere
287 3046 379 3093 ausus
401 3047 460 3093 non
484 3028 541 3094 est,
1183 3053 1186 3058 ’

261 3132 326 3198 Ibd.
350 3133 407 3197 28:
430 3133 689 3226 meretricem,
705 3151 824 3216 -quam
848 3134 951 3198 famu
972 3136 1058 3199 erat
1081 3135 1226 3219 Agrip-

159 3238 259 3320 pinae
310 3237 579 3316 simillimam,
631 3238 738 3303 inter
787 3239 1026 3316 concubinas
1068 3241 1225 3324 recepit

161 3343 248 3423 Quod
271 3344 379 3409 abesse
401 3347 524 3428 nequit,
555 3346 672 3410 intere
701 3349 733 3409 et
761 3346 794 3407 ei
825 3345 951 3411 excidit:
995 3344 1225 3428 Agrippinae

161 3469 238 3512 ase
259 3449 516 3515 simillimam.
865 3438 868 3443 ’

259 3556 326 3621 ibd.
360 3555 416 3618 32:
458 3556 561 3620 Ante
597 3556 725 3621 omnia
753 3556 952 3632 instituit,
983 3559 1024 3621 ut
1052 3575 1069 3620 e
1095 3557 1225 3622 liber-

159 3663 285 3728 torum
326 3661 598 3727 defunctorum
631 3662 744 3728 bonis
776 3679 842 3744 pro
870 3659 1029 3725 semisse
1057 3661 1224 3728 dextans

159 3769 195 3833 ei
215 3771 436 3853 cogeretur,
458 3768 522 3849 qui
543 3768 626 3833 sine
648 3767 845 3850 probabili
867 3772 985 3830 eausa
1006 3784 1046 3830 eo
1069 3769 1224 3833 nomine

159 3877 302 3949 essent,
345 3892 416 3958 quo
453 3873 626 3939 fuissent
662 3873 751 3938 ullae
787 3873 966 3948 familiae,
1010 3891 1104 3955 quae
1139 3875 1224 3956 ipse
1341 3953 1344 3958 Δ

159 3981 423 4065 contingeret.
476 3978 676 4063 Perspicuum
708 3979 767 4050 erit
797 3980 880 4044 reete
902 3978 1075 4044 abundanti
1108 3981 1224 4064 aliquid

160 4087 281 4163 deesse;
318 4105 389 4151 nem
421 4085 481 4150 duo
513 4085 594 4150 Nero
630 4083 669 4149 ad
708 4085 818 4150 fiscum
854 4083 1016 4150 ditandum
1053 4087 1223 4178 constituit,
1292 4183 1294 4190 Ι

976 4190 1023 4244 ur·
