2918 4636
560 343 562 348 ,
605 281 725 340 Ovidius.
1121 279 1162 348 89

135 501 188 550 sus
223 481 424 564 improbabile
461 483 531 560 est,
569 479 766 548 scribendum
799 501 871 550 eum
914 485 1202 570 γ,ιιιιιξιιᾱοιίὶιιιψ

134 587 256 654 Heinsii
278 589 322 668 (et
344 587 383 672 L)
404 587 564 673 utrobique
583 587 677 652 dieat.

234 693 290 769 XI,
312 691 374 758 135
399 691 481 776 quod
501 693 568 776 ipse
590 693 796 758 eonieoerem:

285 798 433 880 restituit,
452 799 598 886 partique
618 798 680 864 ude
704 798 777 864 dote
798 819 929 866 munere
951 802 1052 882 solvit,

133 904 166 970 in
182 923 243 972 uno
258 907 312 971 eut
328 905 425 971 altero
446 897 679 970 oodiee'novitio
699 908 886 989 praeoeptum
908 908 1085 994 corrigendo
1104 908 1204 974 video.

134 1010 228 1074 Facti
243 1011 321 1076 nihil
342 1013 405 1090 est;
428 1011 482 1078 sed
506 1028 635 1076 munere
654 1010 826 1092 perniciose
849 1011 988 1078 Bacchus
1012 1013 1149 1093 dederat,
1170 1015 1207 1080 ut
1337 1006 1339 1010 ’

133 1118 219 1200 prou
229 1117 324 1182 fidem
333 1117 482 1192 sumeret,
493 1129 575 1182 nune
584 1114 668 1180 idem
681 1115 782 1181 solvit.
808 1116 958 1184 Heinsius
970 1118 1122 1184 inutiliter
1135 1118 1205 1204 plus

135 1224 267 1295 teutnvit
288 1241 346 1288 ueo
367 1223 467 1296 reete;
489 1239 561 1286 nom
584 1219 622 1284 de
644 1220 705 1286 fide
729 1222 875 1288 solvende
895 1223 925 1288 h.
947 1224 967 1288 l.
990 1241 1051 1288 nou
1072 1224 1183 1308 egitur.

235 1325 293 1407 XI,
316 1328 375 1390 291
400 1346 481 1410 sqq.:

208 1433 354 1500 Forsitan
374 1433 454 1498 hene
475 1433 641 1510 voluerum,
666 1434 754 1520 rupto
776 1453 843 1518 quae
863 1434 942 1500 vivit
964 1436 995 1500 et
1016 1452 1123 1500 omues

206 1541 305 1606 derret
326 1557 410 1616 oves,
431 1557 553 1622 semper
574 1557 690 1622 pennus
713 1539 858 1606 habuisse
881 1540 1008 1623 putetis.

207 1646 265 1710 Vir
284 1645 346 1710 fuit
367 1645 399 1708 et
418 1646 508 1710 toute
531 1646 579 1709 est
600 1643 696 1711 euimi
720 1646 904 1726 reuerentia,
927 1645 1076 1730 quantum

176 1796 183 1822 ι
205 1769 276 1820 ueer
296 1752 363 1816 eret
383 1749 525 1833 belloque
547 1750 630 1815 feror
654 1749 694 1816 nd
711 1750 838 1842 ¹vimque
860 1754 996 1837 peruius.

134 1857 289 1923 vitiatum
312 1874 380 1922 esse
405 1873 530 1920 versum
560 1854 639 1934 293,
667 1856 699 1921 in
721 1875 781 1940 quo
802 1858 855 1924 olii
876 1857 995 1924 eodioes
1018 1858 1067 1934 (L)
1090 1866 1208 1920 tantum

135 1963 262 2040 habent,
285 1961 434 2028 odoratio
458 1965 490 2028 et
511 1962 663 2046 sententia
695 1966 762 2028 tem
794 1963 960 2030 manifesto
984 1963 1140 2042 declaret,
1172 1963 1207 2026 ut
1347 2001 1349 2005 v

135 2066 439 2138 MerkeliusHeinsii
460 2067 705 2152 desperationem
729 2070 851 2134 seeutus
876 2070 998 2136 obelum
1022 2067 1208 2152 apposuerit

136 2175 223 2240 Nihil
244 2175 349 2239 temen
373 2173 486 2240 eortius
507 2166 668 2244 faciliusve
689 2175 869 2240 emendetu:

237 2279 303 2346 Vir.
315 2279 387 2354 fuit,
406 2279 438 2344 et
460 2281 561 2358 (touta
582 2281 631 2344 est
652 2280 749 2348 enimi
771 2280 956 2356 constantia)
977 2279 1044 2341 iem
1066 2287 1130 2340 tum

238 2403 309 2450 acer
331 2385 399 2450 eret
419 2385 560 2469 belloque
581 2385 665 2451 ferox
688 2388 747 2452 eet.

138 2492 237 2570 Quem
260 2508 342 2571 nune
363 2491 459 2556 hebet
480 2491 612 2556 volueris
632 2477 787 2568 ¹animum,
820 2492 1013 2564 hebuit'vim
1049 2490 1138 2558 tante
1161 2490 1211 2556 est

137 2597 234 2664 enimi
256 2595 432 2680 ingeniique
455 2598 638 2662 constantie.
682 2599 874 2664 dormahaee
894 2596 1137 2680 epiphonematis
1155 2615 1211 2680 pe-

140 2702 278 2770 renthesi
307 2702 493 2786 interpositi
509 2705 590 2788 apud
624 2703 768 2770 Ovidium
795 2703 939 2786 frequens
975 2703 1036 2777 est3
1070 2701 1132 2766 vid.
1154 2699 1210 2782 IX,

140 2809 212 2888 630,
235 2809 289 2874 ubi
319 2809 450 2874 mirifiee
479 2807 648 2876 Merkelius
676 2811 845 2874 orationem
871 2806 1116 2892 interpungendo
1139 2824 1212 2888 per÷

140 2912 231 2992 uere,
253 2914 293 2990 x,
318 2913 388 2992 573,
411 2913 496 2991 xlv,
521 2916 591 2984 285.
636 2917 708 2978 ram
737 2926 800 2978 rem
831 2914 876 2978 ιη’
891 2923 1008 3001 nerem
1034 2910 1159 2978 unusne
1179 2897 1211 2976 in

138 3022 247 3102 miultis
270 3020 525 3098 endioidruleIL
548 3022 607 3085 921
632 3025 664 3088 et
686 3022 759 3087 alibi
776 3041 867 3106 supe,
890 3023 926 3088 ut
948 3019 1029 3103 opud
1044 3017 1212 3098 Quintiliu-

141 3147 216 3192 num
238 3125 270 3190 in
293 3127 439 3210 prooemio
461 3127 532 3193 libri
553 3128 612 3204 VI,
636 3128 668 3204 7,
692 3129 746 3194 ubi
768 3127 860 3215 soriti
882 3127 976 3194 debet
997 3123 1211 3192 emendatione

142 3233 333 3299 certissima:
368 3253 461 3316 quem
491 3233 695 3315 nutrientium
722 3233 860 3319 plreeidoe
892 3243 938 3308 ot,
982 3252 1213 3318 quamquem

142 3341 209 3421 (pro
243 3344 348 3424 quom)
381 3339 442 3401 reio
476 3339 526 3400 viu
553 3359 643 3424 poree
676 3339 775 3414 credi,
813 3341 888 3404 iam
920 3349 994 3408 tum
1017 3335 1087 3400 adice
1108 3335 1213 3398 nuntie

143 3444 350 3522 ostenderim).
1001 3447 1003 3451 '

143 3566 345 3575 -.....-----

171 3637 193 3704 ¹)
214 3635 248 3692 V.
268 3597 320 3693 328
349 3635 378 3688 in
399 3635 498 3690 oodieis
526 3634 623 3706 optimi
651 3635 787 3708 scripture
817 3649 870 3688 une
897 3631 1138 3710 litteramutonde
1157 3632 1212 3685 eet:

287 3728 372 3794 Quom
399 3727 481 3780 miser
508 3727 661 3795 amplexans
686 3744 735 3796 ego
759 3730 817 3782 turn
838 3729 967 3794 patruique
992 3727 1051 3794 (pro
1069 3724 1212 3792 patruoque)

961 3817 1079 3872 dolorem

286 3912 365 3968 eorde
384 3911 438 3967 tuli
454 3911 652 3982 iratripnepio
671 3910 769 3966 solutio
787 3909 853 3965 dixi.

214 4010 309 4060 Patrem
328 4005 364 4061 ob
372 4009 455 4074 jrutrr'
472 4007 566 4062 mium
588 4006 638 4058 est.
673 4003 715 4058 Ex
734 4021 777 4071 epo
796 4013 843 4056 tum
865 4001 951 4056 fucere
966 4004 1061 4069 pariter
1080 3999 1155 4053 euius
1172 4001 1215 4052 eut

190 4139 191 4142 ι
215 4097 373 4168 providetis!
400 4099 550 4165 [Poenique
568 4096 672 4152 oodioes
690 4096 810 4166 quinque
828 4093 957 4159 Heinsii]
