2956 4648
338 277 400 341 542
699 279 977 350 niu.v111.csp.vl.

297 475 468 542 Gronovius
491 479 574 542 recto
595 479 628 542 et
657 478 789 561 simplici
819 477 930 544 iudicio
959 478 1144 542 correxerint
1151 479 1195 557 ¹‚)
1228 481 1260 544 ot
1288 479 1362 545 alibi
1452 505 1453 516 ο

296 583 417 667 magnis
454 602 489 648 ac
511 583 685 650 temerariis
719 585 926 650 moliminibus
955 584 1179 666 teutonique
1210 585 1257 649 illi
1278 585 1361 652 fseili

296 692 328 754 et
349 692 434 756 recta
455 690 574 754 ratione
597 689 849 772 expediverint²l

395 797 431 858 In
464 795 630 861 annalium
662 796 741 863 libro
772 795 873 878 primo
900 793 976 860 nihil
998 795 1063 868 est,
1095 796 1173 877 quod
1195 743 1360 878 proferam,

296 901 424 984 proprias
447 902 678 968 emendationis
722 899 862 983 Itaque
853 900 997 984 incipiam
1019 900 1111 965 ab

394 1007 463 1072 Lib.
499 1007 532 1071 Π
563 1026 589 1072 ο.
623 1006 654 1082 8,
687 1006 740 1070 ubi
771 1008 803 1070 in
830 1005 946 1083 codice,
979 1024 1038 1088 quo
1072 1025 1133 1070 uuo
1159 1007 1285 1084 utimur,
1317 1008 1363 1072 ita

296 1112 457 1178 scribitur:
503 1112 654 1178 Classis
691 1112 849 1176 Amisiae
890 1110 1052 1186 relicta,
1095 1112 1191 1176 laevo
1235 1131 1360 1188 amne,

294 1221 547 1302 erratumque
567 1220 604 1283 in
637 1237 693 1296 eo,
723 1217 826 1300 quod
864 1235 935 1282 non
964 1216 1150 1282 'subvexit
1181 1219 1360 1300 transpo-

294 1325 379 1391 suit
417 1328 511 1403 (recte
542 1325 725 1390 recentiores
757 1323 863 1389 subv.
895 1326 961 1388 aut
996 1327 1163 1406 transp.)
1189 1322 1359 1387 militem

294 1431 456 1496 dextras
478 1432 515 1495 in
538 1432 665 1496 terres
687 1432 841 1496 iturum.
895 1429 1002 1512 Neque
1024 1430 1096 1494 ferri
1118 1429 1275 1494 Amisiae
1298 1448 1361 1494 ro·

293 1537 392 1601 licta
413 1539 516 1618 potest
537 1538 569 1602 et
590 1537 738 1602 violenter
759 1534 878 1599 tollitur
899 1536 1061 1600 Amisiae.
1105 1535 1252 1601 Retracto
1273 1553 1359 1614 voce,

295 1625 509 1725 quapropter
539 1661 579 1707 re
612 1660 742 1725 sequens
768 1641 887 1716 excidit,
921 1641 1114 1706 scribendum
1138 1645 1202 1706 est:
1247 1641 1360 1707 Clas-

294 1750 349 1816 sis
372 1748 540 1814 Amisiae.
568 1767 633 1810 ore
654 1747 818 1825 relicta,
854 1746 949 1811 laevo
971 1765 1089 1825 arone,
1111 1748 1150 1811 ad
1172 1748 1360 1813 sententiam

295 1854 466 1935 aptissime.
520 1854 692 1936 Dupliciter
724 1857 857 1919 erratum
893 1855 950 1932 est,
983 1849 1076 1936 quod
1096 1853 1299 1918 Germanicus
1327 1854 1360 1918 in

293 2081 490 2098 .—,-—

322 2229 343 2294 ¹)
363 2229 524 2285 Huiusmodi
543 2233 597 2292 ast,
626 2233 657 2284 ut
676 2230 792 2300 singulis
819 2247 851 2284 ex
874 2231 1012 2284 annalium
1036 2233 1064 2284 et
1088 2229 1261 2284 historiarum
1277 2230 1360 2286 libris

364 2321 491 2390 exemplis
511 2325 538 2376 et
556 2324 734 2392 apertissimis
757 2323 889 2394 defungar
914 2325 987 2388 (utor
1009 2323 1080 2376 enirn
1099 2321 1256 2377 nominibus
1274 2323 1360 2378 trala-

364 2413 457 2480 ticiis)‚
485 2417 621 2469 retentum
650 2417 679 2469 in
704 2432 766 2470 aun.
789 2415 862 2475 xlv,
888 2417 937 2471 15:
964 2431 1040 2484 pare
1068 2415 1211 2482 ingenio
1237 2431 1359 2484 proea-

363 2523 432 2573 ces,
460 2508 525 2563 alii
551 2507 586 2561 in
615 2525 674 2578 spe
699 2509 879 2578 potentis,
907 2523 967 2564 cnm
984 2507 1040 2562 iam
1058 2507 1197 2562 Acidaiius
1214 2508 1359 2573 monuerit,

363 2601 511 2658 entissime
538 2617 601 2656 usu.
624 2601 794 2658 scribendum
826 2617 883 2656 esse
911 2607 946 2656 in
981 2620 1062 2668 spem
1097 2600 1261 2671 potantia
1292 2599 1360 2668 (vid.

362 2710 450 2764 opusc.
470 2693 543 2749 scad.
562 2695 576 2748 Ι
594 2711 620 2764 p.
641 2697 692 2752 168
711 2698 739 2750 et
756 2697 815 2756 169,
835 2693 882 2748 nbi
899 2694 985 2764 ipsius
1003 2693 1091 2748 Taciti
1109 2693 1138 2746 in
1157 2693 1207 2748 hac
1222 2693 1283 2762 ipsa
1301 2693 1360 2770 spei

364 2803 427 2844 uoce
446 2789 499 2842 tria
517 2777 646 2857 exempla
666 2788 745 2857 posui
773 2771 925 2856 similiaque
943 2787 1031 2842 multe
1048 2786 1221 2854 comparari),
1249 2787 1309 2842 tum
1327 2785 1359 2838 in

243 2869 244 2872 ¹
362 2881 425 2934 hist.
444 2881 561 2946 111,41:
592 2879 680 2950 apud
712 2879 830 2936 auidos
858 2879 1087 2948 periculorum
1117 2881 1151 2932 et
1179 2877 1359 2932 dedecoris

362 2990 503 3027 securos
530 2971 563 3026 do
595 2971 728 3026 militibus
756 2961 882 3042 pudorem
913 2975 940 3026 et
969 2971 1045 3026 ducis
1072 2973 1248 3025 reverentiam
1276 2970 1359 3025 facile

361 3068 482 3120 exuturie
508 3081 556 3118 neo
575 3065 717 3134 quicquam
735 3064 768 3118 ad
787 3063 880 3118 ducem
899 3062 1094 3118 defendendum
1111 3063 1223 3128 ausoris,
1255 3079 1321 3132 quos
1342 3079 1360 3116 s

362 3159 454 3213 Tacito
484 3157 621 3225 panidos
657 3157 888 3226 periculorum
932 3156 1080 3227 appellatos
1114 3157 1197 3210 fuisse
1233 3155 1359 3210 Faernus

360 3251 440 3315 vidit,
462 3254 494 3304 nt
512 3249 744 3304 offensionum
764 3250 907 3319 pavidus
925 3251 1026 3304 dicitur
1043 3265 1104 3306 ann.
1122 3248 1170 3314 IV,
1190 3251 1232 3314 38,
1250 3249 1360 3304 nandi

360 3343 425 3398 hist.
444 3343 477 3409 V,
496 3345 538 3398 14.

318 3447 341 3516 ¹)
360 3441 490 3518 Exemplo
509 3448 548 3502 eit
566 3447 734 3504 incredibilis
756 3450 783 3502 et
801 3447 975 3518 transpositio
993 3449 1021 3502 et
1039 3446 1154 3502 mutatio
1172 3447 1200 3500 et
1218 3447 1358 3529 emanatio

360 3540 624 3610 Nipperdeiiannal.
643 3541 715 3608 XIV,
747 3543 772 3606 7,
799 3540 847 3596 nbi
865 3543 936 3596 reeta
954 3540 1079 3599 Halmius
1097 3539 1220 3594 Pichene
1238 3538 1359 3594 amioum

239 3675 241 3680 .
268 3633 270 3638 '
360 3635 467 3690 secutus
485 3638 534 3700 est,
554 3635 630 3704 sequi
648 3635 730 3692 ctiam
743 3620 899 3689 Obcrlinum
918 3632 1033 3688 debebat
1051 3648 1105 3686 una
1122 3632 1216 3688 littera
1233 3632 1359 3688 detracta

360 3728 534 3783 scribentem:
565 3727 735 3782 incertum
761 3743 799 3781 au
823 3729 951 3782 etanta
969 3742 1104 3796 gnaros,
1118 3725 1200 3796 ,quod
1218 3724 1357 3779 sententia

359 3825 528 3892 et'apartum
546 3818 686 3890 particule
705 3820 739 3872 et
756 3810 885 3874 indicium
903 3821 1029 3890 postulat.
1063 3811 1165 3872 Ritteri
1184 3817 1243 3888 (qui
1262 3819 1356 3872 tamen

358 3915 387 3969 in
406 3913 531 3968 hocloco
559 3912 682 3968 veritatis
701 3927 779 3967 sensu
797 3916 887 3968 motus
914 3929 954 3967 an
974 3914 1008 3966 et
1026 3913 1107 3966 anta
1126 3925 1189 3965 non
1202 3899 1356 3980 ‘ignaros

359 4007 464 4077 posuit)
492 4009 520 4062 at
542 4007 608 4062 alias
635 3991 791 4060 temerarias
821 4005 984 4060 coniecturas
1011 4007 1039 4058 et
1063 4004 1220 4059 lacunarum
1246 4004 1354 4073 fingen-

315 4151 318 4161 ‚
359 4101 452 4154 darum
470 4099 607 4155 licentiam
625 4099 730 4154 omitto.
