2970 4648
490 213 525 315 'Is
554 261 658 316 Senecae
678 253 816 331 Epistola.
1092 261 1155 326 463

234 460 426 544 Incipiama
456 460 625 544 suspicione
655 459 811 526 audacula.
847 461 929 526 Nam
950 462 982 526 in
1010 462 1099 544 episi.
1123 461 1153 541 3,
1177 464 1196 526 5

137 585 196 631 non
220 565 333 632 transit
354 566 468 632 Seneca
489 584 586 648 neque
609 564 778 648 digreditur
789 570 911 648 arrepta
936 567 1064 633 alicuius
1086 568 1197 633 simili-

135 671 252 737 tudinis
273 671 429 738 occasione
450 670 491 735 ad
512 670 606 736 aliam
628 689 703 746 rem,
730 670 784 737 sed
806 673 916 748 subito,
938 693 1060 756 prorsus
1082 674 1197 740 omissa

135 777 290 860 superiore
323 777 527 860 disputatione
561 775 599 840 de
632 776 771 842 amicitia
804 781 835 845 et
863 778 901 844 de
928 782 1012 844 recto
1042 781 1197 863 tempera-

133 885 239 948 mento
272 901 371 966 neque
406 882 510 948 omnia
530 881 672 946 omnibus
696 883 859 967 evulgandi
879 903 978 967 neque
1002 885 1107 950 omnia
1127 903 1197 967 pre-

43 1029 45 1034 *
132 989 239 1055 mendi
269 991 300 1053 et
334 987 517 1065 occultandi,
551 1006 587 1052 ea
615 989 713 1054 forma
749 990 911 1066 orationis,
947 1010 1007 1074 qua
1035 991 1197 1056 videantur

132 1095 291 1178 superiora
332 1094 503 1161 continuari
545 1094 623 1170 (Sic
676 1096 864 1179 utrosque
911 1096 1197 1180 reprehendas),

131 1204 236 1267 tamen
259 1203 297 1267 de
319 1203 409 1286 longe
431 1201 556 1274 aliare,
580 1200 679 1265 utosa
701 1201 803 1283 quiete
826 1205 857 1268 et
877 1202 1017 1284 inquieta
1037 1220 1197 1267 concursa-

131 1309 224 1384 tione,
248 1309 293 1374 sic
304 1308 388 1382 dicit,
410 1308 558 1390 tanquam
572 1306 805 1389 decapluribus
827 1307 888 1372 iam
902 1309 1008 1392 egerit,
1031 1311 1196 1372 etsumma

130 1414 222 1480 huius
255 1413 470 1497 disputationis
505 1412 632 1478 collecta
665 1413 827 1495 epistolam
865 1413 1028 1480 concludit.
1085 1413 1196 1496 Itaque

130 1539 254 1603 prorsus
293 1520 367 1603 puto
409 1518 486 1582 duas
530 1518 675 1600 epistolas
709 1519 876 1610 coaluisse,¹
919 1519 978 1584 fine
1014 1518 1122 1600 prioris
1165 1524 1197 1585 et

131 1626 220 1691 initio
253 1625 380 1691 alterius
416 1624 588 1706 intercepto
615 1623 697 1689 inter
724 1623 780 1689 illa
811 1624 979 1690 alterum
1008 1624 1132 1690 tutius
1165 1625 1197 1688 et

130 1731 194 1798 Sic
215 1734 409 1812 utrosque
430 1729 700 1812 reprehendas.
796 1728 798 1732 ’

232 1837 287 1920 Ep.
310 1836 340 1915 6,
363 1837 382 1897 7
393 1861 399 1896 :
444 1834 609 1913 Quaeris,
641 1835 786 1918 inquit,
824 1835 913 1918 quid
940 1835 1196 1917 profecerim?

130 1944 293 2009 Amicus
324 1961 413 2008 esso
446 1941 551 2006 mihi.
607 1940 752 2006 Latinum
785 1960 846 2006 non
879 1944 929 2007 est
961 1940 1088 2026 proficio
1125 1960 1194 2002 osso.

131 2048 332 2116 Scribondum
381 2050 443 2114 ost:
501 2045 545 2108 Uo
588 2048 733 2112 amicus
777 2068 892 2110 casem
934 2044 1041 2108 midi.
1093 2043 1197 2109 Semel

131 2155 245 2237 scripto
266 2176 297 2215 m
319 2160 420 2230 (esse
442 2153 562 2226 mihi),
590 2154 683 2218 etiarn
706 2155 748 2217 ut
768 2154 917 2218 omissum
939 2153 995 2217 est.

230 2261 286 2342 Ep.
317 2260 355 2337 9,
388 2260 431 2320 ,17
462 2257 623 2324 sentcntiae
650 2257 695 2322 sie
721 2257 897 2340 separandae
923 2259 1011 2322 suut:
1057 2257 1197 2335 Quam-

130 2367 195 2432 diu
228 2366 382 2449 quidem
423 2363 490 2428 illi
534 2363 632 2428 licet
674 2377 762 2428 suo¹
789 2363 955 2428 arbitrio
999 2381 1065 2428 res
1104 2381 1197 2427 suas

131 2471 334 2549 ordinare,
371 2489 410 2534 se
433 2469 644 2534 contentus
666 2469 727 2533 est
748 2470 785 2533 ot
807 2469 919 2533 ducit
940 2487 1097 2533 uxorem
1130 2469 1199 2545 (hoc

131 2581 197 2646 est:
222 2579 253 2643 et
274 2580 401 2653 tamen),
431 2593 472 2640 se
507 2575 720 2638 contentus
748 2576 813 2638 est
834 2574 892 2650 (sic
913 2576 994 2638 recte
1016 2573 1084 2638 edd.
1108 2591 1199 2656 supe-

130 2685 244 2760 riores;
268 2683 351 2748 sion.
375 2682 407 2745 et
427 2681 459 2744 H
480 2699 540 2744 om.
564 2681 639 2756 eat)
664 2681 701 2744 ct
723 2679 875 2744 liberos
897 2680 1026 2756 tollit;
1050 2697 1088 2744 se
1112 2697 1199 2743 con-

45 2791 78 2836 “-
130 2791 267 2856 tentus
309 2789 367 2854 cst
399 2789 439 2854 ct
467 2788 601 2850 tamen
634 2804 705 2850 non
737 2786 864 2860 vivet,
897 2785 929 2850 si
967 2786 1199 2850 fueritsine

132 2894 290 2960 homine
312 2894 498 2959 victurus.
548 2889 721 2966 (Viveret
833 2892 937 2956 foret
959 2891 1093 2957 Haasiue
1125 2909 1142 2955 c
1169 2910 1200 2972 p,

132 3001 228 3074 recte,
252 3000 288 3063 ut
309 2999 446 3075 uuem;
483 3015 580 3080 neque
614 2996 697 3060 enim
718 2997 776 3061 hoc
797 2998 944 3081 unquam
966 2997 1096 3064 fortasse
1117 2998 1200 3063 futu·

132 3125 203 3171 rum
224 3104 298 3186 poni
319 3106 479 3186 potest).⁴¹)
520 3103 617 3168 Paulo
640 3106 711 3169 ante
732 3102 753 3189 ᾗ
777 3103 825 3182 12,
847 3104 901 3168 ubi
921 3104 1055 3170 Haasius
1077 3106 1200 3169 secutus

135 3212 184 3278 cst
214 3211 462 3292 supplementum
495 3208 534 3272 ab
561 3208 709 3292 Opsopoeo
739 3229 756 3273 e
787 3209 843 3274 cod
870 3209 1032 3276 Nicetiano
1048 3211 1201 3292 positum,

137 3318 225 3385 ouius
247 3316 367 3380 nullum
390 3315 439 3380 est
459 3314 491 3377 in
514 3314 623 3378 ceteris
645 3312 822 3398 vestigium,
855 3320 1040 3400 comparatis
1062 3316 1200 3400 vestigiis

135 3423 249 3491 codicis
271 3443 291 3506 p
314 3441 384 3487 oum
405 3420 461 3494 iis,
499 3438 566 3502 quae
598 3420 630 3484 in
653 3420 679 3482 P
701 3420 870 3505 ceterisque
891 3424 973 3497 sunt,
994 3423 1060 3488 haec
1080 3422 1202 3486 videtur

134 3534 231 3598 finisse
257 3530 316 3595 loci
340 3529 453 3593 forma:
494 3524 576 3590 Non
600 3525 747 3608 agitur,
769 3526 915 3609 inquis,
938 3548 1035 3592 nuno
1057 3528 1100 3592 dc
1121 3527 1202 3598 hoo,

136 3656 186 3702 an
209 3633 384 3700 amicitia
404 3632 560 3716 propter
589 3631 773 3712 seipsam
803 3633 1014 3714 expetenda
1035 3633 1103 3708 sit,
1136 3631 1203 3696 sed

137 3742 285 3827 [possitue
327 3739 369 3802 ud
406 3758 473 3800 eum
507 3736 627 3821 sapiens
660 3735 809 3798 accedere.
860 3736 929 3800 Inoo
969 3741 1088 3822 opidum
1130 3759 1204 3798 nam

138 3949 336 3956 ---———-

169 4071 191 4140 ¹)
210 4073 223 4137 i
244 4074 276 4126 16
294 4071 370 4125 Fici.
389 4073 417 4124 et
436 4070 469 4124 H.
489 4069 611 4135 Qualis
630 4070 665 4122 et
683 4067 782 4122 Iovia
800 4083 886 4122 errore
904 4085 951 4138 pro
970 4071 1029 4122 est.
