2924 4660
322 303 384 368 m
701 308 928 380 mmmm

381 514 445 580 lbd.
476 513 505 587 9,
548 511 594 589 1²,
627 507 726 573 Ordo
762 513 877 592 atque
910 511 1010 574 ratio
1053 511 1348 596 Pythagoraeac

278 620 464 702 deinceps
498 615 662 683 familiae
696 616 967 700 successionis
1000 617 1084 682 eius
1118 619 1348 701 recipiendi

159 741 162 750 ’
394 722 617 806 discipulos
659 719 937 787 huiuscemodi
983 723 1107 788 fuisse
1150 725 1346 794 traditur.

278 831 374 896 Scrib.
397 831 558 896 familiae
581 838 614 890 et
636 828 918 893 successionis.
959 828 1006 892 De
1029 832 1162 913 etpost
1184 853 1209 892 oe
1231 833 1347 896 omisso

278 937 390 1018 saepius
413 935 483 1000 dixi.
1015 993 1018 1000 .

377 1042 443 1107 lbd.
471 1041 577 1116 10‚2:
621 1041 673 1104 Tu
710 1041 857 1114 autem,
892 1040 1060 1120 proinde
1102 1043 1218 1126 qnasi
1262 1061 1347 1107 cum

277 1151 400 1213 matre
438 1147 612 1212 Euandri
644 1164 740 1209 nunc
772 1144 951 1226 loquare,
993 1166 1168 1213 sermono
1201 1149 1347 1213 abhinc

276 1254 416 1318 multis
452 1252 662 1318 annisiam
697 1251 996 1330 desitouteris,
1030 1256 1131 1336 quod
1154 1255 1260 1319 scire
1284 1257 1345 1319 at-

276 1380 348 1443 que
369 1358 816 1446 intelligerenemincm
838 1357 912 1435 via,
935 1377 1013 1441 quae
1030 1347 1154 1426 dicas.
1198 1361 1347 1434 Nonne,

276 1467 390 1530 homo
410 1465 567 1547 inepte,
588 1465 646 1538 ut,
670 1464 768 1546 quod
790 1463 865 1537 vis,
887 1463 1042 1529 abundo
1064 1467 1347 1548 consequaris,

277 1573 408 1636 taces?
451 1571 600 1634 Perverse
630 1569 708 1633 illud
731 1568 828 1650 quod
853 1568 958 1634 scire
1070 1573 1265 1636 nominem
1287 1571 1345 1636 vis

275 1677 458 1759 simpliciter
488 1675 672 1740 affirmatur.
728 1673 824 1739 Scrib.
858 1676 1000 1751 nteris;
1032 1677 1083 1750 si,
1115 1678 1211 1760 quod
1240 1679 1346 1742 sciro

351 1783 541 1848 neminem
565 1783 639 1857 vis,
663 1801 742 1864 quae
765 1781 892 1853 dicas,
914 1799 1045 1858 nonne,
1067 1783 1179 1846 homo
1200 1783 1345 1863 inepte,

358 1891 492 1953 taces?
540 1887 606 1951 ansi
629 1890 729 1970 aptius
753 1889 833 1951 erat:
857 1905 925 1950 cur
946 1905 1019 1950 non
1126 1891 1258 1951 taces?
1308 1889 1344 1950 In

274 1995 418 2059 abhinc
440 1995 525 2058 nulla
547 1995 595 2056 est
616 2011 717 2069 causa,
757 2013 811 2056 cur
833 1991 970 2057 Gellium
993 2011 1011 2056 a
1032 1995 1180 2076 perpetua
1201 1994 1282 2076 lege,
1306 1993 1345 2056 de

275 2121 334 2183 qua
356 2099 502 2164 admonui
522 2099 581 2164 vol.
604 2101 618 2163 1
641 2121 670 2182 p.
695 2099 755 2160 166
771 2119 814 2173 n.‚
839 2099 1004 2164 descivisse
1026 2104 1169 2181 putemus
1193 2097 1346 2174 (multoc

274 2207 517 2292 eccesiam).

373 2311 438 2375 lbd.
465 2310 512 2385 13,
535 2313 572 2374 5:
617 2311 696 2376 Alii
720 2310 1072 2388 existimaverunt,
1093 2311 1343 2380 incommoda

271 2420 396 2502 princ,
433 2438 512 2502 quae
535 2417 746 2484 metuenda
768 2419 916 2492 essent,
945 2415 977 2480 si
1000 2434 1061 2480 res
1084 2419 1195 2500 gesta
1216 2417 1341 2482 aliter

270 2525 388 2602 foret,
411 2544 522 2608 quam
544 2524 784 2605 imperatum
807 2527 883 2605 ost,
983 2521 1221 2602 pensitanda
1243 2542 1340 2588 csse.

270 2631 310 2694 Et
342 2633 392 2695 hic
425 2631 660 2712 imparatum
694 2639 793 2690 esset
824 2627 1021 2692 scribendum
1056 2631 1104 2692 cst
1136 2627 1167 2691 in
1202 2630 1341 2694 oratione

270 2737 473 2803 condicionali
507 2739 538 2799 et
569 2735 704 2819 generali
737 2753 756 2798 a
789 2736 881 2799 verbo
917 2733 1067 2817 praeteriti
1094 2735 1242 2817 temporis
1267 2755 1341 2818 pen-

273 2845 363 2909 dente
386 2843 568 2926 (praesertim
601 2832 793 2923 praecedente
825 2842 857 2905 si
893 2841 1021 2917 foret),
1058 2841 1089 2904 et
1120 2839 1199 2925 §82
1237 2841 1341 2905 nihil

269 2949 492 3014 faciendum
526 2966 615 3012 esse
647 2948 883 3011 monuerunt
918 2947 1052 3022 aliter,
1088 2963 1202 3028 quarn
1236 2964 1339 3027 prae-

270 3058 422 3136 ceptum
457 3063 562 3128 esset„
613 3051 682 3116 Non
715 3055 835 3134 poterat
869 3052 1030 3117 indicativi
1067 3049 1240 3134 perfectum
1275 3053 1340 3116 ulla

269 3159 470 3224 similitudine
500 3159 670 3223 transiture
714 3159 818 3223 animo
851 3177 1015 3223 occurrere.
1068 3159 1197 3223 Pravins
1240 3159 1337 3223 etiam

268 3267 327 3330 est
349 3283 402 3346 pro
424 3267 530 3330 essct
552 3283 648 3346 nuper
669 3266 802 3348 positum
825 3266 873 3330 est
893 3264 960 3338 XV,
988 3264 1039 3341 22,
1061 3264 1081 3327 8
1104 3264 1219 3347 (quod
1241 3284 1337 3347 opus
1442 3319 1443 3333 ,

268 3374 328 3434 est
353 3369 490 3449 tacto),
536 3370 600 3447 (Ad
633 3370 755 3434 Sueten.
788 3369 847 3434 lul.
872 3370 948 3435 Caes.
972 3370 1036 3447 31.)
1089 3368 1110 3457 ξ
1141 3372 1177 3431 11
1201 3370 1338 3435 incredi-

267 3475 370 3540 biliter
391 3475 550 3566 dubitatur
572 3477 609 3540 de
631 3475 776 3542 Salmasii
799 3478 1029 3542 emendatione:
1054 3478 1100 3541 ad
1123 3477 1332 3560 magistra-

266 3585 346 3646 tum
369 3582 521 3646 etdeinde
544 3583 924 3666 magistratusmodd.
948 3589 1094 3667 magg.),
1118 3601 1209 3665 quam
1232 3601 1282 3647 res
1306 3584 1337 3646 et

267 3706 368 3752 sermo
419 3707 488 3753 cum
534 3689 673 3752 codicum
720 3689 858 3771 vestigiis
901 3690 1093 3754 consentiens
1130 3689 1334 3753 certissimam

265 3793 372 3872 efficit,
416 3813 567 3877 quamque
609 3795 675 3877 ipsc
718 3797 825 3876 sponte
865 3783 1072 3878 'reppereram
1124 3794 1169 3859 De
1213 3795 1333 3858 nominc

265 3897 350 3962 urbis
378 3897 512 3963 dubitari
544 3902 659 3982 potest,
693 3901 752 3965 etsi
793 3902 859 3984 ipse
893 3905 1011 3982 qnoque
1048 3900 1081 3963 in
1109 3900 1333 3984 Mylassen-

264 4003 367 4064 sium
389 4003 565 4070 incideram.
591 4053 593 4060 .
