2938 4630
309 241 351 320 20
665 237 727 294 Lib.
745 238 792 294 Vl.
822 236 888 308 Gap.
904 237 928 294 L

312 442 406 508 PAR
440 440 511 516 Ere,
532 437 645 503 licetne
666 437 744 504 seire
765 455 802 502 er
822 437 854 502 te
875 433 976 510 hodie,
1008 434 1081 518 qnid
1102 433 1154 512 sit.
1169 435 1249 519 qnod
1270 434 1331 504 feei

1134 543 1228 608 boni?

311 654 377 718 Aut
398 650 472 734 qnid
491 650 572 716 intuo
595 650 653 726 est
676 646 756 730 quod
776 665 830 712 nos
852 644 964 729 agitis?
1006 645 1105 712 PAM.
1151 647 1223 714 Non
1243 648 1329 716 lieet

411 833 415 840 .
861 750 955 816 PAR.
1002 750 1120 818 Tamen
1141 755 1287 837 suspicor.

282 890 285 903 ι
312 864 380 948 eigo
401 863 481 928 hune
502 861 540 926 ab
561 877 631 924 oreo
652 859 826 923 mortuom?
848 874 906 939 qno
926 859 1042 940 paeto?

372 968 481 1051 Neque
514 964 631 1048 ellipsis
665 963 696 1028 in
728 983 756 1027 v.
779 961 840 1024 875
861 963 975 1046 planet,
997 966 1029 1030 et
1048 963 1126 1030 illud
1146 964 1249 1047 ipsum
1270 987 1330 1050 quo

264 1083 359 1160 poeto
394 1070 540 1148 ostendit,
572 1068 708 1136 nondum
741 1067 903 1151 quiequam
924 1068 1149 1139 Parmenonem
1172 1070 1330 1153 snspieari.

272 1180 386 1246 Postea
407 1177 531 1242 demum
565 1179 607 1252 (r.
630 1174 703 1252 872)
724 1173 918 1258 impudenter
939 1192 972 1240 se
1003 1175 1080 1242 seire
1111 1176 1164 1242 ait
1206 1175 1332 1253 diensi

272 1282 488 1364 suspicaretur,
523 1279 737 1363 interrogaret,
768 1279 942 1362 numquid
972 1279 1079 1366 magni
1099 1281 1223 1348 fecisset
1242 1280 1331 1366 (Epo

272 1386 352 1450 hono
373 1435 381 1452 .
404 1436 412 1452 .
436 1435 444 1450 .
464 1378 661 1466 morreomt).
689 1385 787 1450 Valde
807 1386 955 1470 suspicor,
967 1384 1144 1453 Terentium
1153 1385 1330 1469 reliquisse:

907 1491 1024 1558 damen
1046 1493 1155 1558 meite
1186 1503 1211 1521 ““

470 1597 535 1680 Ege
557 1596 639 1660 hune
660 1596 700 1662 ab
721 1614 791 1661 oreo
812 1598 974 1665 mortuom.

370 1703 464 1768 Videt
483 1703 633 1767 Parmeno
655 1720 691 1766 er
712 1703 883 1766 ceterorum
904 1721 1027 1768 summa
1046 1703 1166 1782 letitia,
1188 1699 1222 1770 se
1236 1705 1330 1772 Parn-

271 1809 354 1894 philo
374 1809 565 1894 insperatum
586 1809 700 1874 bonnm
722 1809 755 1872 et
775 1807 908 1874 salutem
928 1808 1086 1885 neuton
1108 1828 1167 1892 qno
1189 1811 1279 1892 paeto
1299 1810 1332 1876 id

270 1915 387 1994 feeerit,
408 1913 527 1998 qnaerit

372 2019 508 2106 Adelph.
529 2019 600 2093 278,
623 2017 683 2080 279
706 2018 761 2095 (ΙΙ,
792 2019 822 2096 4,
846 2017 896 2092 14,
925 2019 986 2090 15).
1027 2019 1198 2102 Postquam
1227 2020 1331 2104 Syrus,

274 2125 436 2192 Sannionis
457 2123 577 2190 lenonis
599 2123 631 2187 et
651 2123 810 2188 creditoris
833 2123 999 2192 amoliendi
1020 2123 1158 2208 rupidus,
1180 2125 1270 2190 dixit:

339 2231 469 2305 Ennium
492 2247 622 2312 namque
643 2228 693 2293 hio
715 2227 852 2305 (Sannio)
873 2231 1015 2314 properat
1034 2231 1067 2296 in
1089 2229 1222 2316 Cyprum
1229 2252 1239 2313 3

275 2337 398 2412 Sannio,
444 2335 528 2400 abire
569 2334 687 2408 nolens,
723 2337 888 2418 antequam
923 2354 972 2402 res
1012 2335 1049 2400 de
1086 2338 1212 2420 argento
1256 2351 1333 2404 oon·

272 2441 355 2508 fecta
378 2442 429 2520 sit,
452 2443 484 2506 et
492 2439 562 2524 Syri
577 2431 782 2506 festinationis
804 2459 929 2507 eausam
943 2440 1130 2526 intelligens,
1150 2439 1331 2522 respondet:

696 2531 698 2536 ’
895 2545 952 2610 Ne
966 2547 1031 2612 tarn
1054 2547 1196 2630 quidem:

407 2651 555 2730 Quamuis
577 2652 671 2716 etiarn
693 2669 801 2716 maneo
822 2652 937 2718 otiosus
958 2652 1020 2718 hie.
1250 2639 1253 2646 Δ

373 2758 410 2822 In
449 2757 497 2824 his
539 2757 640 2823 verbis
671 2776 769 2840 neqne
812 2758 1012 2842 ae-petdem
1043 2759 1194 2827 rationem
1227 2757 1333 2840 habet,

275 2881 374 2946 neque
396 2863 537 2948 mamad
558 2863 708 2953 quomodo
729 2864 859 2944 dinatus,
881 2863 1014 2948 expediri
1034 2864 1144 2946 potest.
1190 2862 1334 2929 Scriben-

275 2969 350 3036 dum
371 2971 420 3036 est
440 2967 603 3052 aptissima
623 2968 789 3034 sententia:

872 3074 946 3138 Noa
969 3076 1035 3140 tam
1056 3073 1190 3157 quidem,

476 3200 569 3264 qaam
589 3178 652 3255 ein
676 3179 769 3245 etiam
790 3199 899 3246 maneo
921 3181 1047 3252 otiosus,
1059 3179 1117 3246 hio.

377 3284 480 3349 Foede
514 3282 712 3368 intelligitur,
749 3287 899 3368 quomodo
934 3308 972 3349 ne
1011 3288 1083 3352 ante
1118 3285 1240 3370 quidem
1276 3302 1333 3350 na-

276 3391 343 3454 tum
365 3389 414 3454 sit.

374 3493 442 3560 Ibd.
464 3493 525 3557 313
547 3495 616 3574 (ΠΙ,
638 3496 667 3574 2,
692 3497 759 3580 15):

325 3597 408 3664 Satis
427 3598 505 3664 mihi
524 3599 557 3665 id
579 3601 711 3667 habeam
732 3602 874 3686 supplici,
895 3603 970 3668 dum
990 3601 1061 3668 ilios
1082 3601 1213 3670 uleisear
1232 3600 1332 3669 medo.

377 3703 422 3770 Ut
442 3722 547 3771 versus
590 3706 726 3781 (iambici
763 3708 921 3787 octonarii)
962 3725 1138 3774 mensorem
1181 3706 1331 3791 expleant,

171 3823 174 3828 ’
279 3808 396 3875 addunt
414 3831 480 3874 meo
504 3817 583 3890 (meo
599 3813 724 3893 enode);
754 3814 912 3878 sententiae
933 3813 1119 3895 pravitatem
1139 3830 1200 3877 non
1221 3811 1334 3878 tollunt

278 3917 332 3980 ant
352 3916 571 4001 tautologiam
598 3917 672 4002 quid
693 3918 742 3983 est
763 3918 845 3984 enim
876 3919 970 3998 alind,
992 3920 1068 3986 setis
1091 3937 1190 4002 poenae
1209 3919 1332 4000 trabere,

277 4021 305 4089 si
326 4042 458 4108 poenam,
480 4039 573 4106 quam
594 4023 680 4099 velis,
703 4023 866 4106 impones?
887 4024 921 4090 si
941 4028 1044 4092 tamen
1065 4027 1131 4092 heae
1151 4026 1246 4091 verba
1259 4023 1334 4088 eorm
