3000 4638
346 305 408 370 374
686 302 747 358 Idb.
757 301 835 360 vm.
854 299 922 371 (lep.
938 299 975 356 11.

304 505 437 574 cervix
470 519 554 570 mee
585 501 623 568 in
653 501 859 585 manipulo
897 499 990 565 imni
1026 498 1270 583 acquiescet,
1308 501 1366 566 cet.

303 613 355 680 Sic
394 612 424 677 Δ
457 610 507 689 (Β,
546 607 585 688 G,
615 607 711 673 ceteri
745 608 857 673 leviter
893 605 1114 689 deflectentes).
1167 605 1279 672 Tribus
1305 606 1369 672 illis

301 717 405 786 verbis
428 715 574 781 Multas
595 733 767 798 magnam
788 729 909 780 meam
936 713 1109 796 superiores
1135 711 1266 778 editores
1281 712 1369 791 adeo,

303 823 378 909 quid
398 821 547 900 facerent,
576 820 761 898 nescierunt,
791 819 828 884 nt
847 837 971 902 prorsus
992 817 1169 884 abiicereut.
1211 819 1249 884 In
1271 818 1368 884 mul·

302 930 364 995 tas
397 928 533 1003 subesse,
564 925 646 1009 qued
676 925 865 1008 praecedeuti
894 942 991 1008 pone
1022 923 1213 1008 respondeat,
1247 926 1367 1003 muta,

303 1035 412 1101 eodem
432 1032 525 1100 modo
548 1033 696 1115 sequente
729 1031 868 1106 nihilo,
899 1031 1006 1103 senui,
1040 1049 1132 1114 quem
1153 1031 1294 1104 libenter,
1315 1031 1369 1098 ubi

302 1159 437 1226 possum,
459 1138 563 1217 lando,
583 1137 759 1213 liclrertus;
781 1137 837 1202 scd
857 1137 981 1222 longius
1013 1155 1085 1202 enm
1117 1155 1277 1204 successus
1308 1154 1368 1202 non

301 1247 454 1332 provexit3
491 1263 549 1310 nec
583 1244 669 1334 fauit
695 1244 819 1310 fortune
848 1243 975 1310 Haasio.
1035 1243 1152 1310 Effecto
1183 1244 1300 1320 muta,
1335 1243 1368 1308 iu

302 1369 498 1436 smagnam
534 1369 653 1416 meam
691 1349 764 1434 quid
790 1350 903 1424 lateat,
931 1366 993 1415 nen
1022 1348 1189 1416 difficulter
1209 1349 1369 1432 reperitur,

303 1457 394 1542 quod,
414 1457 469 1522 illo
491 1475 554 1522 non
574 1456 712 1534 invento,
745 1457 849 1522 emen
876 1457 1015 1521 senserat
1035 1473 1121 1538 paene
1152 1455 1295 1538 anfiquns
1316 1455 1369 1520 ille

301 1563 483 1646 liudolphus
504 1562 657 1648 Agricola.
700 1562 793 1629 namt
814 1561 911 1626 enim:
944 1561 1052 1626 Muta
1072 1560 1251 1646 stropulos
1272 1581 1366 1624 mea:

300 1669 423 1735 nihilo
453 1669 512 1736 cet
556 1668 621 1751 (Ad
656 1667 1034 1751 stragulaadhaesitm
1056 1686 1093 1734 er
1126 1685 1222 1746 mea,
1259 1667 1368 1734 deinde

299 1774 417 1840 butum
428 1776 475 1840 est
496 1792 630 1840 meam.
672 1775 747 1842 Mor
768 1774 842 1859 quid
860 1773 1093 1840 incensatus
1114 1775 1148 1839 et
1173 1773 1367 1840 sententis

300 1881 407 1956 latest,
431 1881 541 1946 nescio.
573 1879 651 1964 θος
665 1881 681 1942 1
695 1879 901 1965 dixisuprap.
914 1879 1030 1956 25311,
1052 1880 1090 1945 de
1109 1881 1229 1964 §drot
1244 1881 1300 1962 lp.
1315 1878 1366 1946 40.

298 1987 445 2054 Ertrenm
465 1987 576 2070 capite,
598 1985 616 2070 ξ
641 1987 669 2061 7,
702 2005 795 2070 quam
817 1987 974 2070 positurus
996 2005 1081 2053 eram
1103 1986 1365 2053 emendationem:

299 2091 587 2177 incitemusque
618 2092 775 2157 acerime.
827 2093 924 2178 Ergo
960 2094 1188 2177 paupertati
1220 2093 1297 2167 cet,
1335 2093 1367 2157 in

300 2217 369 2265 eam
390 2201 461 2284 post
483 2197 548 2265 vidi
568 2197 886 2265 Haasinm'incidisse
907 2202 991 2284 praei.
1014 2199 1071 2265 vol.
1094 2199 1143 2264 ΙΙΙ
1164 2219 1192 2282 p.
1215 2195 1340 2274 XXIV.)

400 2304 467 2372 lod
490 2305 541 2384 26,
563 2304 600 2368 3:
647 2305 757 2372 Sicut
778 2306 935 2372 barbari
956 2307 1200 2392 plerumque,
1221 2303 1366 2370 inclusi

300 2413 340 2477 et
361 2411 487 2496 ignari
517 2411 796 2492 machinarum,
830 2429 967 2496 segnes
990 2410 1160 2476 laborem
1181 2411 1365 2476 obsiden-

299 2516 399 2584 tium
450 2518 646 2601 spectaut.
703 2519 801 2584 Prerc
852 2518 1036 2602 copulantur
1082 2517 1241 2592 inclusi,
1287 2516 1366 2601 quod
1470 2559 1471 2622 ἢ

298 2624 423 2706 tempus
444 2622 610 2708 siguificat,
644 2624 677 2688 et
696 2623 822 2708 ignari
854 2624 982 2699 mach,
1013 2623 1094 2707 qood
1114 2623 1254 2689 habitum
1276 2625 1308 2688 et
1330 2641 1365 2688 ex
1470 2625 1471 2633 ’

297 2741 333 2790 eo
364 2743 489 2792 cansam
521 2729 575 2794 rei.
642 2729 738 2796 Scrib.
774 2730 1000 2814 plerumque
1037 2729 1203 2809 inclusi,
1238 2729 1365 2814 ignari

296 2831 575 2914 machinarum,
598 2853 736 2920 segnes
758 2838 816 2902 cet.
859 2835 956 2901 Paulo
977 2837 1050 2918 post
1071 2836 1117 2914 (5)
1134 2835 1200 2900 haec
1220 2833 1364 2918 leguntur

298 2935 329 3000 in
355 2937 521 3019 codicibus,
552 2941 700 3026 tanquam
732 2961 768 3008 er
790 2941 938 3025 sapientis
960 2949 1020 3006 ore·
1040 2942 1175 3025 prolata:
1218 2939 1363 3006 Existi-

296 3044 414 3110 matio
451 3065 507 3111 me
543 3051 675 3114 vestra
711 3066 780 3113 non
820 3064 900 3113 meo
933 3047 1098 3122 nomine,
1135 3046 1202 3115 sed
1234 3047 1393 3112 vestro⁴

295 3152 443 3228 mouet,
484 3152 572 3234 quie
614 3153 866 3220 calamitates
915 3153 1044 3221 odisse
1090 3154 1127 3219 et
1167 3152 1362 3218 lacessere

294 3254 480 3322 virtutem
502 3257 605 3324 bonae
635 3259 717 3342 spei
747 3259 913 3326 eiuratio
934 3261 1004 3326 est.
1048 3259 1258 3343 Praeterquam
1281 3258 1361 3342 qnod

294 3359 327 3426 iu
363 3361 610 3431 calamitates
645 3365 794 3432 mendum
826 3366 1026 3433 manifestum
1058 3369 1117 3440 cst,
1148 3366 1181 3431 et
1208 3365 1362 3432 seubntia

294 3463 406 3549 (neque
438 3468 519 3534 enim
548 3487 637 3536 omne
666 3470 771 3536 odium
804 3471 980 3549 damnatur)
1013 3473 1045 3537 ct
1066 3472 1257 3538 concinnitas
1293 3472 1361 3549 (la-

293 3587 449 3638 cessere
485 3575 683 3656 virtutem)
715 3576 874 3661 postulant
909 3578 1065 3644 obiectum
1097 3578 1184 3644 verbi
1218 3576 1359 3644 odisse.

293 3673 447 3760 Scriptum
479 3680 574 3764 igitur
595 3683 662 3748 erat
689 3681 747 3748 hac
767 3683 883 3760 forma,
916 3685 942 3750 si
964 3704 1024 3751 non
1053 3685 1101 3750 his
1123 3685 1239 3750 verbis:
1272 3683 1360 3768 quia

293 3779 1358 3876 calamitoecet[sapientae]odisee.§6,ubipo'etalovem
1466 3777 1467 3806 ¹

290 3890 489 3971 raptorum
511 3893 763 3978 ingenuorum
780 3898 1047 3982 corruptorem
1066 3897 1357 3973 induxissedicitnr,

289 3992 383 4059 miror
408 3998 630 4065 abundantiam
652 4001 812 4067 uerborum
834 4005 1072 4087 suspicorqueA
1096 4004 1179 4070 idem
1201 4003 1387 4102 habuisses
1465 4079 1466 4084 ἵ

289 4099 369 4181 quod
391 4101 417 4164 B
440 4105 473 4169 et
493 4105 547 4170 alii
568 4105 695 4183 habent,
716 4109 935 4189 raptorem,
958 4108 1104 4176 Senecam
1127 4114 1230 4177 autem
1260 4111 1357 4194 scrip·
