2956 4648
316 245 380 306 490
662 242 811 298 Idume
830 241 895 312 Cap.
912 242 961 296 lu.

274 438 343 506 sed
365 441 453 521 pust
481 443 587 506 sect
614 441 831 524 Epicurum
866 459 1045 525 magnum
1076 439 1338 521 paratumque

275 563 415 610 numen
448 546 663 612 babituros
695 551 786 622 (eus),
821 548 888 629 qni
919 545 1149 612 voluissent
1171 561 1240 625 per
1271 562 1338 608 ea-

273 650 361 716 dem
396 653 455 718 ire
484 652 671 735 uestigia
727 651 818 716 Viam
849 653 912 716 iam
947 654 1087 734 apertam
1119 651 1151 714 et
1183 649 1336 714 munitum

273 758 457 823 insecuturis
478 757 564 823 dicit
615 758 670 832 (Et
699 754 1336 838 §4etbiccertnssumfnlsuPtrndi

272 863 445 928 consentire
490 883 561 928 cum
599 863 751 945 scriptura
786 863 940 936 Fickert,
971 860 1036 926 iilic
1067 860 1182 928 omisso
1224 859 1335 942 qnid,

273 967 325 1034 bic
344 969 465 1034 retentu
487 967 588 1052 apud
609 972 705 1046 eos.)

373 1074 430 1156 Ep.
469 1073 530 1152 80,
574 1075 609 1137 1:
652 1073 736 1138 Non
770 1074 933 1155 crepuit
964 1071 1136 1154 subinde
1168 1071 1334 1147 estium,

273 1199 346 1246 ncn
388 1180 627 1246 allevabitnr
680 1180 824 1254 velum,
871 1178 1015 1244 licebit
1058 1197 1127 1244 unu
1171 1176 1335 1252 vadere,

271 1287 371 1369 quod
405 1286 532 1370 magis
567 1286 841 1350 necessarium
877 1287 938 1349 est
977 1302 1043 1366 per
1082 1301 1119 1348 sc
1152 1284 1262 1348 eunti
1295 1286 1334 1346 et

272 1411 382 1456 suurn
430 1390 613 1474 sequenti
661 1390 775 1454 uiam.
840 1389 980 1454 Primum
1023 1387 1217 1453 scribendum
1259 1409 1333 1454 uun

271 1497 464 1580 erepabic.
520 1498 573 1576 ld,
608 1499 643 1561 ut
678 1496 863 1578 sepissime,
904 1495 1028 1560 transiit
1062 1496 1095 1558 in
1130 1497 1332 1576 crepavit,

270 1601 351 1686 quud
394 1602 468 1686 iuga
518 1601 685 1668 solecismi
730 1601 846 1666 factum
896 1601 1055 1682 crepuit
1097 1603 1154 1664 est.
1221 1601 1330 1684 [Panlo

268 1709 342 1772 ante
386 1706 543 1789 immpeu
590 1708 627 1770 nt
667 1708 770 1772 monet
832 1706 1018 1789 Geertaius]
1076 1706 1193 1772 Deinde
1236 1726 1332 1790 neque

271 1831 345 1878 uno
368 1812 510 1878 vadere
531 1812 602 1876 terri
613 1807 724 1894 potest.
746 1831 845 1894 neque
867 1811 1011 1877 vadere
1041 1811 1138 1876 ullum
1161 1813 1210 1878 hic
1231 1814 1331 1878 lucum

269 1918 375 1984 babet.
410 1917 612 1984 scribendum
634 1939 744 1980 unum
765 1937 876 1999 apere
897 1924 969 1992 (nou
999 1918 1031 1982 in
1058 1919 1158 1983 multa
1179 1919 1331 1996 distrahi).

268 2023 288 2107 fi
320 2023 350 2098 6,
373 2024 454 2107 quud
475 2023 634 2088 scribitur:
677 2023 831 2096 Herum,
865 2023 929 2106 qui
956 2024 1100 2088 felices
1122 2029 1331 2104 vocantur,

270 2130 465 2195 hilaritas
509 2129 608 2193 ficta
649 2131 709 2192 est
752 2131 817 2194 ant
858 2130 994 2212 gravis
1040 2130 1078 2194 et
1113 2131 1331 2212 suppurata

268 2235 468 2311 tristitia,
506 2233 693 2308 necessario,
734 2235 878 2318 qnoniam
923 2235 988 2300 baec
1027 2254 1088 2298 nun
1132 2236 1329 2310 alternantur,

269 2339 478 2406 scribendum:
501 2349 540 2402 ac
563 2339 699 2422 gravis
721 2341 779 2404 cet.
1468 2371 1469 2408 r

369 2445 425 2530 Ep.
448 2445 500 2520 81,
521 2445 541 2510 8
559 2445 620 2524 (6):
644 2444 671 2508 N
681 2463 727 2510 on
748 2463 881 2510 omnes
905 2446 1066 2530 gratiOE
1087 2446 1232 2529 gratis)
1255 2447 1330 2510 sci·
1468 2507 1469 2514 ,

269 2552 339 2616 unt
374 2551 516 2616 debere
549 2550 808 2633 beneficium
851 2554 986 2634 potest
1017 2552 1145 2616 etiam
1177 2552 1330 2634 impru·
1468 2539 1469 2544 ’

268 2654 367 2720 dens
390 2659 427 2721 et
449 2655 557 2722 rudis
580 2658 617 2721 et
638 2675 736 2721 nnus
758 2674 775 2719 e
796 2657 926 2731 turbu,
951 2657 1088 2740 utique
1104 2657 1192 2721 dum
1210 2675 1329 2740 prope

268 2763 331 2826 est
369 2763 413 2826 sb
446 2764 625 2844 eccepto,
655 2762 824 2846 vignorat
855 2766 1001 2840 eutem,
1035 2763 1225 2845 quantum
1266 2763 1330 2828 de·
1468 2831 1469 2834 ,

269 2867 369 2932 beat
423 2867 483 2947 Qui
514 2866 692 2949 imprudens
726 2870 758 2933 et
793 2867 877 2932 rudis
915 2868 972 2932 boc
1008 2867 1107 2952 magis
1147 2869 1207 2934 scit
1239 2886 1328 2952 quam

269 2973 397 3056 gratus?
440 2971 654 3052 scribendum:
698 2973 781 3038 Non
803 2991 937 3038 omnes
968 2974 1074 3056 grati
1096 2995 1175 3036 ease
1197 2975 1330 3040 sciunt

271 3077 363 3160 (quod
394 3079 492 3144 maius
518 3079 566 3144 est
595 3081 627 3142 et
655 3078 793 3143 eontinet
823 3077 1069 3162 intelligentiam,
1102 3081 1209 3162 quanti
1238 3082 1330 3146 bene·

270 3181 373 3248 ficium
400 3183 469 3261 situ
504 3182 645 3264 debere
677 3183 916 3249 beneficium
950 3184 1083 3265 potest
1119 3186 1236 3252 etiam
1262 3187 1330 3250 im-

269 3287 439 3369 prudens
466 3335 534 3367 ...‚
569 3290 722 3374 ignoret
742 3291 890 3364 autem,
922 3291 1105 3372 quantum
1128 3291 1270 3356 debeat
1290 3293 1331 3366 (et
1468 3371 1469 3388 χ

269 3392 353 3458 ideo·
371 3395 477 3477 gratus
511 3413 577 3462 esse
619 3395 743 3478 nescit).
799 3395 879 3459 Tum
912 3395 1016 3476 paucis
1053 3395 1153 3460 verbis
1187 3398 1259 3478 pust
1289 3396 1332 3462 sic

270 3498 361 3564 scribi
398 3499 503 3566 debet:
545 3500 717 3576 Stultus,
763 3500 920 3566 etiamsi
962 3501 1067 3566 bunae
1110 3502 1331 3567 veluntatis
1370 3555 1373 3560 .

269 3606 343 3679 est,
378 3606 609 3684 autminus,
642 3623 752 3690 quam
785 3605 911 3683 debut,
945 3607 1012 3670 aut
1033 3607 1228 3690 tempure,
1260 3624 1331 3690 quo

271 3729 339 3776 non
373 3710 501 3790 debet,
535 3715 600 3779 ent
631 3712 713 3778 locu
739 3711 867 3778 reddit
899 3711 1020 3796 (vulgoz
1053 3715 1119 3776 aut
1150 3713 1330 3794 tempure

269 3817 351 3896 sut,
374 3835 446 3900 qno
471 3835 543 3882 non
567 3816 702 3891 debet,
728 3798 835 3896 ioco,
858 3818 945 3900 quasi
965 3818 1042 3882 illud
1069 3835 1143 3908 quo
1173 3835 1243 3882 non
1266 3817 1332 3881 de-

270 3921 336 3988 bet
374 3940 432 3988 nun
465 3923 504 3988 ad
533 3925 653 4005 tempus
683 3942 802 4006 quoque
826 3923 1007 4005 pertineat).
1052 3921 1230 4006 Sequuntur
1251 3921 1271 4008 ξ
1295 3921 1333 3984 14

270 4026 337 4108 (121
370 4027 436 4092 bae'c
472 4028 503 4092 in
541 4028 657 4111 optimo
698 4028 801 4094 codice
840 4029 906 4108 (P):
961 4027 1161 4108 Quantum
1207 4029 1334 4092 sutem
