2956 4648
292 267 355 332 472
632 265 691 322 Lib.
711 265 789 322 VIII.
808 265 874 336 Cap.
891 265 940 322 IV.

253 467 341 547 Quae
376 466 474 532 enim
503 465 664 548 querela
693 464 765 540 est,
801 463 898 546 qnod
937 462 1237 540 incommodum,
1275 467 1317 544 si,

253 573 438 658 quicquid
461 571 629 636 debebat
660 569 855 642 desinere,
887 569 1056 635 defecit?
1099 570 1239 645 Animus,
1262 570 1316 653 qui

223 695 227 706 ·
254 679 381 762 quasia
413 676 531 742 Seneca
562 677 721 758 separatos
752 693 823 739 eum
845 674 997 758 dispicere
1028 675 1114 740 iubet
1140 678 1172 740 et
1192 677 1315 759 gratnm

252 783 437 867 intelligere,
470 801 616 866 magnam
652 783 773 862 partem
809 781 1042 863 tranquillitatis
1079 783 1111 846 ct
1147 782 1316 859 modestia,

256 907 322 973 quae
343 907 429 952 nuno·
452 886 484 951 in
515 887 582 969 ipso
604 886 655 958 sit.
693 905 753 952 nou
785 888 884 952 solum
913 887 1065 954 voluntati
1087 906 1148 952 oon
1169 888 1318 969 peccandi

255 994 310 1060 sed
346 994 438 1059 etiam
478 993 607 1058 sublatae
638 993 731 1058 aetate
759 994 905 1074 potestati
936 993 1082 1074 peccandi
1109 994 1230 1070 deberi,
1264 1013 1319 1076 pro

256 1117 379 1166 summa
414 1097 578 1180 iniquitate
625 1098 657 1162 et
696 1098 775 1180 aequi
819 1098 947 1164 intentu
989 1100 1149 1166 habiturus
1185 1101 1249 1176 est,
1291 1101 1320 1164 si

258 1205 342 1270 uolet
375 1204 493 1269 Seneca
523 1202 667 1287 garoue,
700 1204 788 1286 quod
817 1205 980 1287 quicquam
1013 1223 1073 1269 ncn
1100 1204 1198 1286 possit
1224 1203 1319 1287 (quod

259 1311 382 1376 omuino
404 1327 469 1374 rem
491 1309 588 1374 ullam
611 1310 806 1392 noncessit).
838 1309 967 1374 Nullum
991 1310 1073 1374 enim
1087 1310 1316 1374 incommodum

259 1434 336 1494 esse,
369 1417 461 1499 quod,
495 1434 562 1497 quaa
598 1414 738 1480 desinere
770 1415 932 1498 aliquande
961 1414 1121 1480 debuerint
1153 1414 1243 1493 vires,
1266 1416 1321 1479 de·

258 1521 396 1587 fecerint.
441 1521 523 1586 Nam
554 1520 722 1586 debebat
751 1521 802 1598 (de
837 1521 989 1586 destinato
1015 1521 1077 1585 iam
1100 1522 1172 1586 ante
1194 1525 1322 1598 eventu)

258 1643 313 1707 pro
334 1626 477 1692 debeat
498 1630 580 1692 recte
596 1627 737 1692 Fickerto
758 1628 790 1690 in
812 1627 948 1690 mentem
961 1629 1094 1700 venerat,
1116 1628 1170 1693 sed
1182 1627 1320 1692 instabili

259 1731 378 1796 iudicio.
403 1731 545 1815 Sequitur
558 1733 664 1814 paucis
675 1732 842 1798 interiectis
854 1732 871 1814 ς
883 1731 918 1796 4:
942 1733 989 1796 llt
1003 1733 1090 1814 quis
1101 1738 1172 1808 iser.
1190 1733 1322 1817 Ecquis)

262 1837 389 1902 exitus
423 1840 484 1903 est
514 1838 650 1902 melior
686 1857 793 1920 quam
826 1837 862 1901 in
896 1837 1017 1902 finem
1052 1857 1160 1904 suum
1182 1844 1322 1902 natura

261 1941 439 2008 solvente
461 1943 603 2008 dilabi?
658 1944 687 2008 N
696 1962 739 2008 ou
761 1942 853 2026 qnia
874 1943 1025 2025 aliquid
1046 1945 1137 2010 mali
1158 1944 1260 2010 ictus
1286 1946 1324 2008 et

262 2047 383 2112 evita
417 2049 645 2132 repentinus
680 2067 878 2126 excessus,
911 2049 978 2113 sed
1006 2049 1094 2131 quia
1116 2051 1219 2116 lenis
1245 2051 1325 2115 heac

263 2155 326 2218 cst
346 2153 417 2231 via,
439 2155 617 2220 subduci.
651 2155 686 2220 ln
708 2155 813 2220 ictus
835 2158 873 2219 et
895 2154 973 2220 latet
994 2157 1153 2238 praeseutis
1174 2156 1325 2238 tempmis

262 2257 408 2333 verbnm3
442 2261 523 2343 apud
553 2260 727 2326 Ciceronem
758 2260 791 2324 id
819 2261 1002 2342 coniunctivi
1037 2262 1119 2326 modi
1153 2261 1325 2326 necessario

264 2365 361 2440 esset3
397 2366 476 2448 apud
501 2365 648 2432 Senecam
682 2385 717 2432 ea
748 2366 798 2431 lor
828 2365 994 2449 negligitur
1016 2370 1063 2444 (ut
1084 2367 1122 2432 de
1148 2370 1213 2432 vita
1234 2368 1328 2432 beata

264 2469 315 2546 26,
337 2469 374 2533 5:
397 2473 688 2554 nonqniaodit‚
711 2472 837 2538 sedin
859 2455 1092 2549 remedium).
1126 2473 1171 2538 lix
1192 2474 1326 2538 otuset

264 2583 348 2654 (nam
372 2578 385 2638 i
405 2595 440 2642 cr
464 2576 563 2660 priore
597 2578 688 2642 verbo
721 2576 863 2654 adhaesit)
895 2577 962 2642 fieri
993 2577 1114 2643 videtur
1140 2580 1323 2643 continet.

263 2682 431 2766 Aliquanto
473 2684 554 2748 infra
592 2682 614 2769 S
652 2683 672 2746 8
707 2683 773 2748 haeo
813 2684 975 2765 leguntur:
1019 2684 1206 2748 Desinere
1251 2685 1325 2748 iem

263 2789 432 2854 volebam
458 2790 495 2853 et
520 2808 652 2854 manus
680 2789 888 2872 spectabat
914 2789 962 2854 ad
991 2790 1225 2866 clausulam3
1259 2789 1327 2854 sed

265 2893 512 2960 conficienda
533 2896 621 2960 sunt
639 2913 747 2960 sacra
768 2896 807 2958 et
828 2893 919 2959 hnic
941 2896 1117 2979 sulstolae
1139 2897 1324 2961 viaticum

171 3077 173 3081 v
265 2999 426 3065 dandum
448 3001 516 3065 est.
568 2997 655 3064 Nihil
677 2999 728 3064 hie
750 3000 844 3064 sacris
866 2999 927 3066 loci
949 3003 1012 3078 est;
1043 3020 1114 3066 nam
1136 3019 1234 3084 neque
1256 3005 1324 3066 tan·

263 3106 331 3170 tum
359 3105 504 3184 honorem
541 3104 679 3186 epistolis
712 3106 776 3171 suis
804 3107 919 3171 Seneca
943 3107 1047 3180 habet,
1081 3107 1117 3172 ut
1138 3125 1207 3172 oum
1231 3107 1329 3173 sacris

265 3211 437 3292 comparet,
474 3211 507 3274 et
527 3215 585 3276 hoc
605 3211 673 3276 loco
694 3212 885 3296 significator
918 3212 966 3286 id,
1000 3213 1081 3295 quod
1118 3215 1203 3277 extra
1223 3213 1325 3295 ipsum

265 3316 400 3398 epistole
429 3317 646 3398 argumentum
681 3315 827 3381 accedere
859 3317 959 3384 debet.
1020 3317 1222 3383 Scribendnm
1256 3321 1326 3384 est:

265 3420 507 3486 conficienda
527 3405 616 3487 sunt
637 3443 726 3500 cra,
748 3423 829 3506 quod
852 3424 959 3490 eodem
982 3424 1132 3490 modode
1154 3423 1330 3489 rationibus

265 3525 461 3592 conficiendis
493 3527 610 3593 Seneca
638 3528 724 3604 dixit,
761 3547 819 3611 quo
852 3527 958 3594 Cicero
989 3529 1022 3593 in
1059 3529 1216 3601 Hortensii
1247 3528 1329 3604 loeo,

266 3633 318 3716 qui
348 3636 396 3698 est
423 3633 504 3716 apud
532 3633 666 3698 Nonium
695 3653 725 3717 p.
761 3633 831 3698 193.
888 3635 947 3715 (De
976 3639 996 3718 S
1026 3635 1046 3698 8
1076 3638 1108 3700 et
1139 3634 1158 3696 9
1186 3633 1249 3698 dixi
1269 3633 1330 3697 vol.

265 3739 332 3822 lp.
361 3739 480 3814 117.)¹)

265 3891 462 3906 -———-

284 3990 306 4058 ¹)
333 3991 384 4062 llp.
402 3993 451 4058 27,
481 3987 667 4048 5tollendum
693 4005 750 4046 esse
772 3993 915 4046 noverat
936 3989 1081 4044 iudicaram
1107 3987 1238 4044 Gronovii
1268 4004 1330 4042 sen-

334 4085 427 4139 tentia
455 4085 575 4154 ignarus.
622 4085 749 4140 Perverse
776 4081 916 4138 liclertus
947 4085 1040 4138 contm
1069 4080 1151 4145 dicIt,
1192 4079 1331 4134 initerdum
