2970 4648
287 255 349 321 398
646 253 910 326 uruvmurpu.

246 453 349 537 quod
378 472 450 520 nee
483 451 694 520 desiderat
727 454 855 537 sapit,
891 471 928 518 er
955 470 1014 536 qne
1040 449 1215 518 faciundum
1244 451 1306 518 est:

246 559 347 646 quod
368 578 439 626 noe
460 557 671 625 desiderat
692 568 726 622 ee
746 560 867 644 oapit.

346 666 415 732 lbd.
447 664 485 742 8,
531 665 566 728 2:
609 666 754 731 Annua
785 663 998 749 congiaria
1029 662 1215 729 hominos
1243 679 1307 726 ea·

246 772 410 840 tissimi
443 770 656 853 aooipiunt
681 770 721 834 et
747 769 810 835 his
836 773 906 836 aut
934 787 1097 852 operam
1119 768 1187 832 aut
1208 766 1306 832 diii·

246 877 432 962 gentiam
464 896 575 944 suam
598 877 754 953 loeant;
790 894 903 941 nemo
934 875 1117 942 aestimat
1142 875 1307 956 tempus.

251 983 348 1050 Reote
369 983 491 1065 Lipsius
513 981 718 1048 carissime
740 980 874 1064 scripsit,
907 999 978 1046 eum
1007 978 1101 1064 pretii
1121 981 1154 1044 et
1173 979 1308 1047 aestima·

246 1089 340 1156 tionis
381 1089 637 1173 significationem
673 1087 774 1152 inesse
811 1086 1010 1171 intelligeret
1065 1084 1128 1151 Sed
1161 1087 1308 1170 praeterea

246 1194 442 1261 scribendum
476 1194 599 1260 videtur
630 1192 768 1258 Annua
810 1215 855 1256 ae
893 1192 1122 1278 congiaria,
1165 1190 1308 1274 queniam

246 1320 348 1368 annua
393 1300 519 1380 (salaria
549 1298 778 1382 mercedesque)
807 1319 826 1364 a
862 1299 1024 1384 congiariis
1055 1299 1142 1364 extra
1172 1295 1308 1362 ordinem

245 1408 326 1474 datis
348 1407 504 1473 differunt.
556 1406 616 1472 Pro
638 1404 831 1470 substantivo
852 1427 957 1467 annae
978 1404 1096 1470 Seneca
1118 1403 1184 1487 ipse
1205 1401 1308 1486 posuit

245 1512 284 1576 de
305 1512 402 1578 benet
424 1512 450 1591 Ι,
474 1512 506 1590 9,
525 1511 556 1574 4.
599 1511 796 1594 Paulopost,
827 1510 1019 1576 ubieditur:
1062 1510 1114 1574 At
1148 1509 1308 1577 eosdem

244 1635 371 1702 aegros
403 1618 512 1697 vide,
544 1616 579 1682 si
610 1617 754 1682 mortis
785 1617 1017 1699 perieulum
1048 1615 1218 1700 propius
1248 1615 1309 1680 est

244 1723 463 1802 admotum,
484 1722 729 1788 medicorum
750 1742 880 1808 genua
901 1725 1140 1808 tangentes,
1162 1721 1308 1788 Senecam

244 1829 411 1912 scripsisse·
425 1830 548 1912 opinor:
571 1828 726 1907 videas,
748 1828 782 1894 si
804 1830 865 1896 oet.
921 1830 1011 1895 Alius
1033 1830 1082 1896 est
1103 1828 1186 1892 enim
1207 1829 1305 1910 impe·

247 1935 340 2000 ratini
360 1935 393 1999 in
415 1934 472 2000 tali
493 1935 753 2001 demonstratione
784 1955 858 2002 usus
886 1941 1027 2020 [aegros
1049 1933 1157 2011 vide;
1190 1953 1307 2018 rope·

247 2043 333 2106 ries
356 2043 446 2124 eo's).
491 2041 607 2108 Deinde
628 2040 649 2126 ξ
669 2041 701 2116 4,
722 2042 775 2108 ubi
796 2045 860 2108 est:
891 2041 964 2108 sed
995 2042 1068 2108 hoe
1097 2041 1229 2126 ipsum
1261 2061 1309 2107 an

244 2146 481 2222 detrahant,
513 2148 720 2227 nesciunt,
756 2148 954 2214 scribendum
975 2148 1098 2216 vidntur
1119 2149 1232 2215 litteris
1254 2167 1309 2232 ge·

243 2252 388 2320 minatis:
420 2254 489 2319 sed
521 2254 592 2318 hoo
623 2255 752 2337 ipsum
773 2255 869 2318 uodo
904 2255 1141 2333 detrahant;
1172 2255 1307 2339 alioquin

245 2360 329 2425 enim
350 2359 421 2442 poni
437 2359 581 2426 debebat:
604 2379 645 2426 se
666 2359 884 2426 detrahere
906 2360 1106 2426 nesciunt.
1133 2361 1213 2426 Tum
1235 2378 1307 2426 vero

244 2466 341 2532 exitus
373 2464 464 2530 huius
497 2465 607 2548 eapitis
645 2466 677 2531 et
713 2465 844 2548 proximi
879 2465 1004 2533 initium
1043 2468 1125 2551 apud
1156 2467 1308 2532 Haasium

244 2570 456 2637 tristissimam
468 2571 547 2637 hane
561 2570 818 2656 praeiertfaoiem:
840 2572 1037 2639 Potestne
1052 2573 1308 2658 quiequam-i

243 2675 331 2716 *³⁵*
364 2676 434 2756 (IX)
472 2679 621 2746 Sensus
659 2677 876 2754 hominum,
921 2698 1055 2744 eorum
1091 2678 1196 2756 dieo,
1241 2677 1308 2762 qui

242 2782 503 2866 prudentiam
533 2784 710 2860 iactant,
743 2785 954 2867 operosius
984 2783 1175 2868 oeeupati
1195 2787 1306 2850 snut:

108 2937 112 2945 .
241 2891 285 2952 ut
310 2887 459 2954 melius
480 2890 642 2972 possint
663 2889 817 2969 vivere,
840 2889 1044 2972 impendio
1066 2890 1159 2957 vitae
1181 2892 1307 2957 vitam

240 2995 471 3080 instruunt,
505 2999 578 3075 oet,
609 2995 641 3059 in
663 3015 724 3078 qua
745 2995 897 3079 scriptura
925 3015 983 3081 quo
1004 2996 1177 3080 pertineant
1197 3015 1307 3063 sensus

242 3101 400 3166 hominum
419 3101 560 3182 ooeupati
592 3102 624 3166 et
644 3119 703 3184 quo
732 3101 883 3168 referatur
903 3103 1127 3184 comparativus
1150 3112 1308 3184 (opero-

241 3205 342 3286 sius)
380 3207 413 3271 et
447 3206 520 3289 quid
552 3206 611 3272 sibi
644 3207 721 3272 velit
752 3227 885 3274 eorum
919 3207 1010 3273 dieo
1041 3208 1161 3293 aliaque
1192 3208 1308 3273 frustra

241 3329 381 3394 quaeras„
417 3311 484 3376 Nee
512 3314 615 3388 ceteri,
646 3313 699 3396 qui
728 3314 845 3379 laounss
872 3314 961 3398 signa
986 3334 1046 3382 non
1068 3313 1245 3399 posuerunt,
1275 3314 1308 3378 te

243 3416 424 3500 expediant;
461 3417 601 3499 expediet
636 3419 810 3484 emendatio
848 3419 947 3485 faoilis
983 3421 1016 3485 et
1051 3422 1134 3488 certa
1166 3419 1307 3486 eodioum

241 3523 373 3606 vestigia
394 3541 597 3606 persequens:
640 3525 836 3592 Potestne
858 3527 1070 3611 quiequam
1102 3546 1184 3590 osse
1213 3531 1308 3604 (esso

241 3625 363 3710 ipsoi)
396 3627 596 3694 hominum
629 3649 763 3698 eorum
797 3631 876 3696 ooe'o
909 3633 1004 3712 (otio),
1034 3633 1101 3717 qui
1127 3632 1308 3717 pruden-

241 3733 340 3800 tiam
371 3733 548 3812 ieotant‚
584 3737 821 3819 operosius?
879 3738 1079 3822 Osoupati
1112 3740 1225 3817 sunt,
1263 3738 1308 3803 ut

242 3838 394 3924 melius,
420 3841 583 3922 possint
612 3843 769 3922 rivere;
804 3843 1012 3929 impendio
1048 3845 1141 3911 vitae
1178 3843 1308 3910 vitam

239 3943 460 4012 instruunt.
513 3947 630 4013 Putant
662 3967 694 4014 se
720 3948 752 4013 in
779 3949 839 4015 otio
868 3969 952 4029 esse;
984 3951 1061 4016 nihil
1085 3953 1133 4017 est
1162 3952 1220 4017 hoo
1242 3951 1307 4016 otio

239 4067 405 4132 operosius.
