2956 4648
299 299 362 362 494
659 298 719 356 Lib.
729 299 807 356 v111.
818 297 936 370 osplv.

259 513 393 569 amem,
523 496 715 578 quomodo
751 499 916 578 patrem,
949 496 1144 580 quomodo
1177 495 1221 560 ad
1244 497 1324 562 bueo

258 601 531 666 tam'bonesta
559 602 625 666 vel
656 603 878 685 naufragus
904 602 1100 686 navigem.
1145 601 1324 684 Naufragus

257 726 317 771 nou
340 708 480 790 navigat,
517 726 574 772 neo
597 707 721 781 Ulixes,
756 725 854 790 aquo
877 706 1014 790 proxime
1035 706 1194 771 nominato
1218 707 1322 789 imago

258 811 389 888 ducitur,
411 813 450 876 sd
468 812 632 876 Phaeaoum
654 813 788 877 insulam
810 809 959 895 namguns
981 813 1129 895 pervenit.
1174 812 1321 878 Scriben-

257 917 330 980 dum
363 919 427 982 siue
461 918 553 982 dubio
575 927 725 982 enatem.
769 917 830 994 (De
862 917 943 999 §25
976 917 1045 1000 (21)
1068 917 1159 982 buius
1181 917 1322 1000 epistolae

258 1020 320 1084 dixi
341 1023 401 1086 vol.
425 1022 440 1084 Ι
461 1043 489 1104 p.
515 1023 581 1099 76.)

355 1127 412 1208 Ep.
442 1128 497 1202 89,
527 1130 548 1190 4
580 1127 741 1192 emendavi
770 1129 830 1192 vol.
854 1125 871 1189 1
892 1148 923 1210 p.
946 1127 997 1196 28.
1040 1128 1207 1211 Superesse
1229 1132 1321 1210 puta-

256 1233 327 1295 bam
349 1233 381 1296 in
404 1233 514 1305 verbis,
551 1252 619 1315 quae
641 1232 749 1297 eodem
770 1233 836 1297 loeo
857 1233 1043 1315 prmoedunt,
1065 1233 1218 1314 duplicem
1239 1253 1320 1316 prae-

255 1339 339 1401 terea
359 1337 531 1404 faciendam
554 1338 810 1404 emendationem.
824 1339 850 1414 1)
892 1337 955 1402 Sed
975 1339 1108 1419 priorem
1131 1338 1319 1416 (Primum

255 1442 406 1525 itaque,
429 1445 464 1507 si
484 1444 644 1508 videtur
667 1444 755 1520 tibi,
779 1443 920 1516 dicam,
941 1444 1050 1509 inter
1070 1445 1318 1526 sapientiam

256 1551 297 1614 et
325 1548 619 1631 philosophiam
650 1547 745 1629 quid
774 1547 957 1625 intersit,
988 1549 1037 1613 ubi
1071 1549 1185 1614 editur:
1213 1550 1320 1616 siout

255 1652 432 1727 videtur,
466 1655 546 1718 tibi
568 1653 711 1726 dicam,
741 1653 768 1715 B
802 1653 895 1718 habet
916 1655 948 1718 si
977 1658 1035 1731 ut,
1068 1656 1167 1721 altera
1200 1656 1320 1739 syllaba

255 1760 322 1822 orta
355 1777 391 1821 ex
420 1759 594 1840 uidetur)
622 1776 702 1821 nuno
736 1758 825 1823 video
856 1759 1007 1824 Haasium
1040 1761 1124 1844 praef.
1147 1781 1176 1844 p.
1199 1759 1319 1825 XXVII

255 1863 442 1946 praeeepisse.
497 1865 626 1939 Restat,
656 1869 692 1928 ut
720 1883 773 1946 pro
802 1883 854 1937 eo,
881 1864 963 1946 quod
991 1866 1136 1930 scribitur
1164 1866 1197 1930 et
1225 1883 1319 1948 prava

255 1971 409 2034 sententia
451 1973 483 2034 et
525 1970 652 2035 soloeee:
715 1969 804 2033 Haeo
854 1969 1072 2052 (philosophia)
1118 1969 1318 2046 ostendit,

256 2093 327 2157 quo
368 2076 445 2138 illa
488 2075 664 2156 (sapientia)
707 2075 902 2156 pervenit,
946 2068 1115 2143 scribatur
1140 2075 1317 2140 discrimine

254 2168 337 2244 reete
374 2180 559 2264 significato:
603 2180 694 2244 Hae
737 2200 777 2242 eo
824 2179 961 2252 tendit,
1005 2199 1075 2262 quo
1119 2180 1195 2245 illa
1232 2199 1318 2264 per.
1357 2206 1362 2212 ,
1460 2149 1461 2184 a

254 2287 407 2360 venit.²)

352 2392 408 2473 Ep.
437 2391 496 2467 90,
529 2391 544 2450 1
568 2389 666 2455 oratio
686 2391 732 2454 sio
752 2391 997 2475 interpungeuda
1025 2394 1089 2456 est:
1133 2391 1226 2471 Quis
1248 2393 1318 2456 du-

253 2497 396 2574 bitere,
432 2543 497 2570 ...‚
531 2497 684 2577 potest,
711 2497 810 2578 'quin
842 2497 999 2562 deorum
1031 2499 1318 2563 immortalium

252 2621 390 2666 munus
426 2602 493 2678 sit,
537 2599 632 2682 quod
664 2602 848 2678 vivimus,
891 2602 1169 2685 pbilosopbiae,
1205 2603 1317 2685 ¹quod

203 2743 209 2758 =
252 2709 348 2772 bene
391 2708 588 2771 vivimus?
644 2707 787 2789 Itaque
828 2709 938 2771 tanto
980 2708 1069 2789 plus
1114 2708 1205 2772 buio
1249 2726 1316 2774 nos

171 2849 176 2859 ·
253 2812 398 2877 debore
420 2829 529 2894 quam
551 2811 627 2890 dis,
665 2815 809 2894 quanto
841 2813 965 2877 maius
990 2813 1232 2880 beneficium
1255 2815 1318 2878 est

252 2919 347 2982 bona
379 2918 461 2984 vita
487 2935 598 2998 quam
625 2919 723 2995 vita,
761 2937 826 3001 pro
852 2921 962 2982 oorto
986 2919 1213 2996 haberetur,
1235 2919 1319 2988 nisi

252 3027 310 3088 est.
367 3021 451 3085 Infra
472 3023 504 3085 in
526 3023 584 3086 hae
606 3023 735 3105 epistola
755 3023 773 3104 ᾖ
796 3022 823 3082 6Δ
840 3021 887 3099 (5)
910 3023 975 3087 haeo
996 3023 1158 3105 leguntur:
1184 3023 1317 3102 Solon,

252 3128 315 3210 qui
338 3127 511 3192 Athenas
544 3147 647 3211 aequo
680 3130 761 3193 iure
794 3128 989 3204 fundavit,
1027 3129 1132 3194 inter
1165 3134 1316 3214 septem

252 3355 448 3364 —-..-—-..——..

271 3513 468 3660 ¹)·gtramqaols
499 3517 649 3661 sxi'gnifiesvi
676 3517 777 3660 attidem,
808 3535 861 3664 pugo
887 3518 1005 3582 tertiam,
1033 3518 1099 3663 lltloeo,
1124 3533 1192 3663 (eitun.
1217 3519 1315 3665 phiilol.

347 3623 391 3662 an.
420 3623 474 3661 vo.
578 3613 684 3665 ‚240
720 3612 781 3665 160.
857 3611 938 3664 timur
962 3609 1014 3664 iam
1058 3610 1101 3663 ine
1143 3627 1191 3665 uae
1225 3628 1254 3666 eo
1276 3612 1315 3666 ioe

319 3697 512 3769 Bambergensi
527 3626 576 3769 (Βξ
591 3705 619 3756 et
636 3701 699 3756 inde
717 3703 753 3757 ab
771 3703 1140 3771 ep.90,18Argentoratensi
1160 3705 1248 3771 priore
1258 3705 1314 3771 (Δ.)

278 3823 300 3890 ²)
319 3825 383 3892 Qum
408 3831 424 3891 ἓ
445 3831 478 3883 16
507 3829 564 3898 (15)
591 3828 624 3881 da
648 3827 780 3883 divisione
798 3829 930 3882 naturalis
951 3829 1038 3900 partis
1065 3829 1244 3899 philosophie
1273 3829 1313 3883 di-

320 3920 431 3983 cuntur,
461 3920 526 3974 adeo
553 3923 617 3974 sunt
634 3919 746 3974 confuso
763 3923 793 3974 et
811 3937 943 3991 perversa,
967 3925 999 3974 ut
1016 3922 1054 3974 sio
1077 3939 1093 3976 a
1112 3921 1212 3976 Seneca
1231 3921 1313 3975 scribi

318 4011 449 4079 potuisse,
476 4013 598 4081 quamvis
635 4012 785 4066 subtilioris
803 4013 968 4067 decretorum
986 4013 1076 4067 forme
1097 4013 1240 4079 incurioso,
1259 4029 1313 4067 non

318 4106 420 4171 putem,
441 4103 487 4158 sed
505 4103 625 4173 quedam
643 4105 778 4161 excidisse.
