2970 4648
537 286 568 342 L.
588 285 688 342 Seneoe
706 287 815 356 quasti.
834 288 924 341 natur.
1157 285 1219 348 455

197 485 492 571 percurrit..
540 485 649 563 ,sio
692 487 751 551 oet.
816 482 866 550 lta
909 483 1035 550 eodioes.
1084 484 1263 552 Desiderari

199 593 326 658 verbum
349 591 469 657 linitum
491 534 583 656 mrilti
603 591 840 666 intellexerunt;
873 609 969 674 nuper
991 591 1144 675 Hauptius
1167 591 1212 668 (ΙΙ
1233 612 1261 675 p

201 698 254 777 ll)
277 697 492 781 seribivoluitj:
515 699 671 776 cantas,
693 713 763 762 vox
784 699 858 770 tua,
881 695 999 760 duabus
1015 695 1138 760 vocibus
1160 697 1263 760 muta·

202 804 258 880 tis;
289 805 322 870 et
344 801 451 868 debuit
472 804 606 868 cantas
639 803 700 868 diei
722 803 761 867 do
782 820 814 866 re
836 801 909 866 dota
928 803 961 866 in
982 802 1100 866 incerta
1121 818 1262 882 persona.

200 911 337 985 Boetius,
358 909 470 993 opinor,
493 908 569 972 erit:
594 909 728 974 cantat
750 907 844 991 quis,
868 926 940 973 vox
962 909 1020 973 oet.

299 1015 365 1081 lbd.
389 1015 446 1077 21:
469 1015 600 1098 Aqua,
633 1013 665 1080 si
687 1015 846 1079 ventum
867 1013 1074 1091 detrahas,
1105 1013 1263 1078 inertes

200 1124 310 1196 sunt;
347 1123 439 1186 tuno
460 1119 608 1184 domum
628 1119 823 1203 impetum
844 1120 1027 1196 sumunt,
1059 1138 1143 1184 oum
1165 1119 1261 1184 illas
1360 1119 1362 1122 ’

199 1228 285 1312 agit
310 1227 452 1302 flatus3
490 1227 529 1291 οι
559 1227 695 1308 potest
730 1225 933 1309 dissipare
961 1245 1100 1310 magna
1128 1226 1263 1308 spatia

198 1336 394 1399 terrarum
418 1333 476 1398 οοι.
520 1330 618 1397 Sorib.
725 1331 811 1414 agit
833 1331 979 1407 flatns3
1011 1332 1042 1393 is
1067 1333 1105 1396 οι
1126 1331 1265 1412 potest

198 1441 254 1504 oet.
299 1437 389 1516 (Edd.
412 1437 487 1502 vett.
510 1437 648 1515 flatus,
671 1437 735 1520 qui
756 1438 911 1524 potest.)

189 1557 196 1565 ’
297 1543 364 1609 lbd.
390 1543 439 1617 30,
463 1543 498 1606 2:
542 1542 661 1608 Vides
694 1544 731 1607 et
763 1543 917 1606 urbium
940 1541 1036 1607 fieri
1059 1542 1263 1625 gentium-

197 1667 269 1732 que
301 1647 537 1728 discidium,
578 1665 661 1713 oum
698 1666 790 1730 pars
822 1650 973 1713 neturae
1007 1646 1165 1712 oonoite
1198 1649 1261 1712 est

197 1753 266 1820 dds
300 1754 402 1819 etin
428 1754 566 1837 aliquo
593 1771 697 1820 mare
729 1753 862 1837 ignem
894 1754 1000 1838 spiri
1006 1754 1265 1839 tuimpogit,

124 1893 126 1899 ,
198 1879 355 1941 quorum
384 1861 486 1924 mira
518 1862 560 1924 ιιι
587 1879 629 1950 ex
657 1861 697 1925 ιο
704 1862 743 1926 ιο
772 1861 832 1925 vis
856 1863 926 1925 est.
902 1859 1086 1925 ostra.
1130 1859 1261 1925 Videtur

198 1965 296 2030 efflei:
319 1967 479 2031 ooneita
505 1986 520 2028 ο
551 1943 637 2028 sedo
658 1975 712 2028 est
738 1968 774 2030 ο
796 1966 932 2049 aliquo
955 1985 1076 2044 mare,
1110 1968 1265 2050 ignem,

197 2070 386 2153 spiritum
407 2070 583 2155 impegit.
855 2116 868 2132 f

297 2175 365 2242 Ibd.
395 2175 451 2254 31,
484 2175 503 2239 2
533 2177 652 2243 oodioes
680 2177 719 2256 (11
742 2179 798 2255 Β);
836 2177 907 2244 sed
938 2179 1024 2261 post
1056 2177 1263 2242 maximum

198 2281 305 2346 lenes
336 2284 462 2347 motus
496 2286 600 2357 sunt,
633 2284 724 2366 quie
755 2285 830 2349 iam
869 2283 1146 2362 vehementius
1181 2281 1262 2347 eri-

196 2388 275 2451 tum
312 2387 449 2452 ventis
492 2387 743 2455 luctantibus
785 2390 890 2455 fecit.
944 2389 1040 2455 Deest
1071 2388 1262 2463 subieotnm3

196 2491 278 2574 quod
323 2491 511 2559 adieetirum
557 2495 721 2560 masculini
762 2497 884 2580 generis
928 2495 1050 2560 efficere
1101 2495 1260 2569 donantur,

196 2601 232 2663 ut
276 2599 399 2662 motus
436 2597 587 2679 audiatur,
630 2599 724 2665 debet
759 2619 826 2666 esso
865 2604 919 2666 ant
952 2600 1024 2665 ille
1060 2599 1114 2663 aut
1150 2598 1263 2663 saltem

196 2704 254 2769 hoo
289 2703 371 2768 addi.
421 2703 517 2768 Sorib.
554 2705 641 2787 quia
673 2705 751 2774 ,iarn
782 2705 979 2768 uehemens
1013 2707 1075 2766 ode
1110 2706 1260 2769 exitum

197 2829 224 2874 v.
265 2808 286 2875 l.
323 2809 345 2873 f.
400 2809 461 2876 dfr.
506 2809 590 2876 idem
632 2813 813 2878 voeabulnm
855 2810 1036 2877 restitutum
1079 2809 1118 2874 ad
1163 2809 1259 2876 Mare.

198 2917 246 2992 11,
271 2917 286 2976 1
312 2916 343 2980 οι
365 2915 456 2998 epist.
480 2914 530 2993 91,
554 2916 604 2979 11.
769 2928 788 2976 e
1091 2901 1104 2934 '

241 3049 245 3056 ·
296 3021 362 3087 Lib.
395 3022 469 3099 Vll,
505 3022 541 3100 6,
574 3022 610 3086 2:
654 3021 801 3088 Potest
842 3023 944 3087 euim
978 3021 1156 3104 spiritus
1189 3041 1260 3105 per

197 3129 361 3213 angusta
381 3128 507 3193 elisus
528 3127 742 3194 ascendere
757 3147 877 3212 supra
898 3147 937 3194 se
959 3129 1136 3210 positum
1161 3147 1260 3207 aera,

195 3234 351 3317 plenum
395 3233 599 3298 alimentis
643 3234 795 3299 idoneis
839 3236 936 3319 igni,
981 3234 1124 3301 deinde
1168 3255 1261 3318 pro-

196 3339 353 3424 pellere
383 3358 425 3404 οι
457 3338 596 3417 nitido,
632 3358 754 3405 neex
793 3341 926 3425 aliqua
962 3361 1079 3408 eausa
1109 3343 1261 3409 refluat

196 3465 328 3510 rursus
362 3464 406 3510 aa
436 3445 679 3523 remittatur,
716 3445 856 3512 deinde
891 3449 1034 3513 iterum
1170 3467 1262 3513 oon·

197 3571 355 3636 surgere
389 3551 445 3616 oet.
510 3551 710 3616 Alienissimo
741 3571 759 3616 a
785 3571 818 3616 re
839 3553 894 3617 illa
926 3571 967 3618 ex
988 3553 1115 3620 nitido
1140 3556 1172 3619 et
1194 3555 1260 3619 sine

197 3675 308 3732 sensu;
339 3657 605 3739 perversissimum
643 3677 701 3732 ne,
736 3677 804 3722 oum
837 3660 939 3740 ipsum
973 3659 1029 3724 hoo
1059 3660 1259 3743 significetur,

197 3761 349 3845 duplicem
372 3781 440 3828 esse
462 3765 581 3827 motum
613 3767 644 3828 et
676 3765 810 3830 alternas
843 3765 935 3830 vines.
987 3767 1148 3831 Postremo
1173 3765 1262 3831 deest

197 3869 348 3934 obiectum
385 3869 476 3934 verbo
509 3869 746 3952 propellere.
790 3869 874 3935 Male
901 3871 1013 3936 litterae
1042 3872 1147 3936 divisae
1179 3875 1260 3948 sunt,

195 3977 262 4041 tum
285 3976 351 4041 duee
373 3977 517 4054 mutatam
551 3975 666 4041 Sanoua
688 3975 767 4040 enim
789 3978 954 4057 posuerat:
992 3975 1132 4042 deinde
1169 3997 1260 4060 pro-
