2978 4644
557 272 642 330 Verre
659 272 692 328 de
709 273 729 328 L
747 272 809 328 Lei.
1121 271 1181 336 175

257 472 326 538 Lib.
360 465 406 536 IX
442 489 473 552 p.
515 469 603 534 126:-
634 470 672 534 In
706 469 860 552 scriplum
892 469 1006 536 nodieis
1042 472 1225 549 Florenb‘ni

160 595 254 662 quem
276 576 459 662 Spengeliue
493 578 524 640 el
554 575 723 640 Muellerus
750 577 935 658 sequuntur:
972 576 1125 643 similes
1162 597 1225 644 res

160 681 426 750 dissimilibus
448 681 584 748 verbis
605 685 643 748 el
664 681 931 748 dissimilibus
965 684 1118 749 similes
1140 702 1225 749 esse

160 787 366 854 venabulis
416 789 592 862 uubslus,
638 789 843 874 nugseissime
886 788 933 854 bis
975 789 1058 855 idem
1101 789 1227 855 dieitur.

161 891 362 988 Suibendum
397 894 464 970 esi,
500 896 536 958 ul
557 893 597 958 nb
623 895 752 978 ubsque
780 896 869 979 peris
896 895 1052 960 sententis.
1077 896 1226 980 nuelugiss

162 996 318 1074 memsuis
339 999 540 1082 exprimatur:
574 1000 724 1066 similes
755 1019 816 1066 res
838 1001 1110 1066 dissimilibus
1132 1021 1227 1066 ver·

160 1103 224 1168 bis
245 1103 286 1167 eb
306 1102 516 1166 similibus
548 1105 766 1168 dissimiles
798 1125 887 1172 esse
917 1106 1131 1173 vocubulis
1159 1125 1228 1171 no·

161 1211 277 1274 iulus.
322 1209 367 1274 llx
387 1209 444 1275 hee
458 1210 609 1293 suisium
623 1214 727 1278 nulum
742 1230 810 1278 esse
825 1212 940 1294 polest,
954 1211 1035 1294 quod
1046 1212 1111 1276 ced.
1124 1212 1229 1276 Hsuu.

163 1315 286 1381 emissis
321 1315 449 1382 mediis·
476 1316 620 1398 (verbis
667 1319 708 1384 el
740 1316 942 1383 similibus
986 1317 1070 1396 die.)
1113 1317 1229 1382 hebel:

163 1422 323 1488 similes
358 1440 419 1487 res
451 1421 714 1488 dissimilibus
737 1423 893 1488 similes
922 1440 1007 1489 esse
1027 1421 1228 1488 vocabulis

162 1529 330 1592 nubebus.
432 1575 435 1578 -

117 1701 119 1705 ,
265 1632 334 1697 lbd.
367 1653 398 1717 p.
422 1633 669 1702 musicamne
696 1633 941 1719 interpungeuds
970 1636 1033 1700 esi:
1069 1633 1230 1697 Assum

163 1757 230 1805 sex
251 1738 358 1804 horis
380 1740 498 1806 aesbus
519 1741 741 1816 eraverunt,
773 1739 936 1820 bolidem
964 1739 1230 1814 decreverunt,

164 1863 298 1910 runsus
335 1846 441 1910 idem
475 1845 538 1926 (fil,
570 1849 606 1911 ut
625 1849 767 1912 eresesnb
788 1847 820 1911 eb
838 1845 1042 1926 demessum).
1085 1845 1230 1928 Alioquin

165 1952 263 2016 essei:
285 1971 420 2018 rursus
442 1951 608 2017 tolidem
630 1952 866 2020 deereseuni.
978 2013 983 2022 .

268 2056 335 2122 Ibd.
356 2077 388 2142 p.
416 2057 476 2122 133
499 2058 680 2142 Spengslius
713 2061 747 2124 eb
776 2059 945 2124 Muellerus
972 2056 1094 2124 sublate
1118 2055 1232 2122 indieio

166 2160 241 2240 veri,
265 2163 345 2245 quod
367 2167 415 2230 esi
435 2164 467 2230 iu
489 2155 625 2248 quipse
648 2165 737 2250 quis
758 2165 790 2229 in
815 2162 900 2230 eodd
924 2165 1049 2247 euripid,
1084 2161 1232 2237 efficiunt,

167 2270 203 2332 ul
237 2271 312 2352 quin
347 2271 616 2334 sisimadvmumim
644 2271 773 2336 barbare
804 2271 977 2353 eseipiulur
1005 2287 1060 2351 pro
1090 2265 1234 2328 animade

168 2375 286 2438 smmi
305 2376 441 2442 sidem
462 2377 708 2440 animadvertam
728 2377 795 2458 (Gr.
818 2377 885 2443 um.
910 2373 1021 2462 §378‚
1045 2374 1064 2436 2
1085 2373 1172 2454 nob),
1193 2391 1234 2438 ne

168 2482 300 2564 quidde
322 2483 462 2550 eubieete
484 2484 598 2566 omisso
626 2484 727 2550 diuum
752 2486 806 2549 eui
828 2480 1061 2560 de.inensdibili
1081 2479 1141 2544 hae
1162 2497 1234 2544 eun-
1348 2468 1350 2474 ’

169 2589 339 2656 sliuebione
360 2590 599 2653 animadvertere
619 2591 652 2652 in
673 2587 909 2652 similitudinum
930 2605 1090 2648 memmium
1110 2603 1165 2668 pro
1189 2603 1234 2664 eo,

171 2695 252 2776 quod
286 2697 334 2762 esb
368 2697 607 2760 animadnm‘lere
627 2718 650 2763 e.
673 2715 841 2760 numerum.
878 2691 1081 2759 Smibeudum
1105 2693 1153 2756 esi
1172 2691 1234 2755 ibet

171 2799 358 2884 Equidem
383 2820 452 2868 nun
475 2801 627 2878 dubiis,
651 2802 755 2887 quim,
784 2801 849 2886 qui
871 2797 1235 2873 animadverterint,

171 2906 372 2970 inueniant
393 2909 494 2990 (codd
515 2909 604 2971 ilem
635 2909 673 2970 in
695 2911 785 2988 eam)
818 2904 1150 2971 innumerabilem
1183 2903 1237 2968 si-

172 3010 440 3080 milibudinum
461 3015 674 3081 numerum.

273 3120 338 3186 lbd.
371 3141 401 3204 p.
441 3121 499 3184 137
534 3121 730 3188 seribendum
765 3121 814 3186 esl
838 3118 1028 3185 neeesssniu:
1061 3135 1138 3179 esse
1170 3121 1236 3198 (pro

172 3227 295 3306 esset)
318 3211 418 3291 euim
451 3227 719 3292 deridiculum.
773 3223 1045 3290 sensissemus
1066 3221 1238 3306 significare
1318 3248 1321 3253 ·

174 3331 242 3397 eod.
265 3333 380 3408 Eunu,
401 3333 434 3397 in
456 3353 516 3416 quo
540 3335 588 3398 esi
613 3330 696 3394 essin.
733 3330 848 3394 liudem
872 3331 984 3414 pagins
1004 3331 1096 3411 paulo
1116 3329 1186 3410 pest
1207 3328 1239 3392 eb

69 3490 71 3494 .
174 3439 326 3505 sententis
362 3440 394 3504 el
426 3439 592 3506 manifeste
619 3436 767 3503 bodinum·
780 3437 911 3520 vestigia
933 3437 1028 3519 (ilor.
1050 3453 1127 3520 quae
1149 3433 1240 3499 sunt

174 3539 1238 3623 quoiusdiesinllusbenduniscribendumesse:uivideantur,
1324 3611 1330 3618 ,

175 3747 374 3758 --—.--—.

247 3897 276 3950 eb
305 3895 423 3965 ferendo,
454 3912 513 3965 quae
531 3896 634 3951 similis
652 3896 749 3960 esseni,
776 3892 940 3948 uouendum
967 3889 1045 3944 modo
1072 3889 1241 3946 substantive

248 3987 329 4056 fingi3
348 4005 411 4042 nem
429 4005 573 4046 messorem
592 3987 654 4054 diei,
673 3985 798 4041 ferborem
819 4001 872 4040 nun
890 3985 1019 4051 dieilnon
1038 3983 1241 4045 fieriferlorem,

229 4082 282 4154 ,ul
298 4083 459 4149 messorem).
