2922 4702
16 17 579 193 'sxa--

308 289 371 353 442
664 289 724 348 nro.
735 289 812 346 v111.
825 288 891 360 esp.
905 289 959 344 111.

268 489 294 554 B
325 487 353 555 G
381 487 623 570 editionibusque
655 489 727 552 ante
748 486 940 564 fiokertnm)
967 488 1027 552 ¹ant
1061 485 1163 568 potius
1192 483 1226 550 in
1248 483 1336 548 nobie

269 594 461 662 mutandum.
507 590 667 670 Quidem
690 593 721 660 in
742 593 768 658 Ε
790 611 882 675 pravo
903 591 969 658 loco
990 592 1127 675 punitum
1149 592 1181 657 in
1202 591 1230 656 Β
1251 593 1337 656 cete·

268 701 371 783 risque
402 700 463 764 est:
497 715 564 762 nec
593 699 864 782 cogitantibus
897 697 1066 781 quidem3
1107 700 1229 764 rectum
1262 696 1336 763 erit:

268 827 313 868 ne
356 803 624 887 cogitantibus
661 806 822 886 quidem.
883 805 943 872 Sed
985 823 1020 870 eo
1053 805 1153 889 magis
1185 802 1336 885 qnietis

244 929 337 976 nec
364 909 573 994 agentibus
612 911 821 994 coniungenda
842 914 930 976 sunt:
964 911 1028 975 nbi
1057 908 1336 994 nobisquietis
1441 953 1442 960 ι

269 1037 335 1082 nec
357 1016 582 1101 agentibus,
604 1038 647 1080 ae
670 1017 943 1100 cogitantibus
965 1015 1336 1100 quidemquicqnam

269 1125 412 1192 fulmen
433 1121 663 1188 intervenit.
721 1122 751 1205 (ᾗ
784 1123 806 1186 4
832 1142 887 1206 pro
918 1121 1262 1200 (deliberantibus)
1287 1121 1335 1184 eb

269 1231 351 1315 quod
378 1229 450 1294 ferri
481 1226 597 1309 nequit,
620 1228 794 1309 superiores
816 1231 869 1303 at,
891 1247 947 1312 ego
970 1239 1023 1292 sec
1042 1231 1228 1312 pneumam.)

369 1334 436 1400 lbd.
458 1332 509 1406 42,
533 1332 568 1396 3:
613 1333 713 1412 Quid
745 1351 833 1418 ergo
854 1337 983 1400 secuti
1015 1336 1121 1424 sunt,
1155 1351 1236 1398 cnm
1258 1333 1335 1396 baec

270 1442 469 1508 dicerent?
511 1438 566 1502 Ad
603 1440 839 1506 coercendos
872 1441 1149 1523 imperitorum
1187 1439 1335 1504 animos

269 1544 564 1630 sapientissimi
612 1545 691 1610 viri
733 1543 1018 1612 iudicaverunt
1058 1544 1334 1610 inevitabilem

269 1656 424 1730 metum,
461 1654 502 1716 ut
529 1651 677 1734 aliquid
708 1669 824 1733 snpra
852 1669 918 1716 nos
947 1653 1182 1717 timeremus.
1227 1648 1335 1732 Inepte
1442 1675 1443 1688 2

269 1761 335 1824 haec
367 1759 568 1822 concurrunt:
612 1759 771 1832 metum,
814 1758 856 1821 ut
892 1757 1131 1823 timeremus.
1180 1754 1334 1822 Ooderll

269 1866 410 1930 matum
443 1863 555 1928 habere
589 1862 707 1928 dicitur.
762 1863 879 1932 Debuit
911 1864 1053 1930 librarius
1086 1863 1219 1930 scribere
1252 1863 1336 1926 ine·

269 1969 440 2036 vitabile
460 1967 618 2045 malam,
640 1971 681 2034 ut
702 1971 761 2034 cet.
809 1971 890 2036 Nam
913 1989 967 2053 per
988 1987 1022 2036 sc
1043 1970 1161 2036 malum
1184 1969 1251 2033 eret
1273 1968 1336 2032 bac

270 2074 460 2159 superstitio,
483 2073 539 2138 sed
559 2075 768 2141 necessarium
790 2077 918 2144 maioris
939 2076 985 2140 rei
1006 2077 1144 2156 cansa.¹)

369 2179 435 2244 bib.
459 2177 516 2253 ΙΙΙ,
543 2179 591 2257 10,
628 2180 663 2244 2:
696 2200 768 2246 non
794 2182 946 2248 deficit
967 2181 1147 2264 spiritus,
1183 2179 1250 2245 sed
1273 2198 1336 2260 per

269 2286 356 2350 dies
387 2287 593 2368 noctesque
626 2289 828 2369 aequaliter
856 2288 970 2366 fluit,
1003 2305 1071 2354 nec
1103 2287 1144 2352 ut
1173 2285 1337 2352 flumina

269 2394 375 2458 certo
412 2392 521 2456 alveo
553 2391 747 2468 feruntur,
785 2395 1113 2478 sedpervastnm
1142 2391 1334 2474 caelispa·
1444 2425 1445 2432 ι

269 2500 363 2564 tium
406 2498 488 2562 lato
529 2498 678 2579 impetu
720 2498 841 2564 vadit.
885 2501 949 2564 Aut
980 2500 1106 2564 fertur
1140 2498 1335 2564 scribendum
1444 2507 1445 2532 l

270 2625 341 2670 cum
374 2604 578 2687 superioribus
613 2603 796 2688 editionibus
821 2611 916 2684 (nec,
949 2608 988 2673 ut
1016 2605 1067 2683 fl,
1100 2624 1127 2670 c.
1149 2623 1177 2670 a.
1199 2605 1335 2681 fertur)

288 2891 309 2960 ¹)
338 2889 374 3037 {lt
391 2906 413 2946 c.
427 2892 481 3036 tad,
506 2893 521 2946 1
542 2890 764 3041 (impettratntr
781 2892 817 3038 fg
840 2891 1148 3052 {rzfogafgtugpm
1168 2890 1335 2994 impetre-

358 2999 426 3038 ure
457 2999 687 3052 prorogennr
726 2999 739 3036 e
817 3023 823 3047 ‚
902 2999 980 3037 rnsu
1023 2997 1334 3052 anrnmprornvr-

338 3075 501 3141 tantiam)
532 3076 671 3130 manifesti
707 3075 806 3130 codicis
837 3075 859 3128 E
888 3091 989 3130 errores
1020 3075 1144 3129 eierare
1177 3075 1205 3128 et
1235 3071 1334 3127 Haasio

337 3167 426 3222 baudi
438 3167 556 3222 fuerunt.
576 3165 641 3240 Cep.
653 3169 686 3224 51
700 3170 771 3222 recte
786 3167 927 3223 MIobaelis
944 3168 1027 3223 scribi
1045 3167 1145 3222 uoluit:
1165 3167 1333 3236 tanquam,

338 3264 447 3313 iterem
478 3258 588 3314 eodem
618 3276 701 3314 anno
732 3260 822 3315 idem
849 3260 981 3315 bomini
1009 3261 1166 3315 futurum
1194 3257 1334 3321 fulmen,

270 3379 273 3384 ¹
300 3372 302 3377 ·
338 3352 423 3423 quod
450 3352 575 3408 factum
597 3352 661 3417 sit,·
689 3351 747 3407 cod.
767 3352 1071 3410 Vossiani‘testimonio
1098 3353 1210 3422 (preter
1234 3349 1334 3417 (duell)

337 3447 366 3500 in
393 3447 518 3500 iterum
545 3461 617 3502 usus.
654 3445 683 3501 G.
710 3449 753 3512 59,
778 3447 795 3501 4
820 3446 992 3516 scripseram:
1035 3446 1115 3501 Alia
1144 3445 1203 3514 (pro
1231 3443 1332 3508 talia)

336 3539 430 3596 varia
460 3537 623 3608 [fortuna]
656 3538 846 3597 formidine
877 3537 1056 3607 disponit;
1093 3553 1180 3592 mors
1217 3551 1331 3591 omnes

338 3647 427 3702 aeqne
445 3633 554 3696 vocat,
581 3629 690 3684 oculum
708 3630 815 3688 librarii
826 3632 863 3687 ¹in
887 3630 991 3704 syllaba
1018 3629 1071 3686 for
1087 3629 1130 3684 bis
1147 3629 1238 3700 posita
1256 3629 1332 3684 aber-

336 3741 407 3779 rasse
426 3725 538 3793 pntans;
567 3723 702 3794 Hauptins
721 3723 759 3792 (II
778 3741 804 3794 p.
824 3728 868 3793 18)
887 3725 1009 3795 scripsit:
1047 3723 1129 3778 Alia
1146 3723 1242 3779 vario
1261 3720 1332 3776 fors

336 3816 458 3872 ordine
485 3815 657 3886 disponit3
688 3817 791 3872 ordinis
821 3818 897 3872 notio
924 3817 993 3871 mihi
1017 3816 1106 3871 minus
1130 3817 1195 3886 apta
1216 3815 1330 3878 videtur,

337 3909 440 3964 Deinde
466 3925 497 3964 ex
524 3909 701 3964 corruitur
723 3913 815 3964 utrum
839 3909 1058 3978 confligitur
1080 3909 1172 3979 (Hpt.)
1197 3924 1232 3962 an
1250 3924 1330 3962 con·

334 4003 488 4056 curritur
514 4002 667 4058 faciendum
689 4003 740 4066 sit,
768 4001 880 4057 difficile
909 4005 952 4058 est
975 4001 1115 4057 decernere
1139 4017 1188 4057 nec
1213 4001 1330 4056 mnltnm

333 4094 424 4150 refert.
