3000 4638
636 225 758 284 Valerinr
779 227 849 286 ifex.
1062 267 1064 271 ,
1167 230 1229 296 333

208 428 448 511 praemiorum
470 428 638 496 virtutes
675 429 786 511 etque
822 429 1006 494 honerum
1027 429 1271 513 oontempla·

208 533 266 599 tio
289 533 494 600 iudioande
515 534 591 608 ese,
612 532 698 616 ipsu
720 534 863 600 nutura
889 533 999 600 nubis
1019 534 1269 602 alaeritetem

205 639 565 718 amministrante,
596 657 679 704 enm
702 638 884 706 honorem
914 639 1111 706 industrie
1138 640 1271 723 appeti

206 745 247 812 et
268 745 412 812 exsolui
433 745 544 828 grate
565 743 749 810 videmus.
784 744 837 812 iiio
855 745 894 819 B,
917 762 934 808 e
956 763 1015 828 qno
1036 745 1128 812 fenile
1151 748 1183 812 et
1200 745 1270 812 sine

207 852 274 916 ulia
295 849 486 915 dubitatione
507 849 657 915 edicitur:
680 850 771 932 quia
792 867 898 933 aeque
918 850 1166 933 praemiornm
1186 851 1270 914 air·

207 955 303 1020 eatis
336 957 452 1038 atque
488 973 640 1037 operam
677 955 956 1037 contemplatio
989 956 1158 1020 ineunda
1200 958 1270 1022 est.

208 1061 341 1126 vntris
363 1059 491 1144 prumia
512 1060 606 1143 etque
627 1076 718 1144 opere
739 1063 970 1143 oomponuntur.
1014 1061 1186 1128 Iucunda
1207 1061 1271 1128 iam

205 1167 385 1245 intensius,
418 1165 474 1249 qni
493 1166 731 1248 praemiorum
752 1165 913 1233 virtutis
934 1168 1051 1249 atquo
1083 1166 1271 1232 honorum

205 1273 340 1356 soripsit,
358 1272 394 1338 in
414 1272 474 1338 hoo
494 1289 555 1340 uno
576 1271 732 1340 monens.

279 1431 281 1436 .
308 1376 375 1443 lud.
399 1376 465 1455 (15)
489 1377 524 1442 2:
551 1379 628 1444 tam
649 1379 807 1454 herouie
829 1396 939 1461 quam
961 1375 1070 1442 enrie
1093 1374 1272 1456 superio-

207 1481 262 1548 ris
303 1480 462 1548 Ontonis
510 1483 669 1566 effigies
711 1483 826 1548 iilius
875 1482 921 1548 ad
964 1481 1075 1546 ouius
1115 1479 1272 1564 generis

206 1586 345 1653 officia
374 1588 618 1669 expromitur.
670 1587 813 1654 ¹Videtur
842 1587 954 1654 fnisse:
990 1587 1070 1653 tam
1097 1585 1269 1658 hero-ule,

207 1711 318 1776 quum
353 1714 369 1755 o
402 1693 511 1758 curia
543 1692 755 1776 superioris
786 1693 945 1760 Catonis
976 1691 1134 1776 effigies
1161 1691 1273 1754 nnius

206 1799 259 1868 ari
279 1798 391 1860 tuine
410 1797 468 1874 (sio
483 1798 591 1880 multi)
613 1799 768 1883 generis
791 1799 930 1866 offieie
952 1796 1200 1880 expromitur.

307 1902 376 1970 lbd.
407 1902 444 1967 8:
492 1903 571 1968 Iesu
598 1905 736 1986 quaein
758 1907 819 1972 Gn.
842 1903 1066 1986 Pompeium
1083 1902 1126 1968 et
1143 1899 1275 1984 ampla

205 2011 246 2076 et
267 2027 363 2074 nova
383 2010 569 2092 congesta
590 2011 697 2089 sunt,
729 2011 818 2078 hino
849 2010 1081 2076 adsensione
1109 2006 1274 2084 favoris.

204 2115 324 2182 illine
354 2114 515 2180 fremitu
557 2115 729 2195 invidiae,
760 2117 983 2184 litterarum
1021 2113 1274 2180 monumentis

205 2221 499 2304 obstrepuntnr.
553 2222 660 2306 Longe
692 2221 785 2288 eiiter
817 2223 927 2288 loeus
948 2220 1121 2304 obstrepi
1147 2217 1274 2291 dieitur,

208 2325 313 2394 addito
341 2326 476 2392 ablativo
511 2328 661 2412 (equis),
696 2328 754 2394 hoe
786 2329 838 2396 est
869 2330 995 2412 eramen
1021 2327 1197 2410 (aquarum)
1219 2345 1274 2408 op·

204 2430 295 2516 pleri.
353 2430 492 2496 Honores
513 2434 647 2518 obstrepe·
667 2432 790 2510 utrem,
816 2451 910 2500 menne
931 2451 1020 2515 nugre
1041 2431 1124 2508 sunt,
1147 2449 1183 2496 eo
1206 2447 1274 2496 ma·

207 2536 270 2620 gis,
289 2537 371 2619 quod
391 2540 654 2605 monumentis
676 2541 850 2608 neeessruio
886 2537 1010 2604 detirm
1031 2538 1097 2612 est,
1129 2533 1274 2604 ablativis

207 2641 453 2718 (adsensione
490 2645 530 2710 et
570 2646 745 2727 fremitu)
787 2647 850 2710 iam
888 2643 1012 2727 posuis
1071 2639 1273 2708 Seribendum

210 2746 393 2829 simpliciter
424 2750 652 2836 obstrepunt.
706 2753 846 2818 Honores
879 2747 1021 2831 Pompeii
1049 2748 1137 2814 tanto
1157 2745 1273 2828 partim

210 2845 334 2932 fenoris,
360 2855 475 2935 partim
496 2856 619 2923 invidiae
645 2857 771 2922 fremitu
807 2857 950 2939 (uterque
986 2856 1068 2920 eninr
1091 2870 1146 2918 eos
1175 2851 1275 2918 onmi-

209 2958 310 3036 tatur)
331 2957 445 3026 litteris
470 2962 664 3045 obstrepunt
700 2948 741 3028 ut'
763 2963 812 3028 hae
839 2961 890 3028 rix
916 2979 968 3028 eos
996 2959 1141 3052 enoipere
1158 2959 1190 3024 et
1211 2960 1274 3023 tra-

208 3063 282 3130 dore
302 3065 430 3148 possint

309 3171 369 3248 (Do
384 3173 470 3249 viii,
494 3172 532 3236 15
546 3172 582 3238 ii.
606 3174 622 3236 l
639 3172 702 3238 diri
716 3173 775 3240 rol.
788 3175 844 3257 Ip.
863 3174 933 3253 146,
954 3173 993 3238 de
1006 3173 1063 3252 IX,
1087 3173 1115 3249 1,
1130 3173 1158 3248 ,t
1169 3192 1199 3256 p.
1210 3173 1275 3254 90.)

301 3276 378 3344 uio.
394 3277 447 3357 IX,
472 3279 501 3356 1,
522 3278 557 3342 6:
580 3279 699 3344 forum
721 3282 893 3346 nostrum
998 3278 1166 3359 (Curionis)
1189 3278 1276 3343 filii

207 3382 429 3462 sescenties
446 3385 672 3450 sestertium
687 3385 772 3451 aeris
788 3385 909 3452 eliani
921 3385 1275 3469 aspexitoontrne·

208 3486 289 3554 tum
319 3488 468 3554 fumosa
499 3488 648 3557 iniuria
676 3489 865 3556 nobilium
892 3491 1083 3557 iuuenum.
1143 3490 1217 3569 Qum
1241 3509 1276 3556 ea

210 3592 360 3660 iniuria
380 3595 548 3660 iuvenum?
569 3596 603 3660 et
622 3596 675 3678 qni
695 3595 808 3662 iniuria
829 3597 959 3664 uirens
979 3591 1024 3662 ae's
1045 3597 1181 3662 etenum
1202 3615 1276 3662 oon-

211 3698 366 3764 trahitur?
407 3699 482 3766 Sine
505 3702 596 3768 dubio
618 3701 760 3770 Valerius
779 3703 904 3786 soripeit
925 3703 1089 3769 lunaria.

311 3805 378 3872 liat
401 3806 430 3885 2,
455 3807 489 3871 l:
533 3807 645 3888 (Sulla)
682 3808 767 3874 durn
800 3809 939 3892 querit
960 3810 1162 3886 victorias,
1193 3809 1276 3876 Soi-

210 3908 369 3994 pionem
389 3931 427 3978 se
448 3914 587 4002 populo
609 3914 791 3994 Romano,
819 3915 905 3985 dum
927 3915 1093 3991 exornet,
1124 3913 1277 3980 Hunni-

210 4015 338 4082 balem
372 4020 678 4100 representavit
743 4019 859 4103 Opinor
892 4039 930 4086 se
964 4013 1162 4089 subdititium
1199 4039 1277 4087 esse.
