2956 4648
305 281 367 344 544
667 279 810 338 nsuvnn
822 279 944 350 Cap.Vl.
998 294 1012 313 ·

364 478 430 544 Lib.
467 477 529 552 111,
565 476 622 544 37:
662 479 734 544 buc
766 479 900 561 potius
933 479 1185 554 intenderet,
1227 476 1331 542 diem
1454 471 1455 484 ¹

263 583 617 662 adificationibus‚
650 588 798 650 noctem
826 585 1027 651 conviviis
1059 584 1222 650 trahere
1246 582 1330 660 (edd.

263 692 348 756 reete
380 689 582 766 traheret),
617 709 728 773 quam
763 690 875 756 solus
903 692 941 756 ot
962 690 1087 755 nullis
1109 689 1332 772 voluptati-

264 798 333 862 bus
368 796 554 860 avocatus
589 799 767 860 maestam
802 797 1063 881 vigilantiam
1218 815 1331 861 exer·

265 903 381 966 corat.
435 898 616 981 Corruptum
651 920 719 966 asse
751 901 1093 968 aedificationibus
1126 902 1331 976 consecutum

264 1007 320 1072 sed
341 1005 393 1089 qui
414 1003 566 1088 corrigere
587 1006 689 1072 eonati
710 1010 793 1082 sunt,
815 1026 921 1074 omncs
942 1007 1058 1091 aliquid
1080 1007 1330 1072 substituendum

265 1112 463 1195 putaverunt,
497 1110 578 1193 qnod
608 1109 647 1174 ad
680 1111 784 1178 lurum
813 1112 1063 1196 voluptatemque
1094 1113 1268 1196 pertineret,
1299 1113 1331 1177 in

264 1237 324 1302 quo
353 1217 492 1282 videntur
522 1233 649 1281 amasse.
708 1217 816 1302 Neque
849 1219 931 1283 enirn
968 1218 1106 1284 homines
1138 1217 1273 1284 Drusum
1296 1236 1331 1283 se

264 1325 366 1390 totum
399 1322 463 1388 dies
495 1325 661 1405 noctesque
687 1323 861 1390 huiusmodi
890 1323 1000 1390 studiis
1029 1327 1061 1389 et
1082 1322 1333 1406 occupationibus

194 1435 196 1440 '
265 1430 388 1496 tradere
422 1426 576 1505 volebant,
609 1429 664 1494 sod
687 1427 809 1494 misceri
830 1431 1073 1513 temperamento
1103 1429 1205 1511 aliquo
1224 1429 1332 1492 hilari-

266 1535 341 1602 tatis
375 1537 407 1599 et
429 1532 594 1616 voluptatis
619 1533 738 1600 labores
771 1539 804 1602 at
836 1555 924 1603 curas
945 1535 1065 1600 invenis
1087 1535 1220 1600 consulis
1242 1538 1330 1617 patra

267 1641 393 1707 absente
426 1639 533 1703 urbem
569 1641 714 1722 regentis.
779 1643 888 1725 ltaque
921 1643 992 1706 anta
1032 1641 1200 1724 permultos
1235 1659 1331 1706 annos

266 1746 380 1812 conieci
420 1743 629 1809 scribendum:
664 1745 763 1812 diem
796 1746 1136 1829 meditationibus,
1173 1748 1331 1812 noctem

267 1849 467 1918 conviviis
489 1850 678 1916 traheret.
723 1852 764 1918 ΙΙΙ
784 1852 899 1935 scripto
930 1851 1028 1918 semel
1049 1873 1080 1914 m
1108 1849 1332 1932 (diemodit)

268 1956 414 2023 facillimo
450 1973 485 2019 ax
525 1956 812 2024 alitationibus
846 1959 932 2024 nasci
967 1956 1067 2041 potuit
1106 1955 1333 2021 edificatio·

268 2062 393 2127 nibus.
1057 2069 1060 2071 ’

369 2164 437 2231 lbd.
471 2165 528 2231 50:
572 2166 664 2231 Vita
695 2169 851 2250 Lutorii
872 2170 911 2234 in
943 2157 1103 2252 integro
1125 2166 1192 2230 ost.
1235 2165 1332 2230 Recte

267 2257 307 2340 ari
330 2272 513 2340 sententiam
538 2272 659 2356 lipsius
682 2277 782 2349 esto,
814 2275 873 2340 nisi
894 2273 975 2358 quod
997 2272 1167 2338 modestius
1188 2270 1221 2335 in
1243 2289 1334 2335 sona·

268 2380 343 2446 toris
376 2397 428 2444 ore
450 2382 482 2444 ct
514 2379 757 2446 convenientius·
779 2381 816 2454 ei,
850 2380 930 2463 quod
959 2378 1144 2444 contrarium
1173 2375 1335 2442 subiicitur

269 2485 398 2568 (cadat
419 2487 573 2560 tamon).
598 2487 647 2549 ost
667 2485 732 2550 sit.
768 2485 951 2566 (Quomodo.
974 2483 1179 2568 Nipperdeius
1202 2482 1358 2554 coamat-

269 2610 364 2674 nequc
398 2590 508 2655 dicitur
539 2589 602 2651 cita
628 2590 660 2651 in
682 2591 800 2675 iateque
826 2613 895 2669 ecoe,
928 2594 960 2656 et
993 2591 1079 2658 deest
1108 2588 1152 2655 sic
1174 2585 1334 2652 sententiae
1392 2673 1395 2681 Ι

268 2697 428 2763 senatoria
450 2696 548 2762 altera
568 2715 648 2778 pars,
671 2715 732 2779 qua
753 2697 817 2762 vita
838 2697 1039 2775 concedatur.)

369 2802 434 2868 lbd.
460 2801 515 2867 66:
551 2819 634 2866 rnor
667 2801 799 2868 Seiani
831 2803 1014 2886 potentia
1036 2802 1192 2866 senator
1214 2795 1333 2874 (lunius

269 2907 361 2986 Otho)
393 2908 561 2972 obscura
597 2907 715 2972 initia
757 2907 1057 2990 impudentibus
1100 2906 1209 2971 ausis
1251 2923 1333 2986 pro-

269 3015 481 3095 polluebat.
536 3013 643 3097 Neque
679 3014 954 3098 propolluere,
988 3013 1068 3097 quod
1101 3007 1243 3099 Halmius
1271 3010 1335 3076 fru-

269 3121 335 3184 stra
356 3120 476 3183 tutatur
497 3120 824 3202 comparationemque
846 3119 932 3201 pravi
953 3120 1155 3212 provivere
1178 3116 1261 3190 evi,
1284 3117 1333 3190 25,
1454 3139 1455 3156 *

270 3323 470 3332 ..-.—---—-

342 3450 554 3528 lnsectandi
580 3467 634 3506 nou
657 3451 743 3506 solum
773 3450 970 3506 constructione
1000 3452 1099 3518 peccat,
1128 3449 1175 3504 sad
1202 3449 1335 3504 sententia

344 3531 510 3615 gravissime,
535 3559 585 3598 nee
600 3543 699 3606 minua,
728 3543 799 3613 quod
827 3541 951 3598 Halmius
976 3541 1106 3598 substitui
1124 3540 1191 3607 vult,
1222 3542 1334 3595 inssc-

343 3637 424 3691 tari.
462 3635 554 3706 Neque
582 3635 653 3690 enim
682 3637 808 3706 Angusta
836 3635 993 3690 Plancinam
1023 3634 1142 3699 monuit,
1171 3635 1203 3686 ut
1227 3633 1334 3688 amula-

343 3729 417 3784 tione
435 3727 561 3783 muliebri
582 3727 759 3797 Agrippinam
777 3730 969 3791 insectaretur,
996 3743 1054 3797 qua
1081 3741 1134 3781 nou
1152 3724 1335 3780 &monitione

344 3822 449 3887 aliena,
484 3819 530 3876 sod
565 3835 614 3875 sua
640 3823 735 3890 sponte
770 3819 902 3884 nascitur,
934 3819 983 3874 sed
1013 3819 1072 3888 ipsa
1105 3817 1274 3874 umulatioue
1305 3817 1333 3871 in

345 3913 523 3984 Agrippinam
549 3913 657 3966 incensa
683 3915 712 3966 et
736 3927 793 3967 sam
819 3913 952 3968 insectans
977 3911 1147 3976 Plancinam,
1175 3908 1241 3980 quid
1263 3908 1334 3983 icoc·

345 4009 395 4072 rot,
424 4005 540 4070 monuit,
569 4007 601 4059 ut
625 4004 751 4060 Pisonem
778 4020 794 4058 a
820 4003 929 4060 Tiberio
955 4003 1088 4058 monitum
1116 4002 1227 4073 quidam
1252 3999 1334 4058 crodi-

345 4095 453 4155 derunt
