2956 4648
256 274 261 286 ⁵
326 279 328 282 ¹
433 299 484 381 ,⁵
553 291 646 346 'Taciti
665 292 790 348 Annales.
857 331 859 336 -
1107 293 1168 356 543

147 506 199 552 ere
220 489 306 554 fluuii
329 491 458 554 classem
490 491 616 573 reliquit
637 509 734 572 neque
750 491 883 575 'longius
902 487 1055 565 subvexit,
1077 497 1108 559 et
1130 494 1210 577 quod

133 593 221 661 laevo
246 613 338 660 amne
360 596 498 678 reliquit,
535 615 604 660 oum
638 597 671 660 in
704 595 824 662 dextras
849 600 953 680 partes
986 599 1084 664 iturus
1118 604 1208 666 esset.

146 698 215 764 Non
243 720 311 766 raro
344 701 486 767 similiter
515 702 595 783 apud
631 703 772 768 Tacitum
805 706 940 768 erratum
977 709 1037 781 est,
1081 708 1117 771 nt
1150 707 1208 785 III,

68 842 72 850 -
147 805 164 865 7
209 809 364 888 (animis
398 807 673 894 petendaepro
718 809 859 874 animis
904 829 969 891 spe
1013 811 1209 892 petenda,

146 912 225 994 quod
248 913 483 978 Freinshemius
516 915 661 983 restituit.
720 915 845 979 Frustra
882 917 964 980 enim
1002 917 1209 1000 Nipperdeine

147 1039 238 1080 caasa
260 1019 358 1084 audiri
379 1019 456 1085 vult.
523 1021 630 1084 Animi
652 1040 713 1085 non
744 1021 900 1104 eriguntur
921 1022 1046 1088 ultionis
1069 1023 1208 1105 petendae

145 1129 258 1205 cauea).

245 1231 312 1295 Ibd.
347 1232 404 1296 21:
440 1251 521 1296 cum
553 1233 688 1315 ingens
720 1231 934 1296 multitudo
973 1233 1072 1298 artis
1108 1233 1208 1300 locie

145 1337 364 1421 praelongas
398 1338 536 1402 hastas
567 1355 638 1401 non
671 1335 941 1419 protenderet,
988 1357 1058 1402 non
1092 1339 1208 1403 colli-

144 1444 419 1526 genubusque
451 1443 678 1508 adsultibus
708 1443 745 1506 et
765 1444 985 1508 velocitate
1007 1461 1206 1525 corporum
1293 1467 1295 1478 ’

144 1549 336 1613 uteretur.
395 1549 482 1628 Quod
515 1547 633 1610 bosram
678 1547 834 1631 callipoli,
869 1548 1010 1613 Turnebo
1043 1554 1206 1631 praeeunte,

147 1659 291 1720 enarrant
322 1654 485 1728 retrabere,
518 1673 615 1737 neque
649 1653 788 1736 exempla
819 1654 883 1718 ulla
912 1672 947 1717 ex
978 1657 1063 1736 parte
1093 1656 1207 1720 similia

145 1760 339 1841 proferuntur
360 1779 457 1844 neque
480 1762 564 1845 origo
594 1759 824 1844 significationis
847 1759 1047 1841 probabiliter
1070 1760 1230 1825 declara-²

144 1867 212 1941 tur;
245 1883 341 1947 neque
368 1866 465 1931 hastae
494 1867 637 1931 retractio
659 1865 697 1930 ad
727 1866 897 1930 nocendum
919 1865 1001 1930 hosti
1023 1866 1207 1946 pertinebat.

146 1969 260 2052 Opinor
295 1970 404 2035 finisse:
448 1990 518 2036 non
553 1971 787 2036 collibuerit
829 1972 875 2047 (et
908 1971 991 2034 certe
1035 1971 1205 2056 dirigeret).

150 2073 317 2138 Codlineare
338 2076 455 2140 bociam
477 2079 580 2163 aliquo
603 2079 705 2144 Cicero
727 2077 803 2142 dixit
824 2076 875 2140 fin.
899 2073 955 2148 ΙΙΙ,
980 2075 1029 2140 22.

239 2183 304 2247 lbd.
338 2182 378 2244 37
411 2169 614 2250 reuocandum
637 2201 664 2256 e
689 2181 806 2246 codice:
851 2182 1079 2266 Censusque
1106 2204 1207 2267 ¹quo,-

142 2290 307 2354 rundam
345 2293 563 2354 senatorum
609 2290 732 2363 iuvit,
776 2289 873 2371 quod
910 2291 1035 2372 magis
1068 2291 1206 2356 mirum

141 2394 237 2473 suit,
281 2395 376 2476 quod
419 2414 554 2476 preces
597 2395 639 2458 Μ.
683 2394 844 2458 Hortali
995 2397 1206 2477 superbius

143 2504 376 2584 accepisset.
435 2501 506 2564 Non
536 2503 623 2566 recte
652 2516 757 2564 omnes
785 2499 968 2564 Rhenanam
1003 2502 1098 2565 secuti
1135 2490 1206 2584 q‘nb

142 2609 270 2692 magis
312 2607 507 2688 seripserunt.
569 2606 651 2669 Nam
683 2605 1018 2688 plusquamperfectum
1062 2608 1206 2696 ostendit,

142 2712 314 2800 quod'ante
337 2711 495 2792 superbius
519 2729 703 2794 ,responsum
724 2712 808 2774 esset
828 2711 965 2787 Hortalo,
989 2711 1116 2776 miratos
1139 2731 1206 2778 esse

141 2817 280 2881 homines
314 2817 485 2882 insecutam
518 2804 558 2880 inv
573 2816 648 2882 alios
670 2815 899 2892 liberalitatem,
932 2834 993 2881 non
1016 2817 1135 2882 inverso
1158 2819 1207 2882 or-'

141 2923 211 2986 dine
240 2923 305 2986 baec
326 2923 417 2990 facta.
476 2923 693 2989 Coniunctivus
721 2923 838 2987 modus
863 2922 956 2987 nihilo
988 2923 1089 2987 minus
1122 2925 1205 2989 reete

140 3028 299 3093 hominnm
323 3030 443 3095 illorum
464 3030 681 3114 cogitationem
703 3028 901 3126 signifieat.1)

142 3237 339 3244 *—

171 3365 192 3432 1)
210 3364 269 3419 lbd.
289 3380 311 3419 e.
330 3367 364 3420 43
382 3379 445 3419 vera
463 3366 504 3418 est
523 3362 674 3419 emendatio
702 3378 777 3416 ame
795 3361 890 3416 iuvene
909 3362 944 3428 (a.
964 3361 1046 3422 1828,
1076 3359 1104 3412 in
1124 3360 1204 3428 epist.

211 3457 244 3510 ad
263 3457 345 3513 Orell.
373 3474 400 3526 p.
427 3459 464 3513 80.
480 3455 518 3524 n.)
537 3454 690 3525 proposita,
720 3454 749 3507 in
776 3471 855 3524 qnam
883 3455 977 3524 postca
1007 3451 1204 3520 Beaamberger

211 3533 320 3605 incidit:
349 3553 382 3602 et
400 3549 600 3603 Plancinam
630 3546 843 3601 hauddubie
870 3547 1032 3616 Angusta
1054 3545 1202 3609 monuit,

210 3636 429 3699 emulatione
446 3641 615 3695 muliebri
639 3640 866 3708 Agrippinam
883 3643 1062 3706 insectans3
1088 3638 1204 3692 divisa

209 3751 350 3806 namque
377 3737 411 3789 et
443 3733 580 3787 discors
611 3732 688 3786 aula
716 3736 790 3787 erat
819 3735 885 3798 cet,
913 3749 961 3802 pro
989 3731 1203 3798 insectandi,

210 3829 281 3899 qnod
310 3827 409 3882 extrita
443 3826 538 3880 littera
568 3847 581 3878 s
610 3827 796 3894 geminataque
826 3826 945 3896 proxima
976 3825 1082 3896 syllaba
1112 3825 1203 3880 eodem

209 3921 288 3975 modo
322 3923 411 3975 ortum
438 3922 493 3987 est,
522 3935 573 3988 qno
601 3919 672 3989 apud
699 3919 805 3974 Livium
833 3917 925 3980 XXV,
953 3919 986 3981 8,
1018 3921 1052 3974 10
1083 3933 1201 3988 repor-

209 4012 312 4069 tando
340 4013 488 4069 donabat
514 4029 562 4083 pro
586 4014 768 4090 reportans
790 4010 940 4065 donabat
961 4013 988 4064 et
1006 4011 1107 4066 similia
1125 4011 1202 4067 alibi.
