2978 4644
317 331 377 395 182
672 327 732 384 nin
745 327 808 384 VII.
822 327 887 397 cop.
899 325 939 382 11.

273 531 542 605 acrimoniam,
574 528 747 610 omissaque
780 542 880 589 errore
915 521 1078 607 negatione
1113 521 1254 588 additum
1291 513 1343 589 ct.

272 637 477 723 Temperatus
510 635 542 702 et
576 633 616 700 ab
637 631 767 700 audacia
797 629 830 695 et
861 648 881 694 a
915 625 1046 694 tristitia
1080 627 1184 694 vultus
1214 627 1346 712 praecipi

272 744 403 810 ridetur.
501 793 505 801 .

373 847 442 916 Ibd
465 844 506 908 28
536 861 614 911 nuno
643 840 761 908 editors
806 837 879 906 Sed
912 856 982 923 qua
1002 839 1040 904 in
1062 838 1203 905 ceteris
1224 839 1344 906 rebus

271 953 429 1040 ingenii
461 949 619 1018 bonitus
652 947 838 1014 imitatur
869 962 973 1027 saepe
1007 941 1341 1024 doctrinam,
1418 1015 1422 1022 ,

271 1059 366 1125 item
398 1057 449 1123 fit
480 1055 519 1121 in
552 1055 619 1121 hac
649 1071 689 1120 re
711 1053 771 1118 cst.
821 1045 902 1130 Qua
923 1049 1081 1138 Kapscrus
1115 1069 1132 1115 e
1166 1045 1341 1116 coniectura

271 1183 326 1248 pro
349 1163 439 1248 quie
459 1159 578 1246 posuit3
615 1158 670 1225 sed
690 1157 724 1223 id
743 1175 843 1241 neque
870 1154 945 1222 alibi
965 1155 998 1220 in
1020 1154 1079 1221 tali
1111 1156 1346 1240 comparatione

175 1303 178 1308 ·
270 1269 408 1353 positum
429 1265 582 1351 reperitur
602 1281 701 1348 neque
724 1264 831 1348 aptum
843 1262 899 1337 cst,
922 1259 1005 1344 quod
1027 1261 1110 1328 eiam
1131 1280 1168 1328 ac
1188 1263 1341 1329 rationem

272 1374 437 1459 siguificat.
489 1373 569 1438 Puto
602 1367 812 1435 scribendum:
861 1364 933 1432 Sed
971 1365 1147 1452 pucdin
1182 1367 1343 1438 ceteris
1482 1431 1483 1448 ,

271 1482 390 1547 rebus
434 1480 506 1559 (hoc
540 1476 603 1542 ost:
647 1473 703 1540 sed
745 1473 827 1556 quod
861 1472 899 1538 fit
939 1470 973 1537 in
1009 1471 1120 1538 ceteris
1161 1473 1263 1551 rebus,
1306 1472 1344 1538 nt

273 1586 359 1669 cet).

372 1688 442 1755 Ibd.
479 1687 535 1752 37:
577 1685 779 1771 Imagines
812 1685 938 1769 igitur
970 1702 1036 1750 nos
1068 1685 1106 1749 in
1136 1701 1176 1750 eo
1199 1693 1342 1768 genere

273 1793 523 1860 constituere
555 1791 764 1878 oportebit,
805 1789 905 1874 quod
940 1808 1069 1875 genus
1110 1807 1266 1855 manere
1304 1791 1343 1856 in

272 1899 463 1964 memoria
486 1895 706 1964 diutissime
730 1895 872 1981 potest.
913 1895 1088 1964 Haecres
1112 1915 1153 1958 eo
1174 1893 1342 1974 occidet,

273 2004 309 2070 si
331 2006 391 2072 cet.
434 2001 485 2070 Sic
516 2021 597 2069 nunc
619 2002 786 2088 Kaystros.
830 1999 894 2067 Ubi
916 2023 951 2065 ea
973 2000 1095 2084 posuit,
1128 1999 1248 2066 codices
1269 1999 1346 2066 boni

272 2109 389 2174 hubent
411 2109 461 2186 ei,
496 2109 591 2176 ceteri
612 2108 771 2175 omittunt.
815 2107 878 2171 Rei
894 2125 1007 2174 nomen
1029 2106 1107 2190 (dccc
1126 2127 1174 2170 ree
1195 2125 1249 2190 pro
1271 2105 1342 2189 boc)

221 2239 223 2244 ·
272 2233 398 2298 prorsus
431 2233 524 2298 prave
545 2213 691 2280 hocloco
712 2214 845 2297 ponitur.
889 2211 989 2296 Supra
1015 2231 1169 2279 manere
1203 2214 1347 2301 inbonis

273 2307 439 2388 codicibus
451 2320 567 2406 partim
589 2319 753 2402 omittitur,
789 2320 904 2404 partim
930 2319 1142 2406 transponitur
1163 2319 1213 2400 (in
1234 2339 1340 2388 mem.

153 2503 155 2506 ,
268 2431 452 2507 manere);
474 2425 762 2494 inaliissoribitur:
780 2444 809 2509 q.
821 2445 851 2510 g.
868 2427 1022 2491 inmom.
1035 2426 1263 2492 diutissimo
1278 2427 1340 2492 ba·
1481 2503 1482 2514 ἢ

267 2531 349 2598 beri
362 2532 512 2618 potest.
527 2531 573 2598 Er
583 2532 631 2597 bis
642 2531 763 2597 indiciis
777 2530 977 2598 manifestum
988 2531 1034 2613 fit,
1047 2532 1092 2598 sic
1103 2531 1253 2614 scripturn
1265 2529 1344 2598 olim
1460 2566 1465 2575 ·

221 2719 227 2736 ¹
266 2639 377 2708 fuisse:
416 2637 513 2723 quod
534 2656 654 2722 genus
676 2637 714 2703 in
735 2637 921 2704 memoria
943 2636 1175 2726 diutissime
1201 2639 1340 2721 potest

267 2745 420 2812 boerere.
468 2743 516 2806 Id
550 2743 716 2821 accidet,
748 2742 867 2809 sicet.
922 2741 1338 2810 Onmtaerertransisset
1480 2815 1481 2838 2

266 2850 299 2916 in
319 2849 440 2928 donce,
472 2866 509 2915 er
530 2870 555 2924 e,
587 2848 668 2934 quod
689 2849 859 2943 supererat,
896 2849 927 2914 ct
959 2847 995 2911 id
1015 2848 1132 2915 factum
1152 2841 1201 2914 est
1223 2847 1259 2928 ei,
1281 2866 1333 2914 su·

266 2972 382 3038 proque
404 2955 533 3020 verbum
555 2954 730 3020 coniectura
754 2951 907 3020 additum.
1255 2955 1256 2962 ’

365 3059 501 3128 Inone:
524 3057 649 3137 Quane
664 3077 775 3143 qunrn
791 3059 955 3126 situtiio
969 3059 1086 3138 facile
1103 3060 1346 3140 meminisse,¹
1479 3059 1480 3072 ¹

265 3181 339 3230 non
360 3161 536 3244 tefallit,
559 3163 659 3249 qnod
679 3164 885 3251 tantopere
908 3163 1009 3232 utile
1026 3165 1095 3246 sit,
1118 3167 1262 3250 quanto
1283 3167 1336 3231 ln-

265 3257 354 3334 bore
373 3269 427 3336 sit
450 3269 722 3354 appetendum
745 3269 892 3356 poteris
910 3268 1337 3338 existimarentilitato
1478 3291 1479 3330 1

266 3374 429 3460 cognita.
452 3374 633 3442 Pluribus
654 3377 784 3444 verbis
807 3377 852 3442 ad
874 3395 955 3442 eam
976 3377 1014 3442 te
1037 3376 1237 3443 adhortari
1259 3397 1335 3444 non

266 3483 326 3546 est
347 3481 555 3551 sententia,
612 3483 753 3566 Apparet
773 3478 971 3549 vitiosissime
1006 3485 1076 3566 post
1107 3481 1162 3547 illa
1193 3485 1277 3548 non
1299 3489 1345 3550 ts

264 3585 381 3653 fallit
423 3587 585 3676 abundare,
618 3589 728 3655 eodem
764 3588 898 3654 relatum
919 3587 975 3654 hoo
1006 3587 1158 3672 psotsris
1187 3589 1335 3655 eristi-

264 3709 369 3759 mare
402 3693 434 3760 et
461 3694 629 3761 desiderari
662 3693 779 3780 aliquid
810 3693 849 3760 ad
884 3693 1054 3760 orationem
1082 3696 1114 3758 et
1144 3691 1346 3761 sententiam?
1477 3691 1478 3716 ³

264 3797 458 3867 vinciendum
481 3801 514 3866 in
534 3801 588 3866 illo
609 3800 759 3867 transitu:
782 3799 967 3866 Pluribus
989 3800 1123 3866 verbis
1146 3802 1203 3866 cet.
1257 3799 1344 3867 Om·
1477 3819 1478 3824 ¹

199 3919 203 3926 ·
262 3902 316 3968 nia
335 3905 422 3970 recta
443 3908 534 3971 erunt
557 3925 669 3990 qnum
693 3907 726 3972 in
749 3925 860 3990 qnam
881 3906 1021 3972 mutam:
1059 3903 1199 3991 Quare,
1223 3927 1339 3992 quone

263 4008 439 4077 sitntile
475 4010 594 4078 facile
624 4011 865 4091 meminisse,
897 4030 969 4078 nou
1001 4011 1039 4077 ts
1065 4011 1191 4090 fallit3
1233 4013 1336 4097 qnod
