2918 4652
619 307 732 364 Nonius.
1104 301 1164 366 667

145 507 292 591 templa
313 525 434 591 parva
456 506 569 572 iacta.
619 503 716 570 Serib.
749 505 835 570 Haec
866 505 976 598 aedis,
1009 525 1088 590 quae
1109 525 1208 571 nune
1290 491 1293 496 ¹

145 615 218 689 asi,
241 634 283 680 m.
306 632 335 679 a.
358 615 443 695 pest
463 612 621 703 iectast,
648 609 814 694 denique
838 613 876 687 (Ρ)
898 613 1021 677 omnic
1042 614 1101 679 oet.

97 714 102 723 '
188 775 192 790 .
244 719 279 784 Ρ.
302 719 364 784 495
387 717 589 798 (accusativus
613 719 684 795 eet.)
708 717 839 782 Attius
862 717 1222 800 Epinaueimachea

227 826 277 890 Ab
299 825 397 890 classe
418 824 458 890 ad
479 824 586 888 urbem
607 822 748 900 tendunt,
771 841 827 888 nec
849 824 1009 906 qnisquam
1031 827 1132 908 potest

226 931 412 1016 fulgentium
435 949 553 996 armum
577 932 715 996 armatus
740 929 879 996 ardorem
903 929 998 996 obtul.

144 1037 225 1102 Son:
267 1038 450 1122 fulgentium
474 1054 593 1103 armum
615 1033 762 1098 advorsus
783 1036 922 1102 arderem
946 1035 1041 1102 obtul.

243 1143 278 1207 P.
300 1143 363 1206 496
386 1144 557 1228 (genetivus
579 1148 679 1220 cesus)
702 1141 873 1208 Titinius
897 1143 1085 1208 Psaltria:

343 1249 429 1314 Dicis
451 1251 485 1314 tu
507 1267 610 1331 quaeso
632 1267 690 1331 quo
712 1251 743 1314 te
766 1248 928 1314 avertisti?
954 1249 1016 1314 mei

344 1354 475 1439 fastidis,
497 1345 574 1418 meae
599 1353 740 1420 deliciae?

146 1461 241 1527 Serib.
344 1461 416 1534 Dios
432 1461 519 1533 istuc,
543 1478 657 1542 quaese,
680 1482 757 1544 quor
779 1464 811 1525 te
834 1458 994 1526 avertisti?
1016 1459 1077 1525 Mei

343 1567 475 1644 fastidis,
498 1583 575 1632 meae
598 1565 735 1632 delicies?
842 1617 845 1621 .

243 1673 278 1736 P.
303 1673 364 1737 508
387 1673 554 1752 (solueritlz
578 1671 746 1763 ¹Caelius
781 1673 912 1738 annali
943 1671 1008 1736 lib.
1031 1669 1103 1734 VII
1136 1677 1206 1749 (sor.

143 1779 279 1844 annali
301 1779 402 1859 Vlllt
425 1780 529 1843 Duos
552 1782 589 1844 et
610 1777 858 1860 septuaginta
878 1778 1038 1844 lictores
1055 1777 1206 1842 ‘domum

142 1878 412 1969 deportavisse
434 1885 566 1961 fascis,
588 1885 650 1969 qui
672 1883 904 1949 ductoribus
926 1883 1093 1948 hostium
1115 1885 1207 1948 ante

142 1992 340 2057 soluerint
360 1991 465 2056 ferri.
510 1991 776 2058 Seruianam.
1149 1979 1154 1988 '

242 2098 276 2164 P.
301 2097 362 2161 513
386 2097 528 2180 (dapsilel
551 2095 780 2179 Pomponius
802 2094 977 2160 Rustico:

185 2201 264 2282 Quid
286 2223 367 2268 nune
390 2205 435 2268 vis
456 2203 545 2270 fieri?
566 2203 693 2268 Verrem
715 2201 940 2286 sumedapsile
961 2220 998 2266 ac
1019 2201 1162 2266 dilucide.
1214 2245 1216 2251 .

142 2307 358 2374 Scribendum:
401 2331 494 2384 aare,
516 2329 604 2376 sume
626 2307 743 2391 dapsile
764 2325 800 2372 ae
821 2306 963 2372 dilucide.

160 2493 163 2498 .
242 2414 275 2478 P.
299 2415 361 2476 514
384 2416 552 2498 (pugnitus)
576 2413 755 2478 Caecilius
777 2413 968 2480 Fallacia:

206 2520 294 2584 'Nisi
317 2512 440 2602 quidem
463 2518 568 2601 quise
590 2519 845 2602 melitpugnitus
866 2518 1067 2600 pessumdari.
1157 2565 1161 2576 .

141 2625 205 2690 Sor.
249 2626 319 2692 Nisi
341 2625 424 2710 quis
446 2635 513 2698 est,
537 2625 643 2708 quise
666 2624 758 2690 malit.
774 2645 803 2706 p.
829 2644 857 2706 p.

241 2732 307 2798 Ibd.
331 2731 580 2812 (immortalitas)
602 2730 814 2814 Turpilius
836 2729 1011 2794 Hetaera:

291 2839 396 2904 Satine
418 2839 453 2904 ut
474 2856 575 2902 meum
599 2857 651 2902 cer
672 2836 881 2918 voluptatibus
903 2835 978 2900 dat?

291 2945 513 3010 Immortalitus
535 2963 568 3008 sc
590 2942 702 3008 obtulit
722 2943 798 3007 mihi
819 2943 884 3008 haec
905 2942 1045 3007 facultas.
1107 2981 1109 2985 -

141 3048 359 3124 scribendum:
579 3039 583 3051 '
887 3047 889 3053 ’

664 3232 665 3236 ¹
717 3153 822 3226 Satin'‚
843 3155 878 3216 ut
899 3171 1004 3218 meum

312 3315 315 3324 ,
341 3280 390 3326 cer
412 3279 445 3326 se
467 3261 668 3342 voluptatibu'
691 3260 749 3332 dot,
771 3245 992 3324 immortalitas

183 3349 186 3356 ¹
341 3365 542 3432 scse'obtulit
562 3367 607 3432 mi
629 3367 694 3430 haee
710 3366 868 3430 'facultasl

241 3477 276 3542 P.
297 3475 359 3538 524
380 3473 531 3550 (turbem)
560 3471 692 3537 Attius
714 3471 967 3538 Athamante:

183 3585 232 3647 An
255 3582 360 3646 dubito
383 3581 423 3644 ha
444 3578 517 3662 quid
538 3579 625 3662 agis?
647 3594 719 3644 cave
740 3597 778 3642 ne
799 3579 831 3642 in
853 3577 975 3642 turbam
996 3578 1028 3639 te
1049 3575 1200 3657 implices.

142 3688 237 3754 Sorib.
287 3687 362 3748 Tam
383 3685 492 3760 coelen
515 3685 563 3760 lau,
587 3685 659 3769 quid
681 3685 769 3768 egis?
793 3701 867 3750 eave
890 3684 947 3748 oet.

241 3793 276 3858 P.
298 3792 359 3854 529
382 3791 536 3868 (fetialosp
568 3791 670 3857 Idem
702 3791 809 3869 (Varro
829 3789 867 3854 de
881 3789 952 3880 'vita
973 3786 1078 3869 populi
1099 3787 1201 3864 Rom.)

140 3900 204 3966 lib.
238 3899 312 3963 Ill:
343 3897 394 3962 'Si
429 3897 535 3962 cuius
567 3895 856 3980 legativiolati-
887 3894 1036 3965 essent,
1068 3893 1133 3976 qui
1165 3893 1202 3956 id
1322 3933 1324 3938 -
1359 3877 1365 3889 '

140 4007 337 4082 fecissent,
359 4002 530 4088 quamvis
551 4002 700 4067 nobiles
724 4005 864 4074 essent,
886 4001 942 4064 uti
964 3998 1202 4064 dederentur

141 4113 313 4186 civitati,
340 4109 581 4187 statuerunt,
603 4109 663 4176 eet.
706 4107 768 4172 Ser.
798 4105 938 4170 Siraci
957 4106 1079 4190 legati
1101 4105 1159 4170 cet.
