2918 4652
321 275 385 338 650
685 275 746 332 [aiio.
764 275 812 332 11
825 275 891 345 cap.
909 277 948 334 11.

379 476 445 541 lbd.
468 475 504 540 8:
547 474 877 541 Corueoationum
898 475 1042 540 deinde
1062 492 1105 540 aa
1126 476 1335 541 tonitrunm
1429 463 1430 534 i

278 581 317 647 in
352 582 506 648 modum
540 580 736 663 fulgurum
771 581 892 664 igniti
928 581 1076 648 sideris
1111 581 1338 646 continuata
1429 585 1430 630 ἒ

278 689 452 755 vibraiio
473 689 651 755 omnibns
673 688 783 753 nobis
810 685 998 753 ueritatis
1019 686 1235 752 seientiam
1257 706 1338 752 sns-

277 795 383 861 tulit.
440 794 609 860 Delendum
632 793 857 876 fulgurum,
889 791 969 876 qnod
991 790 1032 857 ad
1053 793 1169 874 priores
1189 793 1337 876 genetivoo

278 901 467 984 smnnpsnm
500 904 557 966 esi.
615 899 766 977 (Vibran'o
787 899 1029 964 coruscationum
1050 898 1083 962 in
1108 898 1233 963 modum
1257 897 1339 980 igniti
1429 891 1430 906 ¹

278 1007 412 1089 sidens.)

378 1113 445 1178 lbd.
467 1113 505 1176 9:
548 1111 749 1177 Sarmatas
771 1111 868 1174 adeo
970 1111 1144 1186 farones,
1165 1111 1207 1173 nt
1230 1110 1341 1174 inua-

171 1297 177 1308 .
278 1237 392 1282 suros
413 1237 453 1282 oo
474 1236 545 1284 non
566 1218 693 1283 solum
716 1216 936 1300 Illyricum,
958 1216 1024 1280 sod
1044 1215 1234 1280 Thracias
1256 1235 1340 1298 quo-

277 1341 351 1406 qne
378 1323 615 1406 Italiamque
640 1323 893 1398 minarentur,
931 1325 990 1388 ita
1018 1323 1077 1390 sie
1107 1322 1210 1388 inter
1241 1322 1342 1404 belle

277 1428 464 1510 pariendi
496 1429 693 1504 contudit,
735 1430 778 1492 ni
808 1430 867 1494 oen
932 1428 1057 1512 Optimo
1091 1429 1184 1494 Peter
1219 1448 1259 1492 ex
1293 1429 1341 1492 sio

276 1535 383 1600 inter
403 1535 477 1600 feeit
498 1534 683 1608 seientes,
716 1533 771 1599 sed
793 1534 955 1600 uiolentius
983 1534 1132 1599 bellum
1160 1535 1341 1618 gerendo.

277 1640 408 1705 Videtur
440 1641 552 1706 fnisse:
587 1642 644 1705 iia
676 1642 848 1705 scienter
878 1640 983 1706 bella
1014 1642 1224 1724 partiendo
1258 1661 1343 1707 oon·

275 1746 396 1812 ondit.

376 1852 556 1918 Numeriam
592 1853 647 1915 ll:
704 1851 955 1922 Nemesiano.
999 1853 1061 1935 qui
1104 1847 1343 1928 ἁλιευτικᾶ,

277 1955 543 2044 κυνηγετικοί
562 1951 793 2024 euronotum*
810 1957 1153 2040 scripsitquinque
1168 1961 1343 2026 omnibus

274 2065 433 2129 oolonis
454 2065 696 2130 illustrains
718 2063 891 2128 eminuit
924 2063 1044 2128 Peter:
1075 2065 1196 2146 inque
1218 2065 1343 2128 omni-

276 2171 357 2235 bns.
402 2169 463 2234 Sed
485 2188 538 2234 oor
558 2171 589 2234 in
613 2171 740 2236 noloniis
755 2171 889 2244 mnium,
913 2187 973 2234 non
987 2168 1020 2232 in
1035 2168 1211 2251 municipiis
1226 2187 1343 2252 qnoque

278 2279 370 2359 atque
407 2275 536 2342 Romen?
579 2275 795 2342 Soribendnm:
829 2275 971 2358 quique
1002 2275 1059 2352 (siu
1090 2274 1154 2340 iam
1177 2275 1237 2352 Pe)
1272 2295 1345 2341 om·

278 2381 395 2447 nibus
433 2382 588 2446 coronio
622 2382 853 2446 illustratus
895 2381 1067 2446 eminuit.
1134 2379 1344 2448 Certaminum

278 2486 414 2553 vintoniae
437 2488 658 2572 significentur.
705 2485 774 2572 [sin
794 2485 942 2569 Cosano]

379 2591 508 2658 leole
538 2591 591 2672 (de
620 2590 840 2674 Diocletiano:
883 2592 1004 2656 virum
1152 2595 1343 2658 amantem

278 2697 382 2778 reip„
415 2699 609 2764 amantem
641 2713 795 2762 suornm
825 2700 865 2762 et
888 2698 934 2763 ad
962 2699 1103 2775 omnia,
1137 2716 1216 2781 quae
1250 2703 1344 2762 tem-

277 2821 349 2885 pus
383 2802 635 2886 quaesiverat,
673 2805 952 2884 temperatum,
988 2805 1153 2868 consilii
1186 2822 1344 2885 semper

135 2933 139 2942 ¹
277 2901 367 2984 alti,
396 2927 670 2991 nonnunquam
700 2913 828 2974 iumen
857 2911 1002 2975 ironiis
1032 2910 1099 2974 sod
1127 2909 1342 2991 prudentie

277 3012 395 3078 nimia
427 3015 650 3096 pervioaoie
683 3017 805 3080 moins
837 3015 1006 3098 inquieti
1038 3016 1210 3095 pectoris
1244 3035 1343 3080 oom-

277 3119 502 3200 primonois.
568 3120 619 3185 Sio
652 3120 782 3184 oodioeo.
840 3120 960 3186 Edunt:
1005 3121 1220 3197 adomnia,
1264 3140 1342 3203 quae

276 3225 429 3308 tempus
451 3228 710 3309 quaesiverat,
733 3229 932 3310 peratum,
955 3226 1204 3292 Peterstatim
1226 3245 1344 3310 para·

275 3333 365 3396 tum.
409 3333 521 3398 Putem
542 3334 643 3416 potins
665 3333 776 3398 fnisse:
805 3333 997 3398 adomnia
1102 3342 1341 3416 attempera-

277 3447 354 3500 tum
376 3437 421 3519 (ei
443 3457 475 3504 se
497 3437 805 3522 aooommodaniem).
850 3438 968 3504 Deinde
991 3438 1069 3502 miro
1091 3456 1242 3504 consensu
1268 3439 1341 3503 nova

275 3543 357 3625 apud
385 3544 512 3609 Latinos
540 3561 612 3610 vooo
644 3543 851 3619 Diocletiano,
883 3544 935 3625 qui
965 3563 984 3608 a
1010 3544 1157 3625 scriptore
1183 3545 1340 3626 tantopore

275 3648 432 3720 laudatur,
466 3649 616 3716 effrons
647 3649 854 3714 eonsilium
883 3650 1036 3721 tribuunt,
1071 3649 1149 3732 quod
1179 3651 1269 3732 quale
1291 3650 1339 3722 siu

276 3757 385 3822 neseio.
429 3756 630 3822 Scribonium
653 3757 716 3820 eso:
749 3773 1017 3838 nonnunquam
1040 3757 1169 3820 tomen
1191 3755 1338 3820 frontis

276 3861 539 3944 eoprudentiae
557 3863 674 3927 nimio
692 3861 914 3943 pervioeoia
929 3867 1052 3926 motus
1074 3863 1146 3944 inq.
1171 3860 1337 3943 pectoris

276 3968 588 4049 comprimentis.
653 3967 773 4032 Modica
806 3967 1002 4049 reprehensio
1035 3967 1176 4034 laudibus
1208 3965 1336 4036 additor,
