2956 4648
580 287 610 341 L.
630 286 736 342 Seneen
754 285 893 356 Epistola.
1165 285 1228 348 475

304 485 363 558 (De
384 484 434 556 36,
459 483 498 546 12
520 484 582 549 dixi
604 485 661 549 rol.
683 484 699 548 I
720 503 750 566 p.
774 481 837 564 91.)
846 485 872 560 ¹)

254 569 262 580 ⁹
303 591 359 674 Ep.
388 589 429 654 39
463 587 500 652 2:
544 589 708 654 Interim
752 589 897 654 multos
943 588 1071 666 habes,
1114 608 1268 672 quornm

201 697 358 779 scripta
395 695 526 761 neseio
547 714 593 760 au
615 695 712 760 satis
735 695 925 760 ordinent.
980 695 1077 774 Quem
1101 697 1155 760 aut
1173 696 1271 778 qnid?

203 801 330 884 etquid
353 802 408 866 hoo
430 803 486 876 est,
508 802 622 894 seriptu
645 801 893 884 philosophomm
916 801 1032 884 aliquid
1061 803 1269 885 autaliquem

201 907 367 972 ordinare?
417 906 617 972 Scribendum
653 907 788 973 videtur:
823 926 981 989 qnorum
1018 909 1165 989 scripta
1204 926 1270 973 ne-

201 1013 284 1077 seio
320 1032 363 1077 an
386 1013 675 1078 satisordinas.
724 1012 834 1076 Sume
867 1014 1058 1077 iumeuus
1090 1013 1268 1079 indioem

182 1118 520 1201 ‚philosophorum
560 1120 607 1194 (ut
638 1137 673 1184 eo
716 1120 747 1183 in
787 1117 962 1183 ordinandis
998 1119 1119 1202 scriptis
1156 1123 1268 1197 utare).

201 1222 279 1288 Oum
302 1225 452 1307 seriptum
477 1227 559 1290 esset
580 1225 835 1303 ordinesnme,
867 1225 981 1289 laetum
1006 1227 1054 1290 est
1077 1225 1267 1292 ordinent.
1335 1273 1338 1280 -

302 1330 356 1412 Elp.
380 1329 433 1404 40,
455 1330 493 1394 2:
538 1327 674 1413 Itaque
702 1329 827 1395 oratio
849 1331 919 1394 ille
939 1331 1039 1411 apud
1063 1331 1267 1396 Homerum

201 1436 398 1500 oonoitats
429 1436 466 1499 et
496 1436 579 1509 sine
610 1435 910 1500 intermissione
934 1436 968 1499 in
1006 1453 1145 1517 morem
1169 1438 1268 1501 nivis

200 1541 480 1622 superveniens
524 1544 667 1606 oratori
700 1541 790 1605 duta
821 1545 894 1615 est:
937 1541 1038 1604 lenis
1083 1544 1119 1605 et
1150 1542 1268 1606 melle

200 1643 355 1710 dnloior
387 1647 467 1710 seni
499 1647 674 1728 profluit.
721 1648 816 1712 Reete
839 1647 992 1728 Hauptius
1024 1648 1079 1723 (ΙΙ,
1104 1646 1156 1723 12)
1179 1645 1267 1724 vidit,
1356 1674 1364 1692 ·

201 1752 371 1816 necessario
393 1753 586 1818 scribendum
610 1771 676 1818 esse
708 1754 839 1814 iuueni
866 1753 1026 1826 oratori,
1062 1755 1098 1816 nt
1117 1753 1173 1817 hoo
1195 1755 1267 1817 oon·

200 1857 329 1920 trarium
363 1858 404 1923 sit
438 1860 529 1925 seni.
581 1859 690 1942 Itaque
723 1861 782 1925 hoe
806 1861 954 1926 excidisse
986 1861 1056 1941 post
1080 1877 1267 1940 superve-

200 1963 311 2028 niens
353 1967 450 2047 putat.
504 1965 564 2030 Sed
606 1967 684 2030 nihil
727 1971 775 2030 est
818 1966 914 2030 oratio
957 1965 989 2028 in
1032 1983 1149 2030 morem
1188 1966 1267 2030 nivis

199 2074 416 2152 superveniens.
476 2071 545 2136 Nisi
590 2071 694 2147 fallor,
739 2071 857 2137 Seneca
900 2072 1080 2153 scripserat:
1119 2071 1157 2134 in
1188 2089 1267 2134 mo-

200 2193 278 2239 rem
301 2178 401 2243 nivis
421 2179 514 2240 uber
534 2178 659 2239 iuueni
686 2179 831 2243 oratori
854 2180 923 2255 oet,
945 2177 1039 2255 unde,
1063 2177 1220 2261 geminato
1242 2199 1266 2254 s,

205 2280 294 2346 fenile
326 2283 398 2346 oriri
430 2283 530 2365 potuit
562 2285 848 2367 superveniens.
902 2284 985 2348 infre
1017 2282 1079 2368 §9
1109 2283 1267 2348 scribitur:

205 2387 325 2451 Recte
368 2407 456 2472 ergo
501 2391 636 2465 facies,
681 2391 712 2455 si
748 2409 820 2456 non
853 2389 1000 2454 viderie
1037 2389 1153 2461 istos,
1190 2387 1269 2470 qui,

205 2497 387 2574 quantum
422 2495 567 2572 dicant,
603 2515 674 2561 non
717 2495 1049 2578 quamadmodum,
1086 2495 1270 2578 qnaernut

204 2599 316 2664 Utrum
351 2601 455 2666 videet
485 2601 556 2667 illos
575 2601 710 2667 Lueilius
733 2621 843 2676 neone,
878 2601 916 2664 ad
939 2619 1003 2664 rem
1025 2601 1103 2664 nihil
1124 2599 1268 2682 pertinet,

205 2705 259 2769 sed
302 2706 510 2772 admiretnrne
560 2725 596 2771 ao
637 2711 791 2790 sequatur.
858 2706 1072 2771 Soribendnm:
1123 2706 1154 2769 si
1198 2722 1270 2769 non

205 2811 392 2873 invideris
414 2813 511 2876 istis.
564 2813 720 2878 Mutatum
743 2813 870 2877 verbum
893 2815 997 2875 seeuta
1019 2812 1067 2874 est
1093 2809 1124 2872 in
1148 2808 1269 2873 Seueeae

104 2955 107 2962 ·
206 2917 344 2982 eodienm
378 2917 502 2983 lieentia
534 2919 664 2984 mutatio
697 2918 892 3001 pronominis.
943 2917 1089 2994 (Hessius
1123 2913 1206 2998 prael.
1239 2932 1271 2994 p.

205 3021 310 3088 XXVI
342 3025 514 3100 mireris,
550 3025 763 3090 animadverso
804 3026 887 3088 reete
919 3023 1010 3096 vitio;
1053 3022 1108 3086 sed
1139 3020 1272 3085 debebat

206 3147 274 3194 esse
296 3131 467 3192 admiratus
481 3129 583 3214 suern
604 3133 658 3195 ant
681 3129 889 3192 admiraberis.
944 3127 1054 3192 Pauois
1076 3129 1147 3192 ante
1169 3127 1270 3191 verbis

206 3236 288 3300 reete
311 3235 459 3309 Muretus,
492 3236 631 3318 Lipsius,
665 3235 838 3301 Gronovius
870 3235 1035 3300 alleotns
1062 3234 1270 3316 impotens

207 3342 266 3406 sui
288 3359 341 3424 pro
364 3358 415 3418 eo,
447 3341 528 3424 quod
560 3343 610 3406 est
636 3343 667 3406 in
691 3341 846 3406 eodioibus
869 3341 900 3404 et
921 3359 1000 3404 nuno
1021 3339 1130 3417 editur,
1151 3340 1270 3422 impe·

207 3447 269 3512 tus
292 3449 376 3531 sui.)
429 3449 508 3511 Tum
531 3447 713 3529 simpliciter
735 3446 945 3512 scribendum:
983 3446 1022 3509 et
1041 3445 1124 3529 ipse
1149 3445 1271 3510 maln-

109 3583 112 3591 =
208 3555 294 3631 eris,
317 3553 350 3618 si
382 3571 539 3618 neeesse
574 3558 650 3628 est,
682 3555 782 3617 ntP.
807 3552 987 3616 Vinicius
1009 3551 1151 3616 dicere.
1195 3549 1271 3614 Per·

208 3679 290 3742 saepe
311 3671 345 3722 ot
367 3661 399 3724 et
419 3659 469 3721 uel
494 3659 526 3723 iu
549 3659 702 3728 oodieibns
724 3660 957 3746 permutantem
991 3657 1156 3739 depravato
1177 3654 1272 3718 utin

207 3871 406 3880 ——u—-a--w

226 4011 250 4078 ¹)
280 4017 329 4079 §1
360 4016 432 4068 reete
464 4013 614 4083 Schweigh.
644 4029 659 4066 e
686 4011 709 4066 P
734 4011 775 4066 Ab
805 4011 868 4065 aliis
896 4009 1052 4064 ostentet
1080 4022 1127 4076 pro
1150 4009 1268 4060 osteu-

278 4106 349 4161 det.
386 4105 518 4164 Hortatur
536 4105 635 4162 Seueea
655 4109 682 4160 et
701 4104 786 4170 iubet,
805 4121 859 4160 non
878 4099 1024 4174 promittit.
