3000 4638
602 227 725 284 Valerius
743 228 815 288 Μαι.
1135 233 1197 299 335

171 425 382 508 probando,
419 425 501 510 quod
532 426 678 493 Halmius
711 428 824 510 posuit,
857 429 942 496 nulle
975 431 1135 509 sententia,
1169 453 1241 518 quse

171 530 347 598 huiusmodi
368 549 436 598 esse
452 531 555 612 debet,
577 533 765 616 scriptorem,
786 534 1026 618 quodomittere
1046 554 1107 603 non
1127 541 1242 621 posue,

170 635 337 706 facientem
373 655 408 702 eo
429 638 607 704 sustentari
638 638 768 714 debere,
807 639 888 723 qnod
921 641 1001 708 soiat
1037 659 1072 708 ee
1102 642 1237 711 libenter

172 743 316 823 abarum
338 745 375 811 ut
395 744 519 829 egregia
539 743 623 810 faeta
642 745 757 820 laudet,
779 745 888 812 lacero.
931 747 1029 814 Baete
1049 747 1147 831 igitur
1165 749 1236 814 inB

105 908 108 914 .
170 847 271 914 altera
291 867 385 914 mann
405 849 595 932 probandi
616 851 773 927 eoribitum
801 851 857 917 sed
880 869 940 920 uua
959 854 1109 936 praterea
1130 855 1237 922 littero

169 953 319 1022 mutanda
342 958 405 1021 est:
439 955 525 1022 dum
546 957 730 1038 praelata
757 957 932 1024 libenter
952 959 1149 1040 probandi
1170 978 1236 1026 ne·

169 1061 346 1129 cessaria
366 1061 549 1126 narranti
566 1061 812 1128 conscientia
833 1081 906 1130 non
929 1063 1045 1128 desit.

269 1166 337 1232 Ibd.
365 1168 403 1230 11
431 1168 468 1232 Ε.
504 1169 536 1234 4.
574 1166 700 1244 Certum
729 1171 787 1246 eet,
810 1168 969 1236 Valerium
999 1168 1164 1234 Fabiorum
1195 1170 1236 1236 ad

168 1270 346 1338 Cremeram
373 1272 493 1338 cladem
515 1275 548 1339 et
568 1274 651 1340 diem
674 1274 848 1340 Alliensem
869 1292 929 1340 non
952 1273 1135 1353 eonfndissu
1155 1291 1235 1358 pre·

168 1376 277 1444 sertim
304 1377 336 1444 in
365 1377 508 1464 diligenti
543 1379 774 1446 enumeratione
805 1380 939 1446 eludium
966 1379 1235 1458 memorabilium

167 1481 334 1564 sonipeenat
369 1486 493 1550 autem:
541 1487 579 1551 et
613 1487 879 1552 trecentorum
911 1485 1068 1552 inolitae
1101 1485 1238 1569 gentis

166 1587 342 1674 virorum
373 1591 506 1675 strage
532 1590 733 1656 foedatum
761 1591 918 1674 [omnem
945 1591 990 1675 et]
1013 1590 1231 1656 Alliensem

166 1691 268 1763 diem
305 1696 343 1760 et
379 1715 584 1780 oppressos
624 1697 664 1762 in
694 1696 888 1780 Hispania
928 1695 1130 1778 Soipionee
1173 1698 1232 1762 oet.

166 1798 217 1866 Ab
238 1799 310 1866 AM
332 1800 372 1866 ad
392 1801 485 1868 Aba
507 1797 660 1870 aberrauit
678 1803 796 1870 librarii
818 1801 934 1870 oonlne.
1061 1821 1064 1825 ·

267 1905 335 1972 Ibd.
360 1906 409 1986 12,
431 1907 466 1972 8:
509 1907 606 1976 Fine
633 1927 796 1992 namque
827 1908 918 1976 vita
939 1901 1083 1974 nostrae
1111 1905 1234 1974 variis

168 2010 209 2076 ot
235 2012 406 2086 onoultie
437 2014 567 2079 nausis
599 2015 788 2098 exposito,
819 2013 1019 2080 interdum
1050 2031 1130 2095 quae
1161 2011 1231 2078 im·
1369 2059 1371 2063 -

164 2117 357 2194 merentia
390 2118 561 2202 supremi
592 2118 665 2186 fati
696 2119 857 2186 titulum
890 2121 1090 2203 oooupant
1144 2117 1231 2184 Idem

165 2238 250 2286 error
271 2224 329 2298 est,
351 2241 444 2306 quem
464 2223 535 2302 VII,
558 2223 588 2302 8,
611 2225 630 2286 7
653 2225 777 2302 suetidi,
797 2224 1073 2308 seribendumquez
1101 2225 1230 2292 iuter·

163 2327 250 2396 dum
272 2329 439 2414 pomulam
458 2329 705 2396 immerentia
727 2330 786 2396 oet
832 2329 924 2414 [redd
947 2330 1066 2413 aliquot
1085 2331 1232 2414 veteres]

268 2433 334 2512 (IX,
358 2434 444 2498 121d.
467 2434 489 2500 8
510 2433 672 2502 emendavi
693 2435 752 2500 vol.
774 2436 790 2499 I
810 2455 841 2517 p.
864 2434 931 2515 73.)

224 2594 227 2602 .
265 2539 332 2606 Ibd.
356 2539 408 2618 13,
441 2541 476 2606 n.
508 2539 547 2606 4:
580 2559 662 2606 oum
697 2540 818 2607 dorem
855 2539 1045 2616 oubiouli‚
1082 2540 1233 2606 extrin-

162 2662 282 2712 senus
304 2663 324 2712 a
344 2645 573 2714 custodibus
594 2647 781 2728 opertam,
809 2646 1036 2712 interiorem
1056 2645 1230 2712 elaustro

33 2779 40 2796 ·
161 2749 249 2834 ipse
273 2751 503 2818 obserasset.
525 2750 785 2818 serenantem
806 2752 989 2818 elaustro.
1036 2750 1103 2834 [Sin
1124 2750 1233 2839 Gyet}

618 3164 703 3250 Gap.
725 3165 773 3230 ΙΙ.
863 3251 865 3255 Ι

364 3339 396 3396 L.
415 3338 510 3395 Annei
523 3337 628 3394 Soueoee
648 3337 755 3409 Scripta
768 3335 872 3392 Minora
885 3335 1029 3408 (Dialogi).

241 3493 314 3560 ,Λᾶ
344 3492 459 3571 nullius
493 3491 652 3574 seripturis
684 3490 788 3558 Latini
818 3491 915 3558 libros
941 3492 996 3556 aut
1018 3489 1120 3573 plures
1148 3488 1227 3557 mibi.

160 3599 211 3664 bie
231 3598 420 3682 proferendae
443 3600 515 3663 eunt
533 3596 765 3665 emendationes
787 3596 962 3662 aonioetura
982 3596 1110 3679 repertae
1132 3613 1225 3678 quam

161 3704 202 3769 ad
222 3703 258 3773 lu
279 3703 394 3772 Annei
421 3704 558 3782 Seneca,
581 3706 642 3780 aut,
671 3703 781 3787 quibus
812 3702 882 3784 plns
912 3701 1012 3768 inesse
1043 3703 1161 3783 putem,
1192 3700 1225 3764 in·

161 3811 267 3894 abque
289 3811 401 3881 sellem
420 3811 570 3879 librorum
590 3810 688 3894 parte,
719 3807 759 3874 ad
780 3809 926 3876 orationis
946 3807 1156 3892 integritatem
1176 3823 1225 3870 re-

161 3917 352 3987 stituendam
386 3916 500 3987 moui.
556 3916 593 3982 Id
622 3915 737 3984 aooidit
772 3912 910 3980 materiae
941 3913 1037 3996 ipsius
1071 3912 1224 3979 ubertate.

162 4023 244 4090 Nam
273 4042 373 4108 neque
400 4023 596 4106 cuiusquam,
633 4022 660 4086 si
688 4020 793 4100 Cicero
820 4019 855 4086 et
879 4019 985 4088 Liuius
1013 4018 1223 4097 exeluduntur,
