3000 4638
302 259 364 322 314
659 256 807 314 uavrn.
826 255 892 326 cap.
904 255 928 312 1.

259 457 392 524 breviter
414 457 447 522 et
467 457 625 540 perspicue
659 446 790 540 expositi
821 456 906 520 faeili
935 475 994 522 neu
1015 456 1143 522 alleetns
1165 453 1324 522 Valerium

259 584 287 629 a.
312 563 392 628 1866
414 563 594 647 relegerem,
626 581 684 627 non
715 562 763 626 ita
794 577 893 644 panea
924 564 1131 643 occurrerunt,
1154 563 1186 626 in
1213 561 1327 644 qubus

261 670 380 736 viderer
415 669 506 752 paulo
538 669 607 752 plna
642 668 763 734 efficere
801 670 833 732 et
868 669 999 734 rectiora
1032 667 1193 734 restituere
1224 683 1328 750 posse,

259 795 388 860 qnorum
409 773 557 841 nonnullo
577 775 640 838 iem
662 791 716 856 pro
731 774 877 858 exemplis
893 775 924 839 in
937 774 1204 858 priorevolnmine
1225 771 1326 856 posui.

359 881 426 946 Lib.
461 882 491 960 1,
527 882 561 960 l,
600 881 616 942 1
651 880 684 945 in
715 880 828 946 oodioia
850 881 877 944 B
899 883 1051 965 scripture
1070 881 1119 948 bis
1140 897 1199 945 non
1219 901 1244 956 e,
1267 877 1325 944 aod

259 1011 291 1050 m
311 989 343 1052 in
367 987 428 1052 fine
450 985 624 1052 addendum
646 987 704 1062 est,
740 987 776 1050 nt
808 989 980 1070 generatim
1018 989 1138 1054 dieatnr
1174 982 1326 1067 singulari

258 1111 404 1158 numero:
452 1094 547 1157 bane
589 1092 841 1174 gerendarum
885 1111 1009 1157 rerum
1056 1091 1327 1154 auctoritatem
1458 1103 1462 1112 ·

259 1213 440 1283 augurum
475 1197 770 1272 observatione,
804 1197 1005 1280 Apollinis
1033 1196 1326 1280 praedictionem

258 1307 386 1371 vatum
407 1303 522 1369 libris
544 1303 583 1380 (B
605 1304 920 1386 auctoritato»...
942 1301 1237 1386 praedieatione)
1354 1389 1359 1400 “

257 1411 453 1493 explicari
474 1409 695 1474 voluerunt.
799 1478 804 1498 Ι

207 1509 236 1539 ’·
358 1516 425 1581 Ibd.
458 1517 495 1593 (I,
530 1517 560 1593 1)
592 1515 629 1579 8:
672 1515 754 1579 Non
787 1516 922 1580 mirum
958 1517 1097 1600 igitur,
1129 1515 1162 1579 si
1188 1533 1254 1596 pro
1282 1531 1324 1580 eo

258 1623 422 1705 imperio
445 1622 618 1706 eugendo
640 1621 970 1705 eustodiendoque
996 1623 1172 1706 pertinax
1193 1639 1321 1687 eorum

257 1729 502 1812 indulgentia
533 1729 684 1792 deorum
712 1743 863 1809 semper
890 1730 1087 1807 exonbnit,
1119 1746 1190 1811 quo
1219 1727 1319 1808 (eodd.

258 1833 366 1916 qnod)
388 1834 463 1896 tam
494 1834 724 1916 scrupulosa
756 1852 847 1898 eure
878 1834 1037 1916 parvula
1065 1850 1213 1917 quoque
1241 1851 1326 1898 mo-

257 1939 386 2002 mente
432 1938 640 2022 religionis
681 1939 890 2003 examinari
933 1939 1122 2005 videntur.
1179 1939 1320 2004 Primum

258 2062 385 2109 eornm
406 2063 468 2108 non
490 2044 594 2122 habet,
627 2059 695 2127 qno·
712 2043 872 2123 referatur,
894 2064 994 2129 neque
1014 2047 1137 2111 omnino
1170 2045 1208 2110 de
1230 2046 1326 2110 oertis

259 2147 441 2233 quibusdam
478 2149 543 2226 dis,
586 2149 642 2214 sed
677 2152 816 2216 universe
851 2152 893 2215 de
926 2151 1068 2218 omnibus
1100 2151 1165 2234 (qni
1200 2151 1326 2234 quidem

258 2256 366 2321 Remea
385 2251 573 2334 colebantur)
596 2255 718 2324 dieitur.
770 2256 971 2322 scribendum
998 2257 1110 2340 igitur:
1143 2257 1327 2340 pertinen

124 2377 127 2384 ’
258 2363 409 2424 deorum
442 2361 688 2446 indulgentie
719 2381 866 2445 semper
894 2363 1085 2428 excubuit
1129 2363 1212 2442 (Vid.
1245 2363 1326 2428 infra

139 2481 144 2489 ·
177 2551 186 2567 ι
258 2468 299 2533 ad
309 2463 361 2546 Vl,
375 2468 405 2546 2,
417 2467 460 2547 3.)
485 2467 677 2534 Genetivoln
701 2487 833 2532 eorum
856 2472 998 2551 corrupto
1011 2469 1150 2534 additum
1162 2470 1211 2534 est
1233 2469 1328 2534 deo-

257 2591 346 2638 rnm.
368 2573 434 2657 [Sin
445 2573 612 2660 Veratius]
640 2577 721 2641 Tum
736 2591 807 2640 vero
828 2575 900 2639 terri
922 2575 1028 2658 nequit
1043 2576 1149 2640 nudus
1171 2573 1328 2640 ablativus

257 2697 337 2762 quo,
362 2681 537 2746 oonieoturn
558 2681 694 2763 Kompfii
729 2681 859 2762 positos,
892 2683 925 2746 in
957 2683 1020 2746 bis:
1057 2699 1126 2764 qno
1154 2679 1269 2763 (imp.)
1287 2682 1323 2744 t.

257 2774 325 2850 ae'r.
349 2787 406 2850 oet.
449 2787 514 2851 Ant
534 2787 707 2869 praepositio
740 2785 881 2852 addenda
912 2787 961 2851 est
984 2788 1035 2863 (in
1058 2791 1141 2869 qno)
1174 2787 1228 2850 eut
1250 2803 1321 2852 oum

257 2889 403 2956 Turranio
427 2892 639 2956 seribendum:
662 2891 758 2975 quod
861 2891 1078 2958 examinare
1100 2891 1263 2957 videtur.

357 2996 423 3060 Ibd.
448 2997 485 3058 11
508 2998 562 3076 (do
583 2995 678 3062 Fabio
700 2997 890 3075 Dorsnone):
924 2999 960 3062 in
981 2997 1220 3078 Quirinalem
1243 2997 1323 3076 ool-

256 3099 330 3168 le'm
360 3103 556 3185 pervenit;
589 3103 652 3168 nbi
685 3104 859 3168 omnibns
891 3103 1070 3170 sollemni
1102 3122 1207 3169 more
1234 3121 1328 3184 per-

257 3208 369 3283 eatis,
402 3211 438 3273 in
461 3207 694 3290 Capitolium
713 3211 879 3292 ‘proptor
907 3207 1074 3274 divinem
1104 3209 1330 3275 veneratio--

256 3333 339 3378 uem
366 3313 588 3380 victricium
614 3333 802 3381 armornm
824 3315 981 3399 perinde
1003 3334 1046 3380 ao
1073 3317 1203 3381 vieto'r
1240 3309 1323 3378 red·

160 3450 164 3456 ·
255 3421 310 3486 iit.
360 3421 396 3484 In
425 3419 526 3486 eodiee
558 3438 618 3486 non
651 3423 699 3487 est
731 3441 781 3486 ae.
840 3422 968 3485 Prorsus
1000 3438 1094 3503 preve
1122 3420 1331 3486 veneratio,

257 3525 477 3590 victricium
499 3545 688 3592 armornm
712 3528 750 3591 de
772 3527 939 3592 viatoribus
953 3525 1083 3592 Fabium
1105 3525 1323 3591 venerantibus
1349 3565 1353 3578 ·

256 3629 389 3714 ponitur,
410 3650 468 3698 nee
487 3631 589 3696 minus
611 3651 705 3715 prave
725 3633 838 3698 dieitur
860 3631 972 3697 Fabius
1005 3633 1167 3714 propter
1186 3631 1331 3699 divinam.

256 3736 483 3803 venerationem
524 3739 650 3804 r'ediase.
702 3743 749 3804 Ao
779 3739 922 3804 turbatur
953 3738 986 3802 in
1021 3742 1178 3820 propter
1213 3728 1330 3822 ipen„

256 3843 366 3908 deinde
386 3861 404 3908 e
426 3846 612 3910 correctione
635 3832 718 3928 p‘p).
770 3843 910 3909 Valerios
933 3844 1114 3926 seripserat:
1150 3845 1186 3908 in
1210 3843 1332 3928 capi*

255 3949 393 4014 telium
410 3969 531 4034 prope
561 3950 691 4015 diviua
723 3950 979 4014 veneratione
1008 3949 1051 4029 (h.
1079 3969 1106 4017 e.
1129 3949 1228 4016 Gallis
1250 3967 1322 4015 enm

255 4075 350 4140 prope
392 4061 428 4121 ut
459 4055 551 4119 deum
589 4055 834 4134 venerantibus),
875 4053 1096 4120 vietrieinm
1134 4071 1330 4124 armorum
