2918 4652
309 289 369 351 m
660 285 943 356 mmmm

267 490 408 555 Mercarii
441 487 580 568 exemplo
610 489 701 549 utens
733 484 880 562 (nondum
910 485 1010 556 enim.
1044 503 1113 550 curn
1143 485 1203 550 hoc
1232 485 1334 549 iacere
1437 541 1438 560 ,

266 595 381 677 incepi,
416 591 569 660 Gerlachii
602 594 633 656 et
654 591 759 655 Rotlrii
781 590 952 672 prodierat)
985 609 1057 668 nec,
1092 591 1166 674 qnid
1188 591 1242 656 alii
1263 593 1335 673 post

266 701 451 765 Mercerinm
476 700 538 763 iarn
561 698 751 774 effecissent,
787 699 969 780 anquirens‚
1001 703 1033 762 et
1054 717 1121 782 quoe
1141 699 1174 762 in
1196 699 1335 761 mentem

268 811 427 878 venerunt,
461 806 491 870 in
514 803 704 888 marginibus
726 787 927 878 annotabam,
961 821 1055 886 eaque
1075 804 1195 868 ratione
1218 803 1334 869 sensim

267 915 366 978 toturn
394 912 506 977 librum
535 911 730 992 pertractavi.
774 907 892 974 Deinde
913 909 1063 991 paulatim
1085 929 1155 974 cum
1178 908 1336 974 Gerlachii

268 1018 441 1101 Rothiique,
475 1017 649 1099 nuperrime
671 1019 774 1080 autern
800 1015 893 1080 etiarn
918 1013 1107 1092 Quicheratii
1130 1015 1214 1092 (Par.
1241 1013 1335 1091 1872)
1418 1065 1420 1070 ,

267 1122 433 1188 editionem
466 1117 676 1206 compararem
710 1123 742 1186 et
773 1139 876 1186 eorum
911 1122 1021 1197 libros,
1064 1122 1117 1204 qui
1148 1123 1337 1203 scriptorum

267 1230 441 1312 fragmenta
462 1221 559 1311 nuper
579 1229 777 1312 collegerunt,
800 1245 859 1292 non
880 1247 954 1292 sane
970 1227 1060 1292 huius
1075 1229 1164 1293 nnius
1182 1229 1226 1291 rei
1243 1245 1339 1292 cansa

267 1335 492 1419 inspicerem,¹)
527 1335 673 1399 maiorem
704 1337 823 1415 partem
855 1352 969 1410 eorum,
1003 1353 1070 1417 qure
1104 1337 1340 1408 annotaveram,

154 1449 158 1457 '
268 1442 378 1510 delevi.
400 1443 553 1524 pleraque,
577 1440 657 1524 quod
672 1442 826 1522 precepta
842 1442 897 1503 aut
910 1438 1029 1522 pridem
1045 1442 1099 1504 aut
1120 1459 1217 1522 nuper
1238 1442 1342 1514 erant,
1437 1437 1438 1502 l

268 1548 417 1631 quaedam,
450 1546 529 1631 qnod
551 1547 679 1611 meliora
704 1546 743 1610 ab
765 1546 834 1612 aliis
855 1547 981 1612 inventa
1002 1545 1155 1612 videbam.
1222 1545 1339 1628 Super·
1425 1567 1429 1578 ·

269 1658 341 1720 sunt
373 1653 604 1719 emendationes
635 1671 733 1734 neque
765 1651 855 1716 valde
888 1652 994 1716 multae
1017 1655 1049 1716 et
1069 1650 1208 1733 quaedam
1234 1651 1341 1714 minue

269 1761 408 1843 gravium
427 1760 599 1834 vulnerum,
621 1777 697 1840 quas
719 1760 823 1821 tamen
846 1757 904 1822 hoc
926 1761 1061 1822 entremo
1083 1758 1148 1822 loco
1172 1757 1342 1822 excluden-

271 1867 397 1930 dasnon
413 1868 498 1948 puto.
532 1864 591 1928 Sed
614 1866 779 1946 antequam
801 1883 852 1928 eas
874 1863 1000 1946 profero,
1023 1863 1238 1948 corrigendum
1262 1863 1341 1928 mihi

272 1991 331 2037 non
355 1973 421 2036 sine
443 1972 556 2054 pudore
571 1973 628 2042 est,
651 1969 729 2052 quod
752 1971 810 2034 vol.
832 1969 848 2032 I
870 1989 899 2051 p.
915 1969 984 2046 152,
1007 1989 1077 2034 curn
1100 1969 1230 2052 Turpilii
1252 1970 1343 2054 frag·

271 2083 410 2143 mentum
422 2077 504 2159 apud
516 2076 645 2140 Nonium
657 2095 688 2156 p.
701 2074 760 2137 281
772 2076 903 2156 positum
929 2075 1060 2160 alioquin
1085 2080 1168 2141 reete
1191 2076 1343 2140 emendu-

271 2201 348 2259 rem,
370 2183 456 2266 gravi
477 2181 666 2265 negligentia
687 2185 847 2263 peccatum
871 2183 945 2246 est·
984 2181 1065 2246 Nam
1089 2182 1161 2248 dum
1185 2181 1341 2247 festinans

269 2289 360 2354 etde
396 2288 468 2352 solis
500 2288 602 2352 verbis
634 2288 848 2369 sententiaque
882 2287 1019 2369 cogitans
1051 2288 1152 2352 locum
1185 2286 1339 2360 describo,

267 2394 381 2459 oblitus
416 2411 495 2472 snm,
530 2393 609 2476 quod
643 2393 815 2457 iaciendum
849 2393 942 2458 simul
975 2411 1044 2458 cum
1073 2395 1144 2474 ipsa
1172 2394 1340 2458 verborum

268 2500 480 2566 emendatione
510 2503 743 2575 adnotaveram,
780 2517 923 2563 versuum
946 2505 1063 2565 rectam
1087 2499 1218 2564 sormam
1244 2501 1342 2565 resti-

267 2611 362 2671 tuere.
416 2605 491 2684 Quae
514 2607 594 2670 enim
626 2607 657 2670 in
689 2607 752 2670 tres
782 2607 916 2670 senarios
950 2605 1163 2670 vitiosissimos
1187 2605 1340 2671 distribu-

268 2715 370 2788 untur,
393 2713 510 2778 duobus
535 2713 670 2777 versibus
686 2711 848 2776 octonariis
871 2729 941 2774 cnm
964 2713 1050 2793 parte
1071 2712 1157 2776 tertii
1179 2714 1341 2777 constant:

916 2817 1005 2881 Forte
1028 2834 1063 2880 eo
1085 2816 1134 2880 die

312 2925 491 2989 Meretrices
513 2921 552 2986 ud
574 2941 624 2986 me
647 2923 684 2986 de
707 2923 865 2986 vicinitate
887 2923 996 3006 aliquae
1018 2924 1225 2988 convenerant

311 3031 565 3112 condixerantque
588 3047 702 3092 caenam
724 3033 806 3112 apud
829 3049 887 3101 me,
911 3029 1006 3092 Thais
1029 3030 1120 3111 atque
1144 3029 1295 3106 lllrotinm,

312 3135 485 3218 Antiphilu,
507 3134 683 3218 Pythias.²)

247 3372 250 3378 ’
298 3357 319 3424 ¹)
338 3355 496 3426 Comparari
513 3357 676 3412 scenicorum
695 3363 834 3428 poetarum
853 3344 1006 3428 fragmenta
1022 3377 1039 3414 a
1056 3357 1205 3414 Ribbeckio
1224 3359 1338 3414 collecte
1403 3397 1408 3409 .

338 3450 512 3520 (magicorum
539 3451 686 3506 editionem
712 3451 847 3518 alterurn),
874 3451 956 3506 Ennii
974 3469 990 3506 a
1008 3453 1156 3517 Vslrlenio,
1184 3454 1213 3508 in
1232 3453 1335 3510 Lucilio

339 3542 532 3600 Franckeninrn
545 3545 828 3610 conuenturum,
846 3546 875 3598 in
885 3545 1004 3602 Varrone
1013 3545 1184 3611 Vahleuiurn,
1205 3547 1334 3612 Rieeinm,

338 3636 367 3690 in
385 3635 572 3696 hmtoncorum
591 3637 752 3708 manerem
772 3638 906 3696 Pelorum.

297 3727 319 3794 ²)
336 3729 369 3782 In
398 3731 503 3800 rulguri
530 3748 655 3786 versuum
678 3731 856 3801 descriptione
883 3733 1000 3800 primns,
1032 3735 1063 3786 ut
1089 3733 1214 3803 omittam
1246 3732 1333 3802 quarti

338 3819 413 3890 pedis
432 3824 531 3878 vitium
549 3828 657 3894 propter
674 3824 800 3880 mendum
818 3825 989 3890 lenitate,
1020 3828 1068 3880 aut
1086 3825 1191 3895 syllaba
1210 3825 1332 3880 deficitur

339 3915 387 3966 sut
412 3913 556 3970 immanem
588 3915 693 3971 hiatum
718 3915 814 3983 habet,
851 3917 919 3970 alter
946 3921 1093 3972 extremm
1119 3917 1214 3987 pedem
1243 3915 1331 3987 apud

339 4021 400 4071 me,
437 4007 466 4060 in
493 4009 575 4063 tertio
602 4009 706 4064 Thais
734 4009 850 4078 priorem
881 4008 964 4064 habet
993 4009 1108 4075 brevem,
1144 4010 1331 4080 Antiphilu

309 4159 311 4163 ¹
338 4099 518 4167 penultimum
536 4101 666 4169 longam·
