3018 4634
296 221 369 286 252'
655 220 788 278 nium
808 218 873 290 Osp.
881 218 936 276 111,

253 419 304 486 hio
332 438 358 485 o.
391 419 431 482 56
456 439 518 485 non
544 421 677 487 tolerata
699 438 718 485 a
738 421 915 486 Vasoosano
948 417 1119 500 notamque
1151 414 1319 482 editoribus

254 528 303 593 ost
323 526 460 610 prauitas
481 526 704 610 praepositiouis
725 526 863 607 (abioi),
895 542 933 590 eo
951 523 1103 590 toleratur
1124 522 1162 590 B.
1185 521 1250 588 Cio.
1274 519 1318 601 ΙΙ,

255 632 306 710 34,
329 632 393 710 ubi,
426 633 653 716 prinsquam
674 634 796 698 telum
816 630 923 694 abies·
943 630 1076 713 posset
1101 629 1169 694 sut
1190 627 1321 694 nostri

253 739 417 823 propius
452 739 706 814 secederent,
743 739 844 806 omnis
865 737 940 803 Vari
961 735 1041 802 unies
1069 736 1160 818 terga
1191 734 1321 801 vertum

254 845 377 924 dieitur,
419 844 510 927 plane
541 844 689 924 ridieule;
727 863 801 910 nam
836 842 967 910 abiioere
998 841 1097 908 telum
1133 841 1211 918 (sins
1245 859 1320 908 usu:

253 951 445 1034 wegwerlen)
482 950 596 1034 ubique
627 951 710 1026 lieet,
747 969 846 1034 nequo
880 950 945 1014 eius
976 949 1019 1016 roi
1043 951 1162 1014 eertum
1195 948 1320 1030 tompus

253 1075 434 1122 mensurare
455 1059 513 1124 est
546 1056 608 1123 Sed
630 1059 662 1123 et
682 1057 731 1122 his
753 1055 871 1122 duobus
892 1049 970 1122 loeis
992 1055 1026 1119 et
1046 1055 1156 1120 eotems
1178 1055 1321 1120 omnibus

252 1162 477 1229 restituendum
496 1165 549 1229 est
569 1164 635 1229 sina
655 1164 720 1229 nlla
741 1162 932 1228 dubitatione
963 1159 1085 1245 adigi,
1117 1161 1149 1226 in
1173 1180 1233 1244 quo
1256 1160 1321 1226 solo

253 1270 345 1335 verbo
379 1270 529 1354 (adipes)
564 1270 665 1336 inesse
697 1289 777 1346 eam,
813 1287 906 1352 quam
942 1286 1036 1352 supra
1069 1267 1168 1351 posui,
1199 1266 1319 1349 signifi·

253 1375 424 1454 ontionem,
457 1394 528 1442 oum
561 1375 695 1440 odium
725 1376 764 1442 de
790 1374 928 1442 ieeiondo
959 1373 1161 1440 nundinetur
1190 1372 1252 1438 nisi
1281 1371 1319 1438 do

252 1481 332 1546 oeuli
353 1481 392 1547 ul
413 1481 530 1567 aliquid
547 1483 749 1549 -oouversions
771 1499 918 1548 manusve
947 1479 1156 1564 impositione,
1184 1480 1212 1546 si
1240 1479 1319 1544 nihil

251 1587 345 1662 aliud,
379 1587 479 1654 solum
500 1589 697 1671 participium
729 1589 857 1652 adactus
889 1585 1000 1652 dooere
1020 1586 1137 1669 potest,
1171 1603 1253 1668 saepo
1275 1585 1313 1652 do

252 1713 325 1760 ense
348 1695 446 1760 aliave
469 1713 512 1760 ue
545 1695 684 1760 eominus
716 1694 748 1758 vi
780 1693 814 1757 in
846 1711 956 1776 eorpus
987 1692 1129 1758 immissa
1162 1694 1194 1758 et
1224 1711 1319 1775 pene·

253 1802 366 1876 trente,
400 1800 455 1866 sed
479 1819 540 1866 non
561 1801 663 1866 minus
684 1799 724 1866 de
744 1800 816 1866 telo¹
836 1817 853 1864 a
875 1798 1041 1884 longinquo
1061 1797 1158 1866 misso
1179 1798 1315 1880 positum

105 1871 108 1876 .
250 1910 298 1986 (ut
327 1907 407 1991 apud
429 1905 600 1990 Vergilium
629 1907 698 1972 AEn.
720 1906 798 1981 XII,
831 1903 894 1970 320
924 1904 1122 1990 insugula),
1157 1908 1190 1970 et
1214 1905 1319 1988 adepte

251 2014 332 2096 apud
354 2011 525 2097 Vergilium
557 2013 610 2086 Vl,
645 2011 707 2078 594
739 2011 777 2076 de
809 2011 931 2078 homino
963 2029 1019 2094 per
1045 2029 1118 2078 oona
1144 2010 1316 2094 torquendo

250 2119 462 2203 mittendoque
494 2118 561 2196 (eir.
584 2119 638 2196 IV,
667 2119 738 2198 25);
772 2117 963 2203 significatur
984 2118 1067 2184 enim
1081 2117 1203 2184 omniuo
1224 2117 1317 2184 vohe-

251 2243 339 2292 mens
360 2223 512 2291 inuitandi
528 2226 560 2290 et
580 2225 778 2307 promovendi
796 2226 842 2292 vis
865 2224 1007 2303 (nornen,
1029 2223 1269 2290 hinointreibsn.
1282 2271 1311 2290 ..

249 2329 455 2410 forttreiben).
489 2329 618 2396 Summa
632 2329 808 2396 litterarum
830 2351 847 2392 o
868 2333 900 2396 et
919 2337 950 2414 p
962 2331 995 2395 in
1016 2331 1144 2412 antiqua
1165 2329 1319 2412 seripoms

250 2437 420 2502 similitudo
442 2437 556 2512 effeoit
589 2439 624 2502 ut
646 2437 741 2504 otiam
763 2435 914 2500 arbiorum
934 2435 1055 2500 ausam
1074 2455 1130 2520 pro
1153 2423 1197 2512 eo,
1236 2436 1317 2519 quod

250 2543 300 2610 ost
330 2543 463 2627 adipem,
496 2541 682 2609 annueretur
713 2542 745 2607 in
779 2540 921 2608 omnibus
954 2540 1110 2608 Oiooronis
1144 2543 1316 2625 topicorum

251 2647 407 2716 oodioibus
428 2647 450 2734 ξ
468 2648 526 2716 43.
568 2650 743 2715 Permirum
768 2651 827 2722 ost,
852 2646 1082 2714 rooentissimos
1103 2649 1226 2716 Sensoae
1246 2649 1316 2733 phi·

248 2753 885 2838 losophieditoresdevit.·beutao.19‚3
907 2753 1041 2820 edidisse
1067 2755 1200 2821 elavos
1230 2773 1318 2820 suos

238 2859 331 2943 ipse
363 2859 503 2936 alioit3
528 2879 601 2926 nam
634 2861 672 2926 ds
693 2861 788 2926 oloris
814 2859 1033 2944 stipitibusque
1054 2862 1086 2926 et
1106 2861 1258 2926 similibus
1285 2859 1317 2928 vi

250 2965 394 3049 urgendis
416 2967 449 3031 et
471 2967 563 3032 ultim
585 2965 800 3049 imprimendis
827 2966 951 3050 adipem
970 2965 1219 3052 frequentissima
1255 2954 1316 3032 lieu·

249 3071 347 3137 lenies
381 3072 491 3138 (locent
512 3073 604 3157 (apud
625 3074 726 3156 ipsum
749 3071 897 3140 Saneoam
930 3071 1070 3156 exempla
1102 3073 1176 3140 sunt
1204 3073 1242 3139 de
1269 3073 1317 3138 irs

249 3177 276 3255 Ι,
299 3177 329 3256 6,
353 3179 382 3257 1,
407 3179 496 3261 epist.
517 3176 547 3253 4,
587 3176 608 3240 4
642 3175 746 3252 et14,
773 3178 849 3244 oet
871 3177 922 3256 70,
955 3178 1019 3259 25),
1048 3173 1179 3244 odium
1199 3178 1316 3262 longis·

223 3341 226 3346 A
249 3283 327 3348 sima
359 3283 432 3348 hino
463 3285 614 3350 remotum
648 3287 705 3350 est.
757 3284 806 3350 Ne
826 3284 911 3369 apud
931 3283 1110 3352 Oieeronem
1131 3285 1257 3368 quidem
1279 3283 1316 3348 ua

250 3387 331 3472 legg.
353 3389 396 3467 ΙΙ,
418 3389 457 3452 61
480 3389 640 3456 ferendum
663 3393 724 3456 est:
753 3391 908 3456 bustum
930 3393 1089 3474 propios
1110 3390 1317 3474 sexaginte

248 3495 369 3578 podes
407 3495 513 3562 adini
543 3496 645 3562 aeolos
680 3496 846 3575 alienas,
879 3491 960 3580 qood
995 3497 1089 3566 stiam
1121 3496 1315 3563 aecusativus

249 3601 388 3671 adisetus
410 3603 523 3687 arguit,
546 3601 801 3686 seribendumque
823 3604 919 3686 adipi,
954 3603 1035 3686 qnod
1068 3602 1106 3670 do
1127 3601 1317 3668 admovendo

250 3727 310 3773 non
333 3727 402 3774 raro
429 3709 544 3774 dieitur
564 3711 597 3775 at
626 3709 834 3776 aoeuativuu
866 3709 912 3776 rei
939 3727 1125 3793 personare,
1152 3709 1192 3774 ad
1220 3725 1314 3792 quarn

249 3815 322 3897 quid
346 3813 537 3892 admovetur,
558 3815 692 3882 asoiseit.
727 3815 880 3892 (Ridieule
898 3812 1313 3890 reseruassemus&

97 3931 100 3936 ·
197 3970 199 3974 ,
248 3919 414 4000 ubitnrn‘s,
437 3922 564 3987 flamma
582 3921 772 4006 aliquamdiu
785 3922 1094 3997 intermissasslneta
1114 3921 1236 3996 dieitur,
1257 3920 1314 3987 hoo

248 4026 482 4106 maurellum
495 4028 628 4101 admota,
650 4026 796 4094 inlexiois
810 4029 933 4111 ponitur
945 4026 1112 4114 stammam
1139 4031 1218 4092 omos·
1239 4028 1309 4094 odi-
