2918 4652
295 287 357 349 644
666 285 912 356 renumerare

217 543 219 550 ,
252 488 386 554 Zenobia
398 504 469 551 rere
483 483 647 565 imperium
663 486 803 568 gesserit,
826 485 880 550 sed
897 485 1099 566 ineptissime,
1122 488 1196 570 quid
1219 487 1320 554 tacere
1441 479 1442 544 1

253 594 420 676 potuissem
452 609 594 674 perverse
615 590 710 656 etiam
732 591 799 672 ipsa
819 589 946 672 vaginis
969 591 1093 656 nomine
1117 593 1320 676 significatur,
1353 641 1356 651 .

110 717 113 722 ·
253 699 384 766 Odenati
407 699 499 764 vidua
521 699 609 761 etex
632 714 668 760 eo
690 697 801 778 saepius
824 699 932 762 mater.
977 697 1138 776 (Prasiora
1159 697 1225 762 hac
1247 697 1320 763 iecit

252 805 423 872 Salmasius
447 803 571 885 neuque
593 801 706 866 indicia
728 803 871 872 sustulit,
896 803 1076 870 fortibus
1099 807 1221 886 atque
1244 804 1319 870 sol-

253 912 429 977 lertibns
451 909 611 982 scribens.)
634 908 755 973 Accidit
777 909 834 982 hic,
857 907 937 992 qnod
959 909 991 980 in
1013 907 1162 974 Alexand.
1186 909 1255 974 Ser.
1278 910 1319 974 48

254 1017 401 1082 accidisse
423 1015 565 1085 vidimus,
589 1018 624 1078 ut
645 1014 737 1078 rerba
759 1014 899 1097 quadam
922 1015 1057 1096 primurn
1080 1032 1180 1079 errore
1202 1016 1320 1082 omissa

254 1125 325 1205 post
344 1123 444 1188 alieno
465 1121 532 1185 loco
554 1122 831 1202 interponerentur.
881 1120 963 1186 Nam
996 1139 1063 1203 quae
1096 1121 1135 1184 ad
1167 1121 1246 1185 banc
1281 1121 1318 1186 de

253 1227 387 1292 Zenobia
419 1228 604 1292 uertentium
628 1225 847 1298 absolvendam
869 1226 1041 1309 pertinent,
1055 1293 1059 1302 ,
1075 1228 1218 1309 quattuor
1248 1231 1320 1309 post

252 1333 389 1399 versibus
422 1314 566 1416 leguntur
597 1334 704 1398 contra
739 1332 898 1415 scriptoris
933 1335 1067 1397 mentem
1102 1332 1141 1396 de
1177 1331 1319 1400 Gallieno

252 1439 351 1504 uicta:
379 1439 564 1504 sollertis
586 1437 785 1520 principis
807 1457 881 1502 rem
904 1439 1085 1521 gerebat,
1107 1457 1204 1531 pruna*
1223 1439 1319 1504 etiam

253 1547 389 1611 emtione
403 1562 457 1627 pro
480 1544 691 1610 sollerter.
735 1543 778 1608 lis
794 1545 937 1610 retractis
952 1544 1024 1623 (nisi
1039 1545 1118 1628 qnod
1140 1544 1318 1609 sollertis

252 1670 288 1716 er
309 1649 522 1716 sollertius
543 1653 644 1714 omnm
667 1651 738 1731 est),
761 1647 900 1716 adhibita
914 1650 977 1716 leni
992 1650 1096 1716 mendi
1117 1652 1148 1716 in
1171 1669 1318 1734 queque

165 1839 166 1844 ἵ
252 1757 408 1824 manifesti
433 1756 629 1830 correctione,
663 1755 801 1820 nascitur
822 1755 939 1836 optima
963 1759 994 1820 et
1015 1758 1100 1822 certa
1120 1756 1179 1822 loci
1200 1757 1317 1822 forme:
1441 1803 1442 1870 p

252 1862 321 1928 sed
343 1882 417 1929 non
438 1861 567 1928 solum
589 1859 786 1933 Gallieno,
810 1860 1009 1946 [paeana]
1034 1883 1189 1947 panaque
1211 1864 1317 1946 virge
1441 1881 1442 1904 ¹

253 1969 399 2050 melius
421 1969 617 2050 imperare
644 1967 861 2048 potuisset,
885 1968 1155 2036 verumetiam
1177 1968 1317 2032 multis

250 2073 562 2157 imperatoribus
584 2072 727 2138 lortius
750 2076 864 2155 atque
887 2073 1089 2138 sollertius
1106 2074 1318 2157 principis

252 2191 329 2241 rem
350 2179 522 2262 parebat.
581 2177 785 2244 Gallienus
808 2197 912 2252 sane,
956 2178 1016 2244 ubi
1040 2179 1075 2242 ei
1098 2178 1315 2244 nuntiatum

253 2289 357 2362 (esti)
400 2284 620 2350 Odenatum
641 2283 931 2366 interemptum„
953 2283 1096 2348 bellum
1120 2285 1250 2350 Persis
1273 2284 1316 2350 ad

235 2410 374 2456 ¹seram
398 2391 519 2456 nimis
541 2381 755 2456 vindictam
785 2391 908 2472 patris
933 2389 1095 2472 pararit
1122 2389 1316 2454 collectis

252 2499 356 2581 (uulgo
378 2497 665 2578 collectisque,
702 2494 807 2560 addito
830 2515 898 2578 que
931 2498 1001 2578 pest
1031 2496 1315 2577 transpositionem)

208 2667 211 2674 .
251 2603 645 2686 perHeraelienum
670 2599 808 2666 ducem
839 2600 1058 2672 militibus,
1097 2601 1166 2683 qni.
1191 2601 1318 2668 tamen

222 2774 224 2780 .
251 2709 517 2775 Heraclianus
551 2711 609 2774 cet.
674 2705 759 2789 (Gap.
784 2707 822 2768 17
845 2706 996 2772 contrario
1018 2724 1119 2772 errore
1142 2707 1202 2772 duo
1225 2708 1319 2774 verba

184 2861 185 2864 ,
250 2835 318 2882 cum
348 2815 467 2898 syllaba
499 2814 582 2878 tertii
618 2814 706 2898 [nec
739 2812 872 2878 defuit
904 2811 977 2896 An]
1013 2830 1049 2877 er
1077 2812 1221 2878 inferiore
1250 2813 1316 2880 loco

249 2923 401 3004 precepta
423 2922 504 3008 sunt,
526 2939 617 3004 quem
641 2937 774 2984 errorem
799 2919 968 2984 salmasius
990 2917 1145 3001 correxit.)

273 3051 274 3058 ¹
311 3105 312 3110 .
350 3027 490 3109 Triginta
512 3028 571 3110 tyr.
602 3026 639 3090 4:
683 3027 841 3107 epatre
867 3024 1094 3107 appellatus
1120 3022 1251 3090 Casar
1277 3043 1317 3088 ac

250 3131 432 3215 deinceps
452 3131 490 3195 in
514 3131 596 3197 eins
618 3131 759 3196 bonore
782 3131 989 3214 Augustus.
1034 3129 1238 3196 scribendum
1250 3149 1317 3198 esse

249 3237 288 3300 in
312 3237 395 3303 eins
419 3235 603 3300 docorem
625 3237 1000 3314 (eiusbonoraudicausa,
1023 3239 1057 3301 ut
1077 3235 1162 3303 Galli
1183 3237 1318 3318 loquun-

248 3344 316 3408 tur:
362 3361 400 3408 eu
433 3341 526 3426 egard
559 3343 597 3407 de
628 3343 687 3424 lui)
732 3343 808 3408 satis
840 3343 962 3408 constat
995 3359 1032 3406 er
1064 3341 1119 3419 iis,
1152 3361 1219 3426 quae
1256 3341 1319 3408 dixi

116 3493 117 3496 =
168 3471 171 3478 ’
248 3467 352 3532 opusc.
370 3449 428 3532 Ip.
447 3447 506 3514 168
528 3448 611 3517 med.
631 3448 798 3526 (addval.
815 3449 895 3514 Max.
912 3449 965 3525 IV,
987 3448 1017 3526 8,
1041 3448 1071 3522 2,
1095 3447 1131 3526 V,
1153 3447 1183 3526 2,
1208 3449 1235 3524 l,
1262 3448 1318 3525 VI,

248 3555 368 3635 5113,
402 3554 509 3620 Senec.
532 3565 578 3636 ep.
602 3553 652 3630 65,
682 3551 736 3628 22,
766 3554 805 3618 ad
825 3554 933 3638 Polyb.
955 3554 985 3630 3,
1020 3556 1048 3626 1,
1082 3554 1119 3620 de
1140 3554 1239 3620 benef.
1262 3555 1318 3633 IV,

248 3661 290 3725 30
311 3661 391 3738 init,
421 3661 458 3736 V,
484 3661 531 3734 19,
564 3661 594 3739 8,
631 3659 708 3724 Pliu.
735 3661 810 3724 ruia.
835 3679 882 3743 ep.
907 3661 977 3736 Vll,
1012 3661 1076 3737 24).
1141 3659 1229 3740 Quod
1250 3660 1316 3725 ibd.

247 3787 277 3850 p.
302 3767 361 3830 169
394 3767 481 3850 posui
513 3767 611 3832 tribus
637 3766 784 3849 exemplis
814 3766 971 3832 firmatum
1004 3751 1049 3832 iu
1077 3766 1206 3831 odium
1241 3767 1318 3830 ali-

184 3903 186 3912 ·
248 3874 372 3952 cuius,
396 3874 460 3937 eius
483 3870 542 3937 tria
564 3871 626 3936 alia
648 3872 760 3938 addam
777 3891 813 3936 er
832 3873 880 3937 his
902 3873 1109 3954 scriptoribus,
1132 3872 1164 3936 iu
1188 3871 1317 3938 Maxim.

249 3978 339 4044 duob.
365 3975 402 4040 13
425 3981 456 4056 et
484 3978 532 4042 14.
566 3977 639 4062 trig.
662 3981 720 4062 tyr.
747 3977 796 4038 ⁴22.
851 3977 939 4073 Infra¹
956 3977 1011 4042 hoe
1032 3977 1098 4062 ipso
1119 3977 1197 4042 libro
1232 3977 1317 4062 (trig.
