2918 4636
618 295 725 351 Senem.

344 493 472 577 lenique
494 493 638 577 amplexu
659 491 771 576 frigida
791 503 896 574 presso

342 617 416 665 sera
437 599 580 684 fatigent.
630 597 711 678 Quos
733 597 855 664 liberior

344 705 452 770 domus
474 707 554 770 eluto
576 689 702 770 eustode
723 703 806 778 sinit,

343 811 449 894 petitis
471 812 571 877 fontes
592 810 747 892 aliturque
766 811 835 876 sitis

342 917 434 982 lebino
455 917 585 1000 ingesto.

140 1019 243 1090 Proin
264 1023 389 1088 omniuo
413 1022 525 1106 (magis
552 1021 663 1098 etium,
692 1021 719 1086 si
740 1023 843 1088 totum
864 1039 988 1088 oermsn
1010 1039 1208 1106 oompnrnve·

23 1157 27 1171 ·
142 1129 198 1208 rie)
219 1127 356 1195 seeundo
381 1145 512 1211 persone
532 1126 619 1193 verbi
636 1127 749 1211 petitio.
798 1126 860 1192 Sed
880 1128 1014 1209 primunr
1031 1129 1207 1211 interpunc-

143 1235 189 1300 tio
211 1233 406 1300 emendenda
429 1235 473 1299 sio
494 1237 557 1298 est:

343 1341 471 1422 Iamque
493 1339 635 1421 enrpleru
655 1338 768 1423 frigide
790 1356 896 1421 presso
960 1360 965 1366 '

346 1464 418 1510 sene
440 1445 582 1528 fatigent,
603 1463 679 1528 quos
701 1444 825 1510 liberior

344 1551 454 1616 domus
478 1551 558 1616 elato
580 1550 705 1618 custode
729 1549 813 1616 sinit.

141 1655 263 1724 Deinde
286 1657 495 1722 seribendum:

344 1761 425 1824 Petit
445 1772 476 1824 at
497 1762 598 1828 fontes
620 1761 770 1845 aliturque
793 1762 861 1828 sitis

345 1867 436 1932 letioe
459 1868 586 1952 ingesto.
900 1935 903 1944 ,

142 1974 208 2041 Alii
229 1993 304 2042 sare
324 1975 553 2056 amplectuntur
573 1971 703 2056 frigide,
738 1974 814 2040 elios
840 1975 908 2042 sitis
929 1974 971 2041 ud
993 1976 1094 2043 fontes
1117 1976 1207 2060 repit
1237 2031 1239 2037 ,

244 2080 312 2146 lbd.
335 2077 397 2143 286
418 2099 500 2162 sqq:
727 2156 729 2160 ¹

344 2186 389 2251 At
409 2205 472 2250 une
492 2185 618 2256 bimaris
640 2185 762 2269 Sisyphi
782 2186 881 2252 terras
903 2186 984 2266 odit3

346 2291 457 2356 Olenia
478 2292 509 2355 in
533 2310 605 2356 arra
627 2291 736 2356 tertius
755 2293 871 2357 tremes
893 2311 968 2358 oeus

345 2397 480 2462 convelle
500 2415 626 2478 serpens
648 2396 750 2481 iungit
772 2399 911 2464 errantes
933 2417 1028 2483 squas

345 2503 542 2588 gelidumque
563 2501 682 2568 dirimit
704 2502 805 2568 omnis
829 2503 895 2570 ulei
917 2505 1040 2581 undum.

142 2611 194 2677 Sin
216 2611 336 2678 eodioes
358 2609 444 2683 boni,
467 2607 540 2671 Elei
560 2627 676 2674 omnes
720 2607 855 2690 (Peipori
876 2627 1020 2676 versuum
1041 2611 1210 2694 transposi-

141 2719 280 2792 ts'onem‚
315 2731 375 2800 que
410 2713 632 2788 nihilomnino
664 2716 879 2796 consequitur,
896 2715 971 2782 -nisi
1002 2718 1038 2781 ut
1071 2717 1211 2800 proniore

140 2824 246 2891 omnis
267 2821 376 2895 faeiat,
398 2820 534 2897 omitto).
573 2819 674 2902 ango
705 2818 749 2883 sie
778 2821 876 2887 oratio
902 2823 1148 2907 interpungitur,
1175 2826 1214 2912 ut

143 2930 238 2996 rerba
271 2927 378 2992 Olenia
406 2927 438 2988 in
465 2947 542 2988 arua
568 2943 690 3007 prorsus
721 2943 863 3008 peruerse
891 2927 930 2992 ed
963 2926 1090 3012 prpbr'
1114 2938 1211 2994 terrae

143 3034 324 3110 bahentm
346 3033 546 3100 menifestum
569 3033 626 3110 est,
648 3030 742 3098 tertio
762 3033 812 3098 via
827 3051 886 3116 quo
899 3033 989 3109 feret,
1010 3034 1048 3100 iir
1069 3034 1209 3101 indioeri.

142 3139 257 3202 Eleum
279 3139 395 3204 flumen
426 3159 462 3205 ex
488 3137 696 3204 remotissima
719 3139 922 3222 Peloponnesi
949 3146 1035 3224 perte
1064 3141 1123 3207 hoo
1144 3142 1210 3208 looo

143 3245 175 3310 in
198 3247 339 3314 mentem
361 3245 501 3330 scriptori
524 3243 627 3312 venire
648 3264 709 3310 uon
731 3235 876 3329 potuisse,
899 3249 1019 3312 eertum
1041 3249 1098 3314 est.
1149 3249 1211 3316 Sed

142 3351 290 3436 qnoniam
312 3351 489 3417 Oleniorum
510 3369 653 3417 errorum
679 3351 796 3417 mentio
823 3352 959 3419 ostendit
980 3371 1062 3434 eum,
1085 3354 1210 3422 eoniuss
1330 3365 1340 3374 “

143 3455 280 3523 locorum
302 3457 452 3542 imagine,
487 3457 568 3541 quod
588 3457 644 3522 illo
676 3457 768 3524 aetete
799 3458 916 3524 bomini
948 3460 1088 3526 Romano
1119 3460 1209 3528 fsoile

141 3561 283 3628 oeoidere
303 3564 410 3648 potuit,
434 3563 471 3628 ds
492 3563 608 3630 ditolie
629 3563 791 3648 rogitasse,
812 3565 934 3634 ridetur
954 3565 1110 3651 posuisse:

436 3670 535 3736 amnis
556 3669 661 3734 Eueni
683 3670 806 3738 vedum.

245 3774 313 3838 Ibd.
335 3774 397 3837 714
420 3793 485 3859 sqq.

566 3880 643 3946 (ΕΒ.
686 3881 831 3967 Quisquis
852 3884 884 3948 in
907 3885 996 3968 eulpa
1017 3883 1085 3963 fnit

344 3986 489 4052 dimissus
511 3987 575 4052 odit
595 4006 695 4067 omne,
715 3988 797 4072 quod
817 3989 945 4055 dubium
965 3990 1065 4073 putat.
