2938 4630
602 297 739 354 Horatius.
1116 299 1157 362 57

131 495 237 560 temen
261 493 370 560 Graeoo
390 494 529 576 exemplo
548 495 605 570 uti,
629 500 742 579 inquo
769 491 841 568 οἷος
863 495 918 560 tali
941 495 1062 580 generis
1084 497 1200 562 attene-

136 599 219 664 tione
250 618 269 663 a
302 617 357 666 sue
391 600 583 668 substantivo
623 601 787 677 enodatum
824 621 891 684 quae
924 602 951 668 si
972 601 1045 666 ferri
1067 621 1199 686 usquam

135 705 250 789 posset,
282 723 343 770 nnn
363 707 468 788 posset
502 707 606 772 tatum
643 707 675 772 iu
696 707 755 772 hoo
777 707 939 773 vernorum
960 707 1064 773 ordine
1087 708 1198 792 equina

134 809 249 895 puna.
306 810 369 876 Sed
405 811 526 877 oodiees
561 813 676 878 hubent
708 813 818 897 qualia.
869 812 1071 879 deridendum
1103 813 1200 899 igitur

132 914 333 998 simpliciter:

471 1023 581 1105 equine
601 1023 707 1107 qualia
727 1023 830 1090 ubera.

236 1129 294 1210 lap.
318 1128 347 1202 9,
371 1126 412 1189 23
433 1146 515 1211 sqq.:

388 1234 422 1298 lo
446 1234 626 1317 Triumphe,
649 1253 705 1300 nee
726 1233 906 1319 Iugurthino
927 1251 1033 1315 parem

488 1340 568 1406 bello
589 1341 753 1423 repoitasti
774 1341 896 1414 dudem,

389 1463 446 1510 nee
469 1445 662 1523 Affinannm,
684 1447 733 1511 eui
755 1465 846 1528 super
868 1443 1085 1528 Carthaginem

490 1551 589 1616 virtus
610 1552 784 1634 sepulerum
806 1551 953 1618 condidit.

237 1654 344 1737 Neque
376 1656 458 1718 reete
481 1653 665 1738 Iugurthino
687 1654 763 1720 belm
786 1657 818 1720 et
839 1656 1026 1741 Africanam
1049 1653 1203 1720 contraria

137 1763 300 1842 ponuntur,
322 1777 419 1842 neque
441 1760 504 1825 ullo
531 1763 621 1842 paeto
644 1761 725 1826 affini
746 1764 857 1844 potest,
881 1761 916 1826 nt
937 1759 1080 1826 Afrioano
1102 1760 1200 1826 virtus

135 1885 228 1948 super
264 1865 483 1949 Carthaginem
525 1867 698 1948 sepulerum
735 1867 908 1932 uendidisse
946 1868 1032 1932 recto
1069 1865 1200 1944 dioetur,

131 1972 216 2055 quod
250 1973 276 2036 si
314 1970 386 2054 quid
418 1972 580 2054 signifieat,
614 1991 685 2038 eum
706 1974 749 2038 ibi
775 1972 942 2054 sepultum,
978 1991 1048 2037 oum
1083 1972 1203 2038 fortiter

132 2079 297 2162 pugnaret,
336 2077 508 2159 signifieat3
542 2096 641 2161 neque
677 2079 797 2144 omnino
819 2078 917 2143 virtus
940 2078 1115 2158 sepulerum
1136 2075 1203 2141 eui·

133 2202 228 2265 quem
262 2182 377 2258 condit,
404 2181 465 2248 sed
486 2186 730 2250 monumentum.
774 2184 937 2250 Accedunt
965 2181 1094 2260 codices,
1127 2202 1202 2266 quo·

134 2307 205 2353 rum
228 2288 282 2353 alii
304 2287 457 2372 Asideano
479 2290 603 2365 habent,
624 2291 736 2374 partim
748 2291 985 2372 postrnsuram,
1008 2288 1061 2352 alii
1072 2285 1202 2371 Africa-

134 2415 221 2472 num,
245 2394 354 2458 itidem
378 2397 449 2476 post
470 2411 620 2460 rasuram.
665 2393 868 2462 Sorlbendum
889 2396 954 2462 est:

537 2519 595 2566 neo
616 2500 798 2586 Iugurthino
817 2519 922 2582 parem

439 2606 520 2670 bello
542 2609 705 2688 reportasti
727 2608 836 2672 dueem

337 2723 444 2794 neque,
469 2711 617 2795 Afrioani
636 2713 685 2776 oni
707 2729 798 2794 super
820 2711 1036 2794 Carthaginem

440 2817 538 2882 virtus
560 2816 736 2898 sepulerum
758 2815 907 2888 condidit,

136 2919 195 2987 loe
217 2924 281 2988 est:
319 2940 377 2986 noo
399 2941 435 2988 eo
457 2922 546 2995 bello,
576 2921 658 3005 quod
679 2922 816 2986 Adioani
838 2922 935 2986 virtus
958 2937 1051 3002 snper
1071 2919 1203 2986 dautha-

134 3028 241 3112 ginem
280 3027 422 3109 sepelivit
462 3031 494 3093 et
529 3030 561 3092 in
607 3031 790 3110 perpetuum
833 3026 969 3093 sustulit.
1031 3024 1083 3090 Sin
1121 3024 1201 3088 euim

135 3133 253 3200 bellum
277 3133 388 3216 sepelit
409 3133 507 3200 virtus
528 3135 737 3216 imperatorin
770 3132 831 3198 Cio.
856 3134 894 3198 de
918 3135 990 3216 imp.
1012 3131 1120 3213 Pomp.
1146 3129 1201 3194 30:

135 3239 249 3303 bellum
271 3285 280 3304 .
303 3289 311 3304 .
335 3240 397 3302 eina
419 3288 427 3304 .
451 3287 458 3304 .
482 3240 612 3302 adveatu
633 3239 787 3302 sublatum
807 3261 845 3302 ao
866 3238 1029 3323 sepultum.

237 3346 334 3428 Epod.
359 3347 407 3421 15,
430 3347 464 3409 8:
488 3346 633 3423 (iurabas)

289 3451 363 3516 dum
384 3451 485 3533 penori
506 3452 596 3535 lupus
619 3452 770 3517 eluentis
789 3451 921 3516 infestus
944 3449 1038 3514 Orion

339 3557 478 3622 turbaret
498 3559 661 3622 hibernum
682 3573 779 3622 mare.

290 3664 488 3746 intonsosque
509 3664 643 3746 agitaret
664 3659 816 3744 Apollinis
838 3679 912 3725 aure
934 3658 1069 3742 eupillos,

341 3769 405 3834 lore
428 3769 508 3832 huno
531 3787 667 3833 amorem
690 3767 857 3832 mutuum..

240 3874 426 3939 Ptavissime
462 3875 596 3956 primum
624 3873 662 3938 ad
697 3873 822 3957 infestus
844 3871 968 3938 auditur
989 3877 1071 3947 esset,
1094 3865 1203 3930 deinde

138 3979 221 4050 idem
253 3979 438 4047 adieetiuum
472 3980 537 4044 sine
571 3988 642 4042 essen
664 3999 734 4046 enm
765 3979 877 4045 Orione
899 3975 1099 4060 coniungitur,
1130 3973 1203 4038 sub-
