2978 4644
576 312 710 370 Ciceronis
727 311 878 369 Rhetorica.
1161 313 1219 378 187

199 509 564 593 memorio-quidem
597 510 729 595 dignos
751 528 988 595 perpendos,
1021 513 1084 595 qui
1106 514 1262 608 omniuo

198 617 266 695 (hoo
297 619 359 683 est:
395 616 447 702 qui
481 616 585 682 eutem
609 616 746 696 omnino)
778 633 909 682 nomen
931 616 1155 698 habuerint,
1187 637 1259 685 uon

149 743 151 748 ¹
196 721 252 788 ite
273 721 414 788 multos
435 721 569 788 luisse.
618 719 749 788 Addidit
781 741 899 801 omen,
932 722 985 806 qui
1011 723 1259 792 ooniunetionem

197 825 394 907 desideravit,
415 845 523 912 preve;
555 827 758 912 nequeenim
780 825 813 891 in
834 827 1010 893 huiusmodi
1033 831 1261 914 comparatione

195 932 229 998 ot
250 929 398 999 descensu
420 951 456 999 eo
479 933 632 1016 particule
652 933 725 1016 poni
745 931 855 1017 potest.

295 1037 364 1106 Ibd.
388 1035 449 1102 253
482 1037 515 1104 in
547 1037 707 1104 notissimo
739 1037 807 1104 loeo
838 1055 874 1103 ex
895 1035 1025 1105 Oaesoris
1056 1040 1095 1106 de
1116 1042 1260 1126 anologio

194 1143 300 1225 libris,
338 1145 391 1228 qui
416 1145 462 1210 sie
482 1144 639 1210 scribitur:
674 1161 720 1210 oo
741 1144 783 1222 si,
808 1144 850 1208 ut
871 1144 1047 1228 cogitate
1068 1145 1260 1229 praeolere

196 1249 328 1336 eloqui
348 1250 533 1334 possent,
570 1249 755 1315 nonnulli
776 1248 904 1315 studio
927 1250 964 1314 et
984 1269 1054 1317 usu
1075 1252 1262 1318 eleboru-

178 1359 350 1437 uernnt,
372 1357 477 1423 euius
499 1355 537 1421 te
558 1374 661 1439 poene
679 1355 903 1439 prinoipem
924 1356 1041 1438 eopiae
1064 1403 1074 1422 .
1096 1407 1104 1424 .
1127 1405 1136 1421 .
1164 1357 1262 1424 bene

195 1462 502 1548 de...dignitete
523 1461 705 1544 populitl.
721 1461 909 1527 meritum
924 1479 1009 1526 esse
1024 1462 1262 1528 existimare

195 1559 398 1643 debendus,
423 1567 522 1632 hune
545 1567 712 1634 leeilem
745 1569 783 1632 et
804 1567 1074 1652 quotidianum
1096 1568 1260 1634 novisse

196 1689 414 1738 sermonem
469 1689 573 1736 nune
616 1691 682 1756 pro
735 1671 874 1738 relicto
918 1674 979 1739 est
1026 1673 1262 1753 habendum,

194 1778 332 1843 extremo
364 1779 456 1845 verbe
492 1797 510 1843 o
545 1777 652 1843 multis
682 1763 812 1856 tentate,
846 1778 901 1842 sed
938 1778 1072 1844 nondum
1104 1779 1146 1844 ed·
1176 1779 1260 1844 seui·

192 1884 292 1949 telem
314 1886 458 1952 revoeete
479 1885 566 1960 sunt;
599 1883 763 1967 inquibus
795 1884 931 1966 primum
964 1887 996 1950 et
1030 1903 1066 1950 en
1098 1885 1167 1952 tote
1188 1904 1258 1951 sen·

193 1989 301 2056 tentiae
321 1989 432 2070 forme,
457 1991 489 2055 et
522 1988 605 2076 quod
627 2009 706 2052 nuno
727 2007 852 2074 prorsus
871 1989 1013 2073 ineptum
1035 1992 1084 2057 est
1107 1993 1206 2075 (quusi
1227 1992 1259 2057 in

195 2111 231 2162 eo
252 2115 285 2161 re
308 2095 399 2162 huius
420 2094 568 2178 temporis
591 2093 755 2181 singularis
768 2093 904 2160 eondioio
924 2093 988 2174 sit),
1004 2099 1140 2181 apparet,
1163 2099 1260 2164 inter-

193 2202 329 2287 rogendo
362 2203 407 2268 ite
438 2201 589 2268 rationem
611 2199 762 2273 oonoludi‚
793 2202 829 2265 ut
850 2200 922 2266 huie
943 2218 1063 2286 quoque
1091 2204 1260 2288 oognitionl

193 2327 248 2375 sue
279 2307 398 2375 utilites
431 2308 463 2373 et
491 2307 625 2391 dignitas
648 2307 795 2371 serretur.
853 2305 914 2371 Sed
946 2326 1044 2391 neque
1077 2329 1113 2375 er
1143 2311 1259 2392 relicto,

191 2414 277 2498 quod
295 2415 416 2482 oodiees
437 2413 571 2492 habent,
604 2429 701 2496 neque
729 2429 766 2477 en
794 2411 935 2476 derelicto
957 2415 1121 2499 quinqueni
1141 2419 1194 2483 eut
1216 2417 1256 2484 ed

187 2519 268 2586 hono
290 2521 478 2588 sententiam
501 2520 555 2584 eut
574 2517 616 2598 od
639 2519 732 2584 sltem
754 2517 942 2602 probabilem
964 2521 1073 2603 aptum
1096 2523 1178 2588 effici
1201 2543 1256 2606 po·

188 2627 261 2693 test.
317 2627 430 2693 Subest
461 2626 644 2692 vocobulum
670 2624 831 2707 antiquum
854 2627 885 2690 et
905 2625 1038 2700 bonum,
1070 2629 1126 2693 sed
1147 2630 1251 2698 minus

189 2741 247 2797 usu
280 2731 389 2798 tritum
429 2731 623 2814 libreriisque
654 2731 804 2815 ignotum,
841 2730 881 2794 ed
916 2728 997 2796 hano
1029 2751 1096 2798 rem
1128 2739 1256 2819 perepte

186 2835 389 2904 trunsletum:
422 2857 511 2902 num
531 2856 599 2920 pro
623 2835 786 2900 reticulo
810 2839 868 2903 est
891 2836 1138 2904 habendum?

287 2941 448 3011 Ibd.306:
470 2942 697 3010 edmirebili
712 2942 876 3026 quodum
898 2942 1255 3026 edphilosophiem

188 3047 325 3114 studio
348 3049 596 3126 concitatus,
629 3049 668 3115 in
702 3065 773 3132 quo
807 3047 875 3112 hoo
898 3049 1020 3114 etiem
1042 3067 1258 3118 commore-

187 3152 256 3219 bar
277 3155 487 3235 attentius,
510 3156 615 3239 quod,
638 3155 714 3221 etsi
730 3171 856 3220 rerum
871 3152 1053 3236 ¹ipsorum
1076 3157 1276 3236 varietas„

186 3257 225 3323 et
245 3259 472 3343 magnitudo
496 3280 644 3328 summe
665 3280 721 3326 me
743 3259 1012 3326 deleotatione
1035 3262 1257 3344 retinebat.

184 3363 316 3429 temen
349 3366 509 3434 sublato
529 3367 604 3433 ium
636 3385 725 3434 esse
753 3367 794 3431 in
821 3369 1049 3449 perpetuum
1069 3370 1171 3435 notio
1192 3371 1252 3435 iu-

184 3467 380 3536 diciorum
411 3471 626 3542 videbatur.
679 3472 772 3537 Nullo
794 3472 923 3538 artifieio
945 3473 1035 3538 leniri
1057 3476 1160 3556 potest
1180 3495 1256 3559 pre·

166 3574 264 3642 uites
285 3576 375 3643 huius
399 3578 608 3646 connexionis:
643 3580 717 3658 etsi
749 3595 879 3644 rorum
907 3578 1142 3664 magnitudo
1167 3581 1256 3664 (phi-

183 3677 344 3765 losephiae)
370 3701 429 3748 me
462 3685 680 3763 retinebat,
713 3685 844 3750 tomen
877 3685 1118 3751 iudiciorum
1150 3689 1257 3754 rotie

183 3785 344 3853 subluto
370 3788 598 3865 videbatur,
636 3807 707 3856 oum
725 3790 899 3873 pressorum
920 3791 988 3858 hue
1007 3791 1039 3855 in
1060 3809 1155 3858 onnon
1177 3810 1252 3858 oon·
1378 3821 1389 3830 ·

181 3889 257 3957 lists
288 3893 497 3960 ooniunotloni
529 3895 612 3980 quod
643 3896 855 3964 subiicientur.
904 3897 970 3964 Sed
991 3897 1074 3983 quod
1094 3915 1191 3982 neque
1212 3899 1247 3966 in

182 3997 338 4066 eodielbus
360 3999 434 4080 (uid.
455 4001 559 4082 Peter)
591 4019 691 4086 neom
722 4002 756 4087 in
786 4004 921 4088 antiquis
944 4002 1134 4070 editionibus
1156 4021 1249 4087 repe-
