2956 4648
520 293 550 349 L.
572 293 677 350 Seuere
695 293 833 365 Epistola.
1103 299 1165 364 515

142 495 305 560 amioum
338 494 454 558 babes
494 499 551 562 eet.
612 497 709 562 Reate
753 497 925 579 superiores
968 499 1209 566 coniunxerant:

11 671 13 676 ,
142 600 367 664 dubitamus
496 619 632 685 sapere
664 605 702 667 et
822 603 1022 686 ingerere?
1065 605 1217 672 Ridicule·

140 705 252 769 iudea
285 704 562 790 Schweighaeusero
594 709 729 790 primum
764 708 988 775 dubitamus
1022 709 1121 775 solum
1144 712 1209 777 sine

141 829 233 876 sensu
254 811 384 892 ponitur,
419 814 503 878 tnm:
540 814 631 896 qnid
658 815 766 880 iuvat
798 834 933 899 sapere
955 817 992 880 et
1097 817 1209 902 inge·

142 920 248 982 reret
281 935 351 983 eum
374 919 537 984 manifesto
561 919 721 985 sententiae
753 920 895 996 interitu;
930 921 974 986 sio
996 922 1078 986 enim
1100 924 1210 1006 volup-

141 1023 212 1087 tarii
243 1023 458 1108 interrogando
485 1025 693 1104 dehortentur,
734 1045 771 1090 ne
804 1025 1013 1110 voluptatibus
1048 1027 1210 1112 indulgea-

141 1134 200 1194 tur.
245 1129 335 1198 Initio
368 1131 513 1196 haesitavi.
550 1131 707 1210 nonnihil,
743 1135 846 1196 ntmm
879 1133 1075 1198 scribendum
1112 1137 1209 1200 esset:

142 1235 390 1330 Dubitemus‚
425 1235 520 1318 quod
540 1237 647 1301 iuvat
673 1239 720 1314 (et
748 1238 906 1314 oblectat),
928 1257 1070 1321 repere
1092 1241 1141 1314 (ut
1163 1241 1211 1304 est

141 1341 174 1406 in
217 1342 319 1406 oodiee
354 1341 455 1424 aliquo
488 1341 728 1421 recentissimo),
772 1362 826 1408 an:
872 1345 912 1422 d,
947 1343 1043 1426 quod
1089 1347 1210 1418 iuvet,

144 1464 280 1528 sapere
312 1447 368 1522 (ita
400 1465 515 1528 sapere,
552 1447 587 1511 nt
614 1465 651 1511 es
688 1449 839 1532 sapientia
877 1467 931 1514 nos
957 1449 1056 1526 iuuet)
1085 1452 1125 1514 et
1322 1451 1327 1464 “

141 1554 352 1634 ingerere?
387 1552 440 1618 sed
471 1553 597 1634 praestat
627 1553 728 1635 prius,
759 1554 839 1637 qnod
871 1555 928 1620 hoe
956 1555 1108 1638 posterius
1149 1573 1210 1619 non

142 1657 237 1722 habet
258 1660 364 1740 aptum
387 1659 538 1724 obieetum
561 1659 645 1724 verbi
667 1659 848 1744 ingerere
871 1662 978 1727 aetati
998 1681 1028 1725 n.
1051 1679 1075 1725 s·
1097 1678 1124 1723 v.
1147 1679 1211 1724 re·

144 1767 323 1846 capturae,
357 1763 462 1828 eontra
490 1767 609 1829 reatum
638 1768 701 1831 est:
737 1767 836 1849 quod
868 1767 991 1844 iuvat,
1027 1768 1212 1851 ingerere

144 1872 200 1933 aet.
224 1887 252 1934 n.
266 1887 290 1934 s.
304 1877 332 1933 v.
355 1887 428 1935 reo.
451 1870 591 1952 Reliqua,
612 1891 672 1937 non
685 1870 800 1946 dubito,
823 1873 894 1956 quin
917 1871 956 1936 ad
979 1872 1059 1937 hane
1080 1873 1211 1937 formam

142 1975 256 2040 ironiee
298 1975 422 2040 iubendi
456 1977 488 2040 et
523 1976 670 2046 irridendi
707 1977 874 2062 redigenda
908 1978 985 2042 sint:
1029 1973 1212 2060 drapali—
1308 2030 1309 2034 ,

145 2087 224 2142 aare
266 2101 354 2164 erpo
396 2085 558 2146 mortem
601 2101 791 2166 praeourre
828 2086 879 2156 et,
917 2080 1105 2167 quiequid
1140 2082 1212 2146 illa

143 2186 331 2251 ablatura
361 2188 439 2264 est,
465 2187 543 2252 iam
569 2189 643 2251 tibi
673 2189 887 2252 intervente.
945 2189 1015 2252 Hoc
1037 2188 1118 2252 enim
1142 2205 1211 2271 pro·

143 2292 212 2374 pins
251 2294 282 2356 et
321 2291 531 2373 depravationi
573 2294 673 2379 magis
710 2294 831 2360 obuium
872 2311 963 2375 quam
1007 2293 1211 2358 interdiee.

145 2396 405 2480 (Frugalitate
426 2417 467 2462 m.
496 2419 729 2482 praecurrere
753 2399 815 2464 iam
838 2397 985 2463 Erasmus
1008 2400 1040 2462 et
1062 2397 1213 2462 editiones

145 2505 216 2567 aute
238 2501 575 2587 Sehweigbaenserum.)
617 2505 697 2569 Turn
734 2507 754 2586 ξ
778 2503 817 2565 12
838 2504 869 2567 in
895 2489 1048 2568 oodioe‘B
1071 2505 1116 2568 sie
1139 2497 1214 2569 seri·

145 2609 242 2675 bitur:
286 2609 393 2674 Idem
426 2614 588 2692 possunt
620 2611 802 2686 (haerodes,
835 2607 917 2691 qnod
939 2607 1111 2688 Sirenum);
1146 2609 1213 2673 eb-

146 2714 292 2780 duount
313 2734 331 2780 a
352 2717 504 2798 patria,
537 2715 823 2799 aparentibus,
845 2714 890 2779 ab
913 2713 1065 2789 amieis,
1088 2731 1106 2777 a
1127 2715 1212 2777 vir·

145 2821 304 2886 tutibus
337 2825 374 2886 et
396 2822 503 2887 inter
535 2839 639 2906 spem
670 2824 792 2886 vitam
825 2821 1010 2905 miseram
1032 2819 1063 2882 si
1086 2819 1215 2900 turpis

145 2927 348 3002 inludunt,
379 2925 576 3010 proximeque
608 2927 639 2992 in
661 2927 732 2993 eliis
760 2930 806 3004 (ut
829 2927 862 2990 in
885 2923 1083 3008 Erlangensi:
1105 2923 1215 3020 inter

146 3049 252 3112 spem
285 3031 407 3098 vitam
439 3033 584 3098 misera
618 3033 696 3098 nisi
726 3033 858 3116 turpis
878 3031 1087 3109 inludunt).
1133 3031 1216 3096 Sori-

146 3137 282 3202 bendum
301 3139 441 3203 uidetur:
475 3140 512 3202 et
542 3140 645 3204 inter
672 3157 778 3224 spem
799 3149 831 3201 et
852 3139 976 3203 vitam
997 3137 1161 3199 miseras
1184 3147 1217 3200 et

148 3244 272 3327 serpe
293 3243 472 3306 aaronem.
511 3225 583 3310 ‘atsi
598 3244 676 3317 rua,
698 3263 792 3327 quum
813 3242 981 3307 irrident
1014 3261 1086 3307 oum
1110 3243 1216 3308 estivo

147 3349 273 3428 subesse
293 3351 445 3444 putarem.
488 3349 633 3415 Extrema
655 3349 785 3433 deniqne
807 3345 970 3434 epistola§
987 3347 1037 3428 16,
1059 3347 1112 3412 ubi
1136 3367 1216 3412 nune

148 3454 264 3519 editur:
287 3454 538 3538 Superstitio
560 3473 668 3521 error
689 3455 863 3520 infantis
885 3458 945 3521 est
965 3453 1061 3537 (qnod
1084 3453 1218 3519 debebat

148 3575 215 3623 esse
237 3560 429 3644 puerilis),
451 3561 523 3627 olim
547 3560 696 3626 edebatur
716 3561 880 3625 insanus
904 3562 981 3633 est,
1003 3561 1034 3624 in
1058 3558 1217 3624 eodioibns

147 3665 273 3746 optimis
284 3665 443 3732 seribitur:
467 3685 573 3732 error
594 3666 839 3732 insanandus
861 3665 930 3730 est.
973 3665 1216 3745 Latetopinor:

148 3767 312 3837 insanire
332 3773 489 3836 uicinus
512 3775 579 3838 est.

249 3881 304 3963 Ep.
338 3879 408 3956 124,
441 3877 461 3938 4
496 3877 616 3944 eodioes
650 3877 687 3957 (B
710 3877 742 3942 et
773 3875 858 3951 alib:
905 3873 978 3940 Sed
1021 3875 1219 3940 videlieet

150 3987 254 4050 ratio
283 3985 354 4050 isti
386 3985 444 4050 rei
475 3981 693 4070 praeposita
729 3983 789 4046 est
818 3980 881 4045 illi
904 3978 1218 4062 quemadmodum

151 4089 289 4156 debeat
310 4089 455 4156 desita
484 4091 524 4168 (B
546 4108 631 4173 apr.
653 4105 747 4153 manu
770 4086 910 4150 debeat
940 4085 1087 4162 debita;
1125 4085 1219 4150 editio

967 4191 1016 4242 se*
