2938 4750
268 255 308 320 m
625 257 887 327 mmmm

227 455 429 522 Troianorum
464 457 602 539 exemplo
622 455 812 540 trepidantes
845 473 904 521 nen
927 457 1060 522 audeant
1081 475 1152 522 vera
1171 457 1289 532 tenere,

228 562 309 644 quod
334 562 487 644 simplicia
508 579 544 626 ao
565 562 668 628 facilia
690 563 770 650 suut,
806 563 972 644 inanesque
994 563 1099 628 turbas
1120 563 1287 648 negligere.

227 666 379 734 Refellere
405 667 481 734 alios
503 665 699 751 supersedeo;
722 663 815 732 velim
827 670 931 734 tamen
953 658 1080 745 attendi,
1101 667 1288 738 Ribbeekius
1366 703 1368 708 ·

227 775 445 856 (praeterquam
499 774 598 856 quod,
645 772 716 856 quid
757 773 897 838 'ltoianis
950 776 1050 854 retm,
1101 773 1174 856 quid
1216 776 1289 840 ante

225 879 327 954 fuerit,
355 879 445 961 plane
470 879 638 956 oouinndit)
661 877 783 962 qualem
816 879 1034 963 excogitaverit
1056 880 1286 962 appositionem,

230 985 266 1048 ut
287 985 388 1068 Scylla
411 986 639 1069 Charybdisque
660 985 744 1050 iussa
765 985 876 1050 Heleni
899 985 1096 1068 appellentur.

325 1091 379 1165 Vl,
402 1091 460 1154 601
483 1111 564 1176 sqq:
859 1165 861 1172 ¹

215 1278 218 1288 Ι
311 1196 390 1276 Quid
412 1216 581 1269 memorem
603 1178 761 1280 Lapithae,
784 1193 891 1260 Ixiona
912 1192 1153 1281 Pirithoumque,
1171 1195 1173 1203 ’

311 1321 372 1386 quo
393 1321 485 1385 super
506 1304 574 1367 atra
596 1302 672 1366 silex
692 1285 819 1366 iamiam
841 1302 965 1386 lapsura
986 1302 1165 1387 cadentique

309 1408 452 1472 imminet
473 1409 644 1473 arenosa
843 1493 844 1500 Ν
894 1392 897 1400 ’
1005 1410 1008 1423 ·
1157 1397 1159 1404 “

322 1514 452 1580 'Frustra
472 1507 638 1592 laboratur,
660 1509 695 1579 ut
711 1511 833 1606 Tantali
854 1535 944 1598 prena
972 1516 1011 1579 ad
1035 1494 1205 1580 Pietatem
1227 1517 1290 1592 aut,

228 1619 255 1686 si
286 1621 420 1704 plurium
453 1620 593 1685 eodieum
626 1621 810 1701 scripturam
846 1611 920 1705 paee
941 1643 1031 1706 nuper
1052 1621 1215 1704 sequimur,
1249 1617 1291 1686 ad

227 1745 297 1790 eum
319 1728 351 1790 et
372 1726 477 1792 lxiona
499 1723 649 1790 translata
671 1727 857 1810 expediatur.
899 1724 965 1790 Nec
987 1727 1091 1790 tamen
1113 1727 1153 1790 ad
1172 1725 1291 1792 laounae

226 1833 341 1910 notam,
352 1833 441 1898 triste
461 1830 553 1896 simul
565 1834 597 1894 et
607 1830 705 1895 audax
716 1831 873 1910 auxilium,
889 1830 1137 1916 confugiendum,
1149 1831 1204 1925 sed
1219 1851 1291 1916 par-

226 1937 322 2002 tioula
343 1937 543 2002 retrahenda:
754 2017 755 2024 ἵ

862 2034 1104 2128 Pirithoumque,
1131 2053 1157 2104 et

428 2168 487 2230 quo
510 2167 600 2230 super
623 2151 690 2214 atra
710 2147 788 2232 siler
809 2151 868 2214 eet.

329 2253 446 2318 Ceteris
468 2254 633 2318 nominatis
645 2255 812 2319 Tantalum
834 2254 898 2319 sino
919 2253 1043 2320 nomine
1066 2253 1212 2330 adiunxit,
1233 2273 1291 2336 po-

203 2389 206 2395 ·
230 2358 291 2424 sito
313 2378 368 2441 pro
389 2359 511 2427 nomine
532 2360 690 2429 notissimo
711 2380 807 2442 poenae
829 2379 948 2444 genere.
1007 2359 1107 2438 Quam
1128 2358 1216 2425 fa'oile
1238 2379 1292 2424 er-

231 2464 342 2530 oiderit
365 2474 401 2542 et,
423 2467 458 2529 ut
479 2487 539 2549 poe
560 2465 722 2532 referretur
742 2465 781 2528 ad
803 2469 921 2544 eertum
943 2483 1065 2543 nomeu,
1087 2465 1221 2547 patet¹)

294 2611 296 2616 ·
327 2568 383 2647 VI,
406 2571 480 2635 615:
864 2574 866 2582 ’

827 2677 875 2740 Ne
900 2695 1001 2759 quaere
1023 2676 1134 2752 dooeri,

275 2799 368 2865 quam
389 2804 522 2865 poenam,
545 2786 599 2848 aut
620 2803 686 2867 quae
706 2782 804 2860 forma
825 2782 905 2874 viros
928 2783 1087 2848 furtumve
1108 2780 1226 2846 mersit.

257 3116 279 3183 ¹)
299 3117 331 3170 In
368 3116 490 3185 margine
520 3131 618 3184 ponam
647 3114 826 3186 suspicionem
855 3113 944 3168 minus
974 3113 1087 3170 fortasse
1113 3095 1292 3172 ¹manifestam

298 3209 389 3264 mendi
417 3210 445 3262 et
472 3208 529 3264 eius
553 3207 667 3278 originis
692 3207 946 3262 demonstrationem
972 3206 1123 3262 habentem.
1171 3206 1241 3262 Nam
1264 3223 1290 3264 u.

299 3305 351 3358 533
372 3317 474 3367 vereor,
505 3317 538 3356 ne
553 3301 664 3370 antiquo
683 3317 768 3355 errore
786 3299 819 3354 ob
838 3300 1028 3370 praecedentem
1047 3299 1241 3354 diiunctionem
1259 3319 1292 3352 aa

296 3395 470 3466 praepositum
500 3395 538 3448 sit
566 3394 774 3463 interrogationi
804 3394 926 3448 universe
957 3396 985 3447 et
1003 3392 1126 3448 absolute
1154 3388 1290 3458 subiecta,

299 3487 519 3557 seribendumque
537 3487 589 3542 sit:

637 3579 766 3651 Pelagine
785 3580 860 3634 venia
878 3578 1011 3634 erroribus
1030 3582 1106 3632 actus

347 3691 381 3729 an
394 3676 498 3729 monitu
518 3673 627 3728 divom?
665 3673 731 3739 Qua
747 3676 774 3726 te
793 3676 830 3738 (r.
850 3693 881 3724 aa
903 3693 956 3740 qooe
973 3675 1005 3740 re)
1023 3671 1131 3726 fortuna
1149 3669 1257 3739 fatigat,

347 3770 381 3822 ut
397 3768 486 3822 tristis
504 3768 562 3822 sine
580 3767 635 3820 sole
653 3766 752 3830 domos,
771 3767 828 3820 loea
845 3765 962 3832 turbida,
981 3765 1087 3820 adires?

299 3859 370 3916 Nam
388 3877 474 3931 neque
495 3881 527 3912 an
545 3879 598 3927 que
615 3860 688 3914 reete
706 3857 913 3926 coniunguntur,
935 3875 984 3914 nee
1002 3861 1073 3913 reete
1097 3857 1148 3912 hoe
1161 3858 1292 3925 tanquam

299 3954 410 4008 tertium
429 3970 446 4007 a
464 3953 646 4024 superioribus
664 3953 809 4020 separatur.
