2970 4648
298 297 360 360 mo
658 291 937 363 mmmm

258 497 433 584 geticae
459 511 601 558 rursus
633 492 812 576 erupti03
846 493 942 556 tunc
974 491 1130 577 frigora
1163 511 1325 574 compe·

258 603 429 667 scuntur
462 599 499 664 et
535 597 748 663 succidunt.
796 599 865 663 Hoc
898 596 980 662 enim
1016 618 1070 682 pro
1106 597 1325 664 succedunt

258 707 429 774 necessario
451 703 674 770 restituendum
698 705 757 770 est.-
1009 789 1016 798 .

359 812 426 876 lbd.
459 809 507 888 14,
539 809 575 874 2:
620 808 713 874 Cum
743 809 899 893 aliquid
927 809 1121 892 peccatur
1153 809 1197 887 (in
1233 811 1327 874 terra·

258 918 438 1001 positione),
475 915 558 979 tum
589 915 704 980 velut
735 915 829 999 aegri
862 913 1046 997 corporis
1077 919 1209 981 motus
1248 916 1327 990 est,

259 1024 411 1105 spiritu
430 1021 523 1100 illo,
546 1021 612 1104 qui
639 1020 870 1085 modestius
888 1019 1130 1099 (condeceant)
1151 1019 1324 1103 perflue·

258 1131 335 1205 bat,
354 1129 438 1192 icto
463 1125 746 1192 vehementius
767 1127 806 1191 et
836 1128 1053 1208 quassante
1079 1144 1194 1191 venas
1220 1145 1327 1202 suns,

259 1254 329 1300 nec
351 1237 394 1299 ut
418 1233 487 1297 illi
508 1233 629 1316 paulo
652 1232 745 1296 ante
768 1231 973 1309 dicebant,
1007 1231 1153 1315 quibus
1175 1231 1323 1297 animal

259 1341 399 1424 placet
431 1357 518 1404 esee
541 1342 710 1413 terram3
746 1356 830 1402 nam
865 1337 900 1401 si
927 1337 996 1408 hoc
1026 1339 1104 1415 ost,
1139 1336 1324 1421 quemad·

259 1446 411 1512 modum
433 1445 590 1519 animal,
623 1445 712 1509 tota
744 1441 999 1508 vexationem
1032 1443 1198 1509 sentiet.
1247 1445 1322 1508 Haeo

260 1551 430 1617 adiunctio:
472 1551 554 1616 Nec
574 1549 705 1614 utilli
727 1551 785 1613 eet.
809 1548 974 1614 admodum
985 1549 1116 1615 obscura
1137 1550 1203 1627 est;
1225 1568 1322 1632 neque

259 1658 341 1722 enirn
372 1658 475 1722 certus
505 1657 614 1721 modus
641 1673 735 1721 venas
750 1653 929 1740 ¹quassandi
958 1654 1150 1739 significatus
1183 1658 1239 1730 est,
1275 1654 1324 1718 cui

260 1763 339 1827 alius
372 1763 543 1827 contrarius
570 1764 704 1845 ponatur
729 1764 802 1826 ante
823 1764 1096 1837 commemoratum
1132 1780 1188 1826 neo
1210 1779 1326 1837 eorum,

263 1868 373 1951 quibus
394 1868 510 1933 animal
531 1868 634 1951 placet
664 1873 731 1932 'esse
752 1870 884 1942 terram,
916 1867 1071 1932 sententia
1094 1868 1165 1933 ante
1187 1881 1324 1932 comme·

259 1975 379 2038 morata
411 1976 459 2038 eet
480 1975 533 2038 aut
562 1973 627 2038 ulla
647 1991 750 2038 eorum
773 1973 871 2038 oratio
893 1973 1081 2056 interposita.
1131 1972 1247 2038 Seneca
1269 1989 1323 2035 sua

259 2079 326 2160 ipse
361 2079 455 2144 verba
487 2078 643 2163 significat
678 2079 769 2162 panto
795 2097 888 2161 supra
919 2077 940 2164 ξ
969 2080 984 2140 1
1011 2079 1111 2162 posita
1143 2077 1324 2158 decerpere

260 2186 351 2249 terroe
384 2185 517 2249 humano
554 2185 672 2268 corpori
694 2184 789 2248 simili
811 2186 843 2248 et
864 2182 902 2248 de
924 2185 1041 2263 ventis,
1086 2203 1183 2268 quos
1220 2180 1324 2246 nihil

260 2291 371 2356 aliud
404 2291 491 2374 quis
519 2309 632 2373 quam
660 2290 828 2354 animam
860 2289 1077 2367 vocaverit,
1107 2293 1263 2372 cavetque,
1284 2305 1323 2352 no

260 2415 479 2462 caereorum
503 2395 624 2461 decreto
658 2397 690 2461 et
717 2395 756 2460 ad
786 2413 891 2461 eorum
918 2394 1042 2460 modum
1065 2395 1149 2461 dicta
1171 2394 1322 2476 accipian-

260 2503 320 2578 tur,
342 2503 395 2586 qui
417 2505 530 2567 terram
560 2503 676 2567 animal
698 2521 765 2567 esse
787 2502 911 2586 putent;
947 2501 1019 2566 inde
1041 2501 1123 2566 enim
1146 2503 1324 2567 secuturum

261 2627 337 2688 esse,
366 2611 402 2674 ut
422 2610 487 2674 tota
511 2610 750 2686 terraemotum
773 2625 842 2684 non,
865 2607 946 2691 quod
969 2625 1077 2690 reapse
1098 2606 1164 2680 fiat,
1185 2607 1324 2669 tantum·

259 2716 349 2781 modo
381 2734 462 2798 pare.
514 2715 622 2798 Itaque
656 2714 689 2778 in
725 2731 787 2778 una
817 2713 921 2778 littero
956 2713 1129 2778 aberratum
1164 2715 1221 2789 est,
1255 2729 1322 2775 cum

261 2819 376 2886 Seneca
402 2821 571 2903 posuisset:
607 2819 647 2884 et
679 2821 896 2903 quassante
933 2835 1056 2884 venas
1088 2838 1193 2884 suas.
1244 2817 1322 2881 Nec

260 2927 302 2990 ut
344 2925 411 2989 1111
453 2926 565 3010 paulo
608 2915 934 3006 snte'useeeam,
984 2926 1129 3009 quibus
1175 2921 1324 2988 animal

127 3059 129 3062 ·
260 3031 398 3112 placet
420 3048 508 3096 sese
531 3033 824 3110 terram3nam,
847 3031 879 3096 si
899 3034 961 3098 oet.
1002 3031 1116 3096 Eodem
1139 3029 1321 3108 modoVII,

262 3136 300 3213 9,
336 3135 482 3210 21123,
506 3136 526 3199 3
550 3136 674 3218 ponitur
705 3136 889 3203 dicebam
920 3138 1041 3203 modo.
1086 3131 1328 3215 (Pronamsi

264 3241 384 3306 codices
417 3241 509 3308 nisi.
562 3243 705 3308 Fortasse
738 3243 852 3309 Seneca
882 3243 1046 3328 scripserat
1067 3243 1207 3308 tantum:
1223 3243 1327 3305 'ter-

263 3345 362 3423 rnm;¹
394 3347 428 3412 si
449 3347 522 3414 hoo
547 3350 627 3423 eet,
659 3352 731 3430 cst.)
753 3335 758 3344 ¹
782 3351 817 3415 In
838 3350 984 3432 proximis
1005 3349 1106 3415 verbis
1128 3365 1236 3413 verum
1257 3361 1326 3410 osse

263 3473 322 3518 non
343 3454 445 3536 potest
467 3453 689 3519 mordacius
722 3457 915 3541 impe-ltin
944 3454 1134 3520 desiderator
1155 3453 1249 3518 etiam
1271 3467 1326 3534 ge·

263 3559 415 3624 minatum
437 3559 548 3625 alias.
592 3558 707 3641 Opinor
728 3561 877 3644 scriptum
899 3561 993 3626 fuisse
1015 3561 1054 3626 ad
1067 3547 1155 3626 ⁸hanc
1176 3559 1323 3623 formem:

262 3665 395 3749 Neque
418 3665 519 3731 enim
542 3666 579 3730 iu
601 3665 718 3732 nobis
752 3666 881 3732 febris
904 3667 1009 3731 alias
1031 3668 1169 3750 partes
1192 3661 1327 3728 mode·

263 3772 395 3838 ratiu's
442 3769 539 3856 [aliie]
587 3771 779 3854 impellit.
838 3771 1091 3839 Moderatius
1135 3769 1323 3853 superiorum

264 3879 416 3945 editorum
439 3879 497 3944 est.
660 3862 663 3868 ’

362 3984 428 4050 lbd.
463 3983 520 4054 19,
553 3981 589 4045 2:
634 3982 833 4062 Quomodo
856 4004 941 4050 cum
963 3985 1003 4049 in
1026 3981 1133 4048 dolio
1156 3981 1325 4046 cantan-

263 4091 318 4156 tis
340 4108 411 4154 vox
432 4089 508 4153 illa
528 4107 598 4170 per
619 4089 747 4154 totum
770 4110 858 4157 cum
882 4090 1046 4174 quadam
1069 4085 1329 4154 discussione
