2918 4636
533 311 657 371 Valerius
672 311 795 371 Flaeenr.
1101 313 1160 380 137

235 512 304 578 lui.
333 509 394 574 102
415 529 481 596 sqq.
503 506 555 595 (de
583 511 704 578 Venere
730 511 887 578 interdum
921 531 1035 582 oerum
1058 520 1201 585 naturam

8 638 10 642 ·
135 617 169 684 et
188 617 323 702 speeiem
343 619 513 697 eumenteiz

637 725 838 808 nequeenim
862 725 945 791 nimo
968 725 1066 793 videri

220 830 282 895 iam
303 831 371 897 tum
393 846 438 906 ea,
461 844 531 892 oum
552 827 612 894 reti
635 830 750 895 oriuem
773 831 963 897 subnectitur
984 851 1089 913 nureo,

220 934 353 1001 sidereos
374 933 487 998 diffuse
507 931 609 1010 einum
631 932 739 1000 endem
763 935 856 1000 effera
876 939 908 1002 et
927 937 1036 1022 ingene

220 1041 253 1104 et
273 1039 403 1104 maeuiie
423 1039 553 1106 ouffoeta
573 1059 668 1124 genae
690 1041 858 1124 pinumque
880 1045 1039 1108 nouantem

219 1144 390 1230 virginibus
416 1143 532 1230 Stygiis
554 1146 734 1231 nigrumque
755 1145 917 1212 simillima
935 1149 1063 1232 pellem.

235 1249 354 1333 Ineptae‘
373 1250 532 1334 partieulae
550 1251 616 1314 a'am
638 1260 712 1331 urm,
745 1253 893 1335 sequente
924 1253 1098 1336 praesertim
1121 1277 1199 1333 rum,

133 1359 171 1424 ut
205 1357 379 1424 neoeneen'o
416 1357 482 1422 haeo
517 1357 672 1423 effieiatur
711 1357 865 1432 renuntia
910 1359 982 1437 (nini
1022 1361 1102 1446 quod
1124 1362 1202 1426 tum

134 1461 295 1539 abundat),
316 1463 470 1528 Venerem
491 1480 550 1528 nou
574 1465 643 1529 tum
665 1463 780 1529 almam
803 1463 917 1540 videri,
940 1485 1010 1532 oum
1031 1483 1122 1532 nureo
1143 1467 1202 1532 reti

134 1567 253 1636 trinam
291 1568 480 1645 ‘intuentum
516 1585 614 1654 neque
657 1569 707 1636 hio
745 1571 905 1654 particulis
947 1573 1029 1638 reete
1064 1571 1203 1640 redditur

135 1672 250 1740 eodan.
315 1673 385 1740 Una
430 1673 536 1740 littere
584 1675 617 1740 in
662 1675 856 1742 simillimam
897 1677 1018 1744 mutate
1059 1679 1206 1746 nmootur

133 1797 261 1848 vuum:
513 1775 517 1786 '
786 1790 789 1803 '

638 1887 840 1972 nequeenim
865 1889 947 1956 alme
971 1889 1069 1957 videri

259 2000 377 2054 rantum
398 2009 444 2070 ea,
466 2006 537 2060 oum
558 1991 617 2058 reti
637 1995 751 2059 oriuem
774 1995 964 2062 subnectitur
984 2013 1088 2074 aureo,

166 2127 170 2133 ·
258 2093 391 2164 sidereos
415 2094 526 2164 diffusa
546 2097 648 2176 sinum
672 2099 779 2165 eadem
801 2098 894 2168 effera
915 2103 947 2168 et
967 2099 1075 2185 ingene
1097 2103 1158 2168 oet.
1275 2115 1277 2120 ’

133 2203 170 2272 ut
191 2203 349 2270 audiatur:
372 2204 477 2268 eodem
496 2204 594 2268 uideri
614 2203 746 2286 (etiam).

237 2343 305 2412 lbi.
328 2341 390 2406 200
411 2363 494 2435 sqq:

236 2449 313 2515 Inde
336 2469 447 2518 novam
469 2449 596 2537 pavidas
619 2437 722 2518 ¹vooem
744 2449 910 2516 furibunda
930 2471 984 2536 per
1005 2469 1095 2520 auras

238 2555 446 2642 congeminet,
468 2576 529 2644 que
550 2556 669 2639 primun
690 2555 790 2622 Athos
816 2537 848 2622 et
868 2559 981 2641 pontus
1004 2560 1035 2623 et
1055 2557 1164 2644 ingene

235 2661 357 2728 Thraca
376 2661 465 2756 palus
487 2663 661 2756 pariterque
682 2661 756 2728 toris
773 2650 933 2730 ‘exhorruit
953 2646 1065 2728 omnis'

238 2770 349 2846 mater,
371 2769 430 2862 oet,

235 2905 344 2999 Neque
372 2907 491 2972 itroeo
521 2909 749 2992 pro'adieotiuo
773 2907 937 2988 (itruein)
960 2909 1096 2991 portum
1117 2910 1203 2981 orodi

134 3015 249 3100 potest,
271 3016 462 3100 repugnante
489 3014 528 3094 (oi
554 3014 625 3100 quio
653 3014 789 3084 Gellium
811 3013 931 3094 obiicit)
952 3015 1201 3090 constantissima

133 3122 295 3202 poetarum
327 3121 509 3188 Latinorum
546 3121 778 3199 cousuetudine,
812 3139 911 3206 neque
938 3120 1033 3208 potor
1069 3121 1203 3190 nouato

134 3226 198 3294 uilo
228 3225 318 3292 modo
348 3225 430 3302 ferri,
465 3226 611 3310 quoniam
638 3228 786 3294 montana
817 3245 853 3294 oa
879 3227 963 3312 regio
996 3228 1097 3296 etant
1130 3231 1202 3298 eta

134 3331 235 3415 poetis
256 3331 597 3418 semperuieoonibitur,
616 3350 715 3418 noque
742 3332 870 3418 (duplioi
896 3333 1063 3418 adieetino)
1096 3334 1206 3420 inpono

139 3436 275 3502 tirnaio
296 3437 402 3522 potue.
462 3437 576 3506 Contra
611 3457 681 3505 oum
703 3439 786 3506 Atho
818 3442 849 3504 et
876 3440 970 3524 ponto
1004 3438 1205 3524 ooniungitur

134 3542 249 3628 inpono
280 3543 410 3612 naara.
464 3542 526 3612 Sed
552 3562 650 3630 neque
678 3546 718 3611 ad
745 3545 852 3612 Athon
883 3563 980 3630 neque
1013 3545 1053 3614 ad
1073 3546 1203 3630 pontum

134 3649 190 3714 aut
211 3645 375 3716 Thruoiam
396 3652 504 3734 aptum
525 3652 655 3718 verbum
676 3650 833 3716 amnuo
861 3652 1000 3736 proxime
1031 3670 1101 3720 oum
1126 3652 1206 3716 omo

116 3753 320 3841 'conflatum
362 3756 454 3822 Latet
485 3755 571 3842 eliud
593 3759 720 3836 verbum
736 3751 811 3826 “sub
832 3757 885 3838 illo
904 3757 997 3846 potue
1018 3776 1074 3823 neo
1095 3755 1203 3843 aptius·

134 3859 252 3946 reperio
274 3880 366 3946 quum
388 3861 460 3928 rotie
482 3865 693 3951 (oououtitur).
736 3863 783 3932 Ne
804 3885 914 3950 perum
936 3863 1060 3950 quidem
1082 3862 1199 3946 periton

135 3964 292 4033 offendent
311 3968 383 4032 saro
402 3971 548 4054 praesenti
569 3972 708 4057 tempore
738 3973 770 4039 et
802 3971 959 4037 extorruit
989 3971 1021 4038 iu
1048 3968 1201 4036 ramundo
