3018 4634
584 279 697 338 Cauris
713 281 743 338 B.
763 279 835 337 Gsll.
1137 281 1199 346 253

175 486 266 568 pere.)
325 481 388 548 Sed
409 481 458 548 his
479 481 654 547 constitutis
675 479 896 565 intelligemus,
920 481 1000 566 qnod
1021 482 1141 567 pridem
1162 483 1241 548 Iuri-

177 589 246 656 uins
269 588 432 665 intellexit,
454 589 490 654 Β.
512 587 578 654 Gir.
600 588 663 666 ΙΙΙ,
686 586 892 654 idoneiorem
915 589 1087 672 soripsisse,
1108 589 1242 656 iustrue-

175 697 244 761 tum
265 713 320 778 pro
342 694 453 766 sustris
475 694 643 760 exereitum
664 693 782 779 protegi
801 695 938 777 potuisse
958 696 1055 761 telis
1077 712 1119 761 ex
1137 697 1241 762 rullo

174 800 347 879 adestis,
377 801 440 867 *hoo
462 801 519 877 est,
553 801 752 868 vehementer
771 801 928 880 contortis,
957 802 994 867 ut
1024 821 1119 886 supro
1140 801 1242 885 sepiis

178 905 314 972 rnilitum
338 907 572 974 trunsrolsrent.
614 907 699 974 Telis
721 906 890 973 ubisotis
917 907 1011 991 (quod
1031 906 1064 972 in
1085 907 1241 974 oodieibus

177 1012 211 1077 et
236 1011 423 1079 editionibus
444 1015 599 1094 scribitur)
621 1031 710 1080 nemo
731 1013 912 1098 protegitur,
947 1031 1007 1078 nou
1028 1014 1129 1099 magis
1150 1031 1242 1098 quum

174 1117 460 1202 elipeoubisoto.¹t

148 1263 152 1270 ·
277 1225 346 1294 Lib.
375 1223 427 1300 ΙΙ,
464 1223 520 1288 24ε
563 1223 759 1290 Militibus
788 1227 917 1290 sutem
949 1226 1099 1308 ignotis
1130 1226 1242 1303 loeis,

174 1331 387 1415 impeditis
408 1330 586 1396 menibus
607 1348 744 1415 magno
768 1331 809 1396 et
828 1331 940 1415 gruvi
975 1349 1089 1396 onere
1116 1349 1243 1396 ormo·

177 1455 258 1504 rum
283 1435 485 1523 oppressis
517 1436 699 1502 simulet
731 1436 773 1500 de
794 1435 955 1502 nuribus
980 1435 1242 1502 desiliendum

175 1547 221 1611 ot
255 1545 294 1611 iu
321 1543 519 1610 tinetibus
552 1541 852 1636 consistendum
883 1544 921 1608 et
952 1561 1036 1609 oum
1063 1542 1242 1609 hostibus

176 1652 265 1718 erut
298 1647 559 1736 pugnandum.
620 1646 707 1712 Adeo
745 1647 942 1714 incommode
977 1649 1121 1716 silubris
1157 1648 1243 1733 (ign.

177 1756 296 1836 loois,
325 1757 416 1839 imp.
438 1754 624 1830 menibus)
654 1755 870 1837 superponitur
889 1754 1012 1821 dulium
1034 1753 1243 1840 oppressis,

174 1863 223 1928 its
253 1879 348 1946 prope
377 1862 550 1928 usoomsrio
585 1877 702 1928 onere
730 1878 801 1925 uum
827 1859 1035 1943 impeditis
1067 1859 1243 1926 menibus

177 1968 373 2052 oouiungitnr
393 1977 466 2051 (qus
485 1967 568 2032 euim
589 1966 651 2032 uiis
672 1985 705 2032 re
725 1966 1020 2050 impediebsnturi),
1043 1967 1090 2032 iis
1111 1966 1244 2032 nimium

175 2075 236 2150 tit
258 2089 421 2157 oppressos
441 2071 537 2138 inisse
559 2073 677 2138 milites
698 2090 734 2138 eo
754 2089 856 2150 onere,
876 2074 914 2139 ut
932 2091 1025 2158 oogur
1046 2075 1155 2155 putere
1176 2091 1244 2155 op·
1368 2107 1391 2124 ι-

177 2178 328 2263 pressis
357 2177 497 2244 sdditum
519 2196 586 2245 esse
608 2179 647 2244 sb
669 2178 785 2262 ulique,
815 2178 1007 2262 quieuere
1028 2199 1099 2246 oum
1120 2179 1245 2263 impe-

178 2285 276 2353 ditis
298 2285 440 2371 ooniungi
463 2305 523 2352 nou
544 2285 727 2352 attenderet.
778 2283 860 2362 (Vid.
882 2284 922 2350 sd
942 2285 985 2364 ΙΙ,
1009 2285 1074 2369 17.)
1131 2284 1245 2352 Goutru

177 2409 206 2458 o.
235 2391 275 2454 it
304 2409 422 2470 vereor,
449 2391 487 2456 ut
518 2394 600 2458 reote
635 2390 776 2458 deleatur
809 2390 947 2474 primis
981 2397 1037 2467 (ex
1066 2391 1245 2475 proximis
1367 2387 1369 2392 ’

177 2497 316 2580 primis
338 2498 524 2577 nuribus),
557 2497 718 2581 potiusque
742 2497 879 2581 suspieor
899 2496 1111 2563 scribendum:
1164 2498 1245 2564 Hos

176 2604 271 2668 item
306 2597 348 2669 ex'
380 2603 569 2687 proximis
602 2608 725 2688 primi
758 2602 926 2668 nuribus
961 2619 1043 2668 oum
1078 2620 1246 2686 eonspe-

118 2789 121 2796 .
169 2711 346 2784 sissent,
365 2710 402 2774 nt
421 2708 514 2793 primi
534 2709 590 2788 illi,
611 2710 664 2792 qni
686 2709 718 2774 in
736 2708 882 2793 proximis
905 2710 993 2774 erest
1013 2708 1152 2788 nuribus,
1173 2727 1245 2774 oeu-

176 2817 316 2901 spexisso
337 2817 488 2893 dicuutur,
511 2814 622 2882 deinde
646 2815 699 2882 elii
719 2816 815 2882 etiem
837 2829 873 2882 ex
894 2815 1098 2882 ulterioribus

207 2961 211 2970 ·
280 2921 448 2997 uinum
470 2922 543 2988 lile
565 2923 665 2988 enim
687 2924 902 2989 reveestns
923 2922 1118 2989 resistere
1139 2940 1183 2988 uo
1203 2940 1245 2988 se

176 3043 312 3094 mann·
332 3027 537 3094 defendere
645 3028 773 3111 erepit.
827 3028 1009 3095 Neeesssrio
1035 3028 1068 3093 in
1090 3045 1245 3095 assevere-

169 3133 264 3199 -tione
285 3131 482 3200 seriboudnm
503 3137 566 3201 est:
602 3136 673 3202 ille
695 3135 884 3199 enimvero
903 3137 1122 3202 rossontus.
1165 3134 1245 3202 Num

179 3240 292 3306 eedem
328 3241 358 3305 si
391 3243 470 3303 oron
501 3242 573 3324 poni
604 3259 696 3308 nomo
724 3259 808 3307 nuno
842 3241 948 3309 oredst
979 3243 1044 3320 (eir.
1077 3241 1246 3308 emsudstt.

182 3345 268 3413 Livv.
302 3366 332 3430 p.
370 3345 432 3409 244
469 3350 533 3428 ιι),
574 3345 722 3414 iueillime
756 3345 868 3413 exoidit
908 3367 997 3414 uero
1033 3350 1107 3415 snte
1135 3367 1247 3415 reso.

180 3453 251 3538 [itu
273 3452 478 3537 dispondius]

178 3675 382 3686 mona-nn·-

202 3829 226 3898 ll
242 3828 354 3884 ¹(loutrs
372 3826 443 3898 opud
459 3827 585 3882 Senecam
613 3825 646 3882 de
664 3845 689 3883 v.
707 3827 777 3882 best.
798 3831 840 3890 25,
870 3833 883 3885 l
913 3833 983 3885 reete
1011 3827 1125 3885 editores
1151 3829 1249 3886 indes

255 3919 389 3976 Gronouio
417 3923 479 3976 ente
508 3899 663 3974 Fickertum
694 3922 868 3992 scripserant:
898 3922 993 3978 inter
1020 3925 1159 3992 egentes
1185 3927 1248 3991 (me)

254 4013 367 4069 sbiiee
385 4029 434 4084 pro
458 4011 570 4082 abige.
617 4011 669 4080 Qui
692 4013 720 4067 in
740 4017 849 4098 pontem
867 4015 1035 4081 transfertur,
1066 4019 1098 4070 nt
1116 4015 1155 4070 ibi
1174 4031 1248 4070 men·

254 4105 331 4162 dions
348 4107 440 4170 istest,
459 4105 594 4172 nbiioitur,
613 4122 666 4162 uon
684 4105 815 4176 abigitur.
