2956 4648
283 273 345 336 478
611 274 917 346 unvunceprv.

243 472 300 550 293
335 472 404 550 123,
438 473 467 547 9,
489 474 596 555 quaest.
619 474 682 536 nat.
706 472 763 548 ΙΙΙ,
792 471 842 548 26,
864 471 893 546 3,
916 473 999 538 Suet
1023 473 1129 542 Claud.
1152 476 1204 538 41.
1246 477 1309 541 En-

241 581 343 644 trema
375 579 504 660 epistola
536 575 556 664 ξ
590 578 620 652 3,
653 578 705 644 nbi
741 578 827 643 codd.
861 578 976 644 habent
1010 580 1150 647 incitet
1181 583 1307 662 libro,

241 683 437 748 scribendum
466 687 530 748 eet:
567 702 646 765 quae
678 684 835 760 incitet3
874 684 947 770 [eet
978 684 1038 769 de]
1073 687 1174 753 libro
1196 689 1307 770 plura

241 788 407 854 scribam
429 791 523 867 cet.¹)

340 895 397 976 Ep.
421 893 472 967 48,
494 894 513 958 8
536 894 596 973 (3):
640 894 830 961 Succorre
866 898 1048 982 quicquid
1074 899 1226 981 laqueti
1247 918 1307 964 re-

241 1000 509 1082 spondentium
550 1001 679 1082 pmnis.
739 1001 789 1066 Sic
830 1003 890 1084 Pp;
933 1003 1143 1086 interpolando
1187 1001 1305 1068 factum

239 1106 430 1189 laqueati,
453 1106 563 1171 deinde
585 1107 655 1172 elia.
700 1106 867 1173 Sententiae
888 1110 986 1176 forma
1008 1112 1092 1174 certa
1115 1113 1171 1176 est.
1215 1111 1305 1176 Iube·

239 1213 291 1278 trrr
323 1214 468 1291 Lucilius,
500 1213 559 1277 boc
588 1215 644 1287 est,
682 1213 734 1295 qui
766 1213 964 1297 pbilosopbiae
999 1234 1123 1298 operam
1146 1217 1208 1291 det,
1246 1235 1305 1282 non

241 1319 412 1384 dialecticis
434 1318 626 1402 captionibus
647 1318 769 1396 ludere,
805 1321 859 1385 sed
886 1321 1047 1386 subvenire
1067 1323 1116 1396 iis,
1139 1341 1213 1405 quos
1235 1323 1304 1388 oni-

239 1443 359 1490 morum
381 1424 552 1489 turbulenti
573 1426 675 1488 motus
699 1425 827 1490 miseros
843 1426 984 1505 reddunt,
1006 1445 1181 1494 succurrere
1206 1429 1305 1509 poenis

239 1535 272 1597 et
292 1531 501 1597 vexationibus
523 1548 636 1601 eorum,
664 1531 717 1611 qui
739 1531 950 1613 respondeant,
984 1534 1127 1619 quicquid
1154 1535 1181 1598 *.
1205 1531 1303 1612 (Sao-

241 1659 360 1701 eurrere
386 1637 487 1720 poenie
507 1635 636 1698 otientur
658 1654 724 1722 esse
752 1655 928 1704 succurrere
949 1641 1040 1705 alieni
1063 1646 1169 1706 contra
1189 1659 1303 1724 peenas,

240 1748 312 1810 sunt
332 1743 472 1816 fortasse,
496 1742 548 1825 qui
570 1741 755 1808 admouendi
775 1743 858 1822 sint.)
914 1745 982 1810 Hoc
1004 1749 1120 1822 antem,
1145 1747 1228 1830 quod
1250 1747 1303 1810 de·

239 1851 400 1923 rideretur,
434 1847 564 1930 perlecti
599 1850 746 1931 temporis
776 1851 912 1927 verbum,
944 1854 998 1916 aut
1024 1853 1123 1918 solum
1151 1856 1206 1918 aut
1233 1872 1300 1918 cum

238 1958 300 2022 alia
339 1974 414 2020 voce
458 1954 670 2031 coniunctum,
708 1954 857 2019 eiusmodi
899 1957 1154 2039 significationem
1192 1959 1304 2024 babere

239 2063 344 2136 debet,
377 2063 412 2124 nt
438 2060 591 2124 efficiatur
622 2061 741 2124 notatio
768 2060 926 2126 hominum
954 2064 1091 2128 instabili
1121 2065 1248 2130 consilio
1271 2066 1302 2130 et

239 2187 309 2234 cum
331 2166 423 2231 taedio
454 2167 502 2230 sui
524 2166 608 2232 omni
629 2167 728 2230 motui
750 2167 782 2230 et
803 2165 979 2234 excitationi
1000 2169 1248 2251 respondentium
1271 2171 1302 2234 ct

236 2273 420 2358 parentium.
463 2273 541 2338 Mihi
575 2271 691 2337 Seneca
728 2272 860 2338 scribere
894 2275 965 2356 apte
997 2274 1134 2356 potuisse
1164 2276 1301 2343 videtui:

238 2513 435 2522 ---·——--——-.

264 2680 420 2749 1)ΙΙ]).47,
450 2681 484 2735 20
506 2680 578 2734 recte
596 2676 667 2746 opud
695 2677 839 2743 Muretum,
864 2677 1018 2744 Gruterum,
1037 2677 1202 2734 Gronovium
1220 2678 1303 2734 intor-

307 2773 439 2843 pnngitnr
465 2775 492 2826 et
519 2771 660 2826 scribitur:
706 2769 773 2825 Nec
801 2769 860 2825 hoc
892 2771 1058 2840 ignorent
1087 2772 1205 2839 (nullum
1233 2774 1303 2843 peri·

308 2866 397 2919 culum
416 2880 486 2932 esse,
515 2882 548 2920 ne
575 2881 636 2920 vere
665 2864 792 2918 iniuriam
819 2861 978 2933 accipiant),
1005 2862 1064 2917 sed
1093 2865 1303 2920 occasionem

307 2957 448 3012 nocendi
485 2961 628 3027 captant
664 2955 852 3028 quercuum
892 2959 1101 3027 acceperunt
1140 2957 1304 3012 iniuriam

308 3051 368 3119 (hoc
386 3053 445 3114 est,
472 3049 604 3120 accepisse
628 3067 656 3105 se
683 3051 818 3119 fingunt),
849 3053 887 3103 ut
913 3047 1080 3105 fecerent.
1121 3049 1305 3116 Quaerendo

307 3145 431 3213 ineptum
449 3146 498 3208 eet,
516 3144 693 3212 querendo
713 3159 872 3214 praetecum
895 3147 1102 3212 occeperunt
1121 3144 1302 3214 coniungitur.
1365 3154 1368 3159 ·

308 3236 360 3290 Sed
390 3236 437 3304 qni
466 3235 510 3290 hic
536 3240 670 3305 nugetur,
698 3237 727 3291 in
747 3235 866 3290 eiusdem
889 3235 1008 3304 epistolae
1027 3241 1043 3302 5
1062 3238 1077 3292 7
1096 3235 1246 3292 rouomdus
1264 3238 1306 3290 est
1353 3254 1358 3266 ·

308 3326 454 3398 aliquando
471 3327 629 3396 Fickertus,
659 3329 730 3400 quod
755 3345 769 3384 o
796 3328 933 3396 codicibus
950 3331 1013 3397 post
1029 3328 1166 3383 Muretum
1185 3331 1213 3382 et
1232 3329 1304 3385 outi-

308 3421 414 3490 quiores
441 3421 578 3478 restituit:
610 3423 748 3493 iamque
782 3422 958 3477 militaris
989 3419 1133 3476 babitus
1164 3421 1224 3488 (hoc
1257 3424 1304 3486 est,

308 3529 368 3568 oum
386 3514 439 3566 iam
458 3513 586 3570 militarie
613 3514 725 3571 habitus
744 3516 793 3586 sit)
821 3512 944 3584 glaber
968 3513 1109 3569 retritis
1136 3511 1225 3580 pilis
1245 3555 1252 3570 .
1270 3554 1277 3568 .
1297 3552 1305 3567 .

308 3606 517 3675 pervigilat.
555 3607 672 3664 Puerum
698 3609 822 3663 dominns
848 3605 967 3675 fingebat
986 3609 1079 3661 contre
1098 3607 1220 3672 etatem,
1251 3622 1305 3660 non

307 3700 434 3756 militem.
482 3701 598 3756 Haasius
628 3701 662 3756 od
690 3717 802 3770 pravum
833 3699 923 3755 rediit.
959 3702 971 3767 5
1001 3703 1035 3756 16
1061 3702 1134 3753 recte
1164 3696 1305 3752 Pontenns

307 3793 395 3862 priore
429 3809 459 3848 ex
488 3794 522 3848 iis
550 3793 651 3856 formis,
688 3810 754 3863 qnae
790 3793 823 3848 ad
850 3810 892 3863 ep.
922 3795 964 3858 42,
1001 3795 1019 3848 4
1050 3792 1140 3861 attigi,
1180 3790 1306 3860 scripsit:

307 3888 453 3956 tempto,
473 3889 506 3939 et
524 3884 706 3954 experiere
726 3889 787 3955 (pro
805 3885 978 3956 experire).
1026 3884 1206 3940 Promittitnr
1224 3899 1305 3939 even·

307 3980 360 4046 tue,
379 3981 403 4033 ei
422 3977 543 4034 Lnoiliuo
559 3979 716 4034 tentaverit.
