2918 4652
151 231 163 254 ⁶
284 279 346 344 ess
629 277 917 348 numeneus

242 481 309 546 Nec
330 481 380 545 lric
401 496 509 546 versus
529 476 759 544 confundendus
780 481 830 542 est
850 495 922 542 cum
943 475 1008 550 illo,
1028 495 1121 559 quem
1143 476 1310 543 exGucilii

241 585 344 652 Plocio
366 585 486 652 Gellius
507 583 549 658 Π,
571 582 612 646 23
633 583 760 664 prorue

341 692 375 757 P.
396 691 458 756 wi
480 691 660 768 (musore)
681 689 864 754 Afranius
885 687 1060 753 uiueres:

283 797 363 863 Nolo
384 798 434 862 hic
455 799 487 862 le
509 795 621 871 videet,
643 796 784 861 (lominus
805 798 869 868 est3
891 812 977 877 puer,
997 794 1117 862 mcesse
1139 796 1222 861 hinc.

341 903 556 968 Scribonium:

283 1007 362 1075 Nolo
383 1009 434 1073 hic
455 1011 487 1074 le
508 1007 612 1074 videet
632 1007 791 1083 domiuum
815 1004 871 1068 rt!
889 1025 975 1090 puer,
997 1006 1115 1072 incesse
1137 1007 1221 1072 hinc.

340 1115 375 1182 P.
399 1114 459 1178 321
483 1115 640 1196 (invitare)
662 1111 860 1193 Turpilius
882 1113 1162 1197 Thrasyleoue:

281 1221 444 1298 Corum
464 1239 614 1298 mensem,
636 1220 725 1294 telos,
747 1219 861 1294 vinum,
883 1219 950 1284 hese
971 1219 1157 1293 huiusmodi,

282 1328 384 1412 quibu*
408 1329 498 1392 rebus
520 1327 585 1392 viis
606 1329 766 1391 amentum
791 1325 916 1390 iuviluri
938 1326 1028 1392 solet

239 1433 291 1498 Sic
318 1433 413 1498 edunt
440 1433 578 1516 lipsium
613 1433 793 1514 sequentem
836 1431 955 1496 codices
988 1432 1106 1496 riuus
1138 1432 1179 1496 iu
1211 1431 1310 1509 huc,

238 1543 322 1606 tum:
354 1541 475 1605 vitem
498 1521 688 1606 ursellum
709 1538 885 1602 invitari
906 1537 1044 1602 sulem.
1087 1537 1309 1604 scribendum:

281 1645 440 1720 Ocrouum,
463 1661 613 1721 mensum,
635 1643 727 1720 culos,
749 1643 866 1719 riuum,
888 1665 1015 1727 queque
1035 1642 1222 1716 huiusmodi.

282 1751 384 1834 quibu'
406 1751 498 1817 rebus
519 1753 594 1812 vitia
613 1753 774 1816 umectum
795 1749 919 1814 invitari
940 1748 1045 1812 solere

339 1857 405 1922 llud„
427 1858 470 1935 (iu
492 1857 558 1928 eud.
580 1861 666 1933 voce)
687 1855 860 1920 Lucilius
883 1855 947 1922 lib.
969 1853 1091 1919 XXX:

283 1962 357 2028 Cibo
380 1962 433 2040 (ul.
456 1964 528 2042 citu)
555 1963 633 2028 beue
655 1961 738 2026 euim
759 1961 958 2046 longinquum
980 1959 1155 2027 morlulibu'
1167 1962 1315 2026 morbum

280 2068 312 2132 in
334 2069 404 2133 rino
428 2087 507 2147 esse,
529 2069 581 2134 ubi
602 2069 656 2151 qui
676 2068 820 2134 invitarit
840 2067 987 2152 depulius
1010 2086 1053 2133 se.

339 2173 556 2240 Scribeudum:
963 2241 969 2256 Ι

285 2277 354 2344 Scis
374 2280 451 2346 beue
474 2281 564 2356 enim,
589 2302 651 2344 noc
671 2279 872 2362 longinquum
895 2277 1067 2344 mortalibu'
1094 2279 1237 2344 morbum

277 2385 311 2451 iu
332 2386 403 2452 rinc
425 2405 501 2466 esse,
527 2390 585 2454 ccl.

238 2491 283 2556 llr
305 2491 361 2558 hec
374 2494 480 2560 morbo
493 2493 634 2560 celeriter
648 2492 863 2558 convalescunt
877 2490 1028 2562 homiues,
1051 2508 1121 2556 cum
1145 2491 1311 2573 crapulam

238 2595 454 2663 edormieruuu

337 2703 371 2768 P.
393 2702 455 2766 322
477 2704 637 2778 (insolens)
659 2703 865 2786 Turpilius
887 2699 1099 2766 Demetrio:

388 2809 509 2874 Timere
531 2809 635 2891 occepi
657 2811 690 2874 el
709 2807 864 2874 interdum
887 2807 1055 2872 oscitarier.

238 2911 439 2980 Scribeudum
462 2915 629 2997 perspicue,
651 2915 805 2998 gemmulo
830 2932 878 2978 m:
1080 2903 1083 2908 ’

504 3057 508 3066 ·
581 3039 587 3050 ·
673 3021 705 3084 et
725 3017 879 3084 interdum
901 3017 1098 3083 mussitarier.

337 3125 370 3190 P.
394 3123 457 3190 330
477 3125 672 3202 (interficere)
694 3124 871 3190 Lucilius
893 3124 957 3190 lib.
979 3122 1126 3188 XXIX:

816 3230 905 3295 Prius
927 3247 987 3294 nou
1010 3227 1099 3292 tullus

278 3355 370 3420 quum
390 3337 473 3402 Tulli
492 3336 628 3403 animum
652 3355 688 3402 er
710 3336 835 3402 homine
855 3337 948 3419 alque
968 3333 1126 3398 homiuem
1147 3335 1255 3416 ipsum

912 3465 915 3474 ¹
999 3437 1199 3504 interfeceris.

235 3546 434 3616 Scribeudum
468 3547 585 3622 <noum
606 3565 705 3612 errore
727 3547 758 3610 iu
781 3562 907 3610 numeru
927 3544 1016 3621 libri,
1053 3545 1198 3626 quonium
1222 3546 1309 3616 liber

234 3651 341 3718 XXIX
362 3655 490 3720 senariis
510 3653 697 3730 constabuli

205 3768 210 3778 '
800 3755 873 3820 Non
888 3757 973 3840 priu'
996 3757 1096 3834 tollae,

276 3881 367 3947 quem
393 3873 424 3925 tu
446 3863 600 3928 ceruleis
622 3864 757 3928 animum
780 3881 815 3928 er
838 3862 961 3928 homine
983 3865 1075 3946 utque
1096 3863 1257 3930 homiuem

1094 3986 1197 4050 lpsum

275 4072 474 4142 interfeceris.
520 4073 566 4158 [N
574 4093 619 4140 ou
644 4074 751 4156 prius
774 4073 969 4157 Muellerus]
