3018 4634
632 267 932 338 mmmm

251 472 373 555 incipit.
436 467 594 535 llimirnm
629 465 680 530 hio
715 483 835 550 quoqne
876 463 1013 530 ludimur
1045 463 1171 548 eatque
1206 463 1319 532 mendo

252 575 466 662 interpolando
486 572 648 638 occultato.
678 619 682 626 .
706 570 758 636 sie
779 570 864 635 enlm
885 569 1035 652 scriptam
1057 587 1076 636 a
1097 569 1217 638 &aare
1239 571 1319 636 emt:

252 677 537 762 Vibnlline'(qni
555 695 635 743 nare
654 675 769 742 misaac
791 676 881 752 eret),
904 674 1096 758 sepositae
1128 675 1319 758 Corcyrae,

252 807 325 855 non
346 787 474 853 minna
496 784 556 848 oet.
590 781 658 846 Iam
668 777 1074 861 ordineomnieprocednnt
1093 780 1127 846 et
1147 783 1321 876 narrentur,

253 893 391 960 manneio
411 887 697 980 primamcorcprae
719 885 813 960 tacte,
833 887 1091 966 tnmsnaceptnm
1112 885 1270 951 celerrime
1282 885 1323 950 ad

258 998 439 1082 Pompeium
455 995 525 1071 iter,
547 996 659 1058 aetem.
679 990 747 1075 [Sic
759 988 916 1072 cnecon]
939 989 1001 1055 Sed
1011 990 1043 1054 in
1054 989 1191 1056 lmtinati
1200 989 1323 1056 itirrerie

257 1103 432 1171 narratione
453 1099 570 1166 residet
590 1097 739 1163 mendum
758 1114 780 1159 a
799 1091 908 1160 moltis
929 1094 1178 1164 animadversum
1190 1095 1322 1160 neodem

255 1209 348 1292 plene
370 1208 553 1272 correctum.
598 1202 649 1268 Sic
680 1200 763 1266 enim
792 1200 825 1264 io
854 1199 1009 1266 codicibus
1030 1197 1190 1266 scribitur:
1226 1217 1321 1266 coa·

253 1314 411 1378 tinuato
432 1310 545 1376 nocte
566 1326 609 1372 ao
628 1306 690 1372 die
710 1306 852 1372 itinere
866 1305 980 1388 etque
1001 1305 1177 1372 omnibns
1197 1305 1323 1387 copiis

254 1417 419 1483 mutatis
452 1415 497 1480 ad
530 1411 780 1480 celeritatem
811 1411 1000 1476 iumentis
1033 1410 1077 1476 ad
1098 1409 1324 1494 Pompeiam

255 1519 473 1588 contendit.
528 1518 591 1584 Sub
622 1517 686 1584 illis
716 1517 896 1582 omnibus
927 1514 1066 1599 copiis,
1093 1533 1160 1600 qnae
1190 1513 1323 1600 Nipper-

259 1627 346 1692 dcira
382 1625 448 1690 sine
490 1623 556 1689 ulle
596 1621 812 1705 probabilitate
846 1621 945 1689 deleri
979 1621 1060 1700 vult,
1102 1621 1166 1686 iam
1201 1621 1324 1706 Lipsius

255 1732 376 1798 viderat
410 1729 538 1796 subesse
569 1727 694 1810 aliquid,
730 1728 812 1810 qood
843 1727 885 1792 ad
915 1727 1120 1812 frequentem
1144 1726 1324 1794 motationis

257 1836 433 1922 pertineret
455 1834 542 1898 coine
555 1832 740 1916 significatio
761 1834 871 1900 abares
879 1834 998 1917 neqnit,
1020 1832 1324 1917 sireeamtempon's

255 1940 379 2010 nomine
400 1938 549 2004 oroneo
569 1938 647 2004 velie
679 1938 871 2014 (omnibns
892 1939 1011 2017 horis)
1033 1939 1109 2015 aiae,
1140 1938 1221 2022 qnod
1242 1938 1326 2022 apud

256 2047 400 2130 antiqnm
421 2044 524 2128 magis
544 2043 709 2127 suspicere,
730 2043 801 2109 loni.
856 2043 964 2126 Itaque
985 2043 1108 2126 Lipsiae
1141 2045 1324 2111 omnibns

256 2151 427 2237 oppidis.
480 2148 542 2214 Sed
576 2167 685 2232 pamm
706 2148 739 2213 id
760 2151 827 2216 eret
846 2147 943 2214 lieri
934 2167 966 2212 m
988 2149 1107 2232 oppidis
1128 2169 1211 2233 saepe
1232 2151 1327 2235 longe

257 2255 456 2324 distantibus
513 2255 593 2336 Ipsae
634 2254 746 2320 litterae
766 2271 875 2320 verum
895 2253 1121 2322 demonstrant.
1143 2257 1323 2322 omnibns

257 2361 413 2446 coponio
435 2359 660 2444 (cauponis)
666 2360 693 2438 ¹)

357 2466 425 2532 Ibd
449 2464 505 2530 13:
551 2465 674 2532 cesar
702 2464 882 2548 preelecta
905 2468 1093 2549 occupato
1113 2467 1256 2534 itinere
1277 2395 1325 2534 ad

257 2571 539 2659 Dyrrhachium
561 2571 678 2636 finem
707 2571 942 2654 properandi
972 2571 1077 2638 facit.
1123 2573 1174 2638 Sic
1195 2573 1324 2649 codices

257 2681 318 2746 nisi
344 2679 426 2763 qnod
451 2677 591 2744 marulli
613 2676 794 2759 profecto
825 2676 877 2742 rol
895 2676 1070 2759 perfecto
1092 2679 1221 2756 habena
1242 2679 1325 2745 unde

258 2786 338 2870 quod
349 2785 448 2850 Aldus
469 2783 553 2861 fecit,
578 2783 674 2848 ceteri
685 2783 859 2860 nonerunt,
882 2786 1173 2866 preoccupato‚
1194 2783 1324 2851 einerm

257 2891 350 2958 facile
382 2886 591 2971 adscripturus
626 2885 915 2969 interpretationem
948 2889 1023 2964 erat
1046 2889 1176 2955 minimo
1201 2890 1326 2974 qnidam

257 2995 450 3079 perfecto,
478 3011 516 3058 ex
537 3011 597 3076 qno
632 2990 818 3075 praete'oto
850 2994 954 3060 ortum
986 2995 1192 3079 Nipperdeius
1222 2997 1324 3080 potat.

258 3099 361 3164 (leesor
397 3098 463 3163 eina
508 3097 599 3162 dnbio
636 3101 780 3181 posceret
804 3103 999 3185 praeopto
1036 3101 1200 3181 itinere,
1238 3103 1326 3188 eique

259 3204 448 3288 adscriptam
460 3204 509 3268 eet
523 3204 721 3285 occupato.
743 3203 913 3290 [diacona]
934 3206 1327 3290 Panlopoetnbiincodi·

258 3310 344 3374 cibus
359 3309 516 3374 ecnbitnr:
538 3310 580 3374 nt
600 3307 781 3376 castellis
803 3311 1034 3396 vigiliisque
1055 3314 1324 3381 benemerita

260 3413 451 3478 civitatee
477 3415 570 3482 tntae
599 3416 732 3481 essert
758 3416 946 3498 presidio,
978 3437 1039 3486 non
1069 3417 1236 3486 delendm
1257 3419 1325 3488 erat

261 3639 459 3649 -q-——ffl-—n-

245 3871 251 3878 .
279 3787 301 3859 ¹)
332 3789 514 3860 Elbsrlingiue
544 3793 748 3846 commemorata
774 3792 862 3862 Lipeii
894 3794 1045 3853 coniectura
1075 3771 1178 3864 „ruine
1212 3773 1325 3870 aliqaod

328 3881 486 3937 vocabalum
504 3884 636 3952 scriptum
653 3883 751 3938 faisee“
781 3885 939 3954 suspicatur,
968 3889 1038 3960 qnod
1064 3907 1118 3944 non
1153 3891 1324 3948 intellectum

329 3976 496 4030 mutaverint
513 3973 626 4031 librarii.
662 3973 785 4031 Proxime
802 3977 895 4032 aberet
913 3995 929 4033 e
946 3995 1017 4038 vcro.
