2938 4630
537 1112 800 1210 Promonitum,

448 1296 632 1394 Addonda
669 1295 891 1400 corrigendo.

137 1601 185 1714 Iu
210 1649 268 1714 hoo
297 1649 393 1716 altero
424 1649 665 1716 advorsariomm
693 1651 862 1729 volumino,
896 1653 974 1734 quod
1003 1671 1094 1736 prope
1125 1652 1200 1720 duos

137 1774 233 1821 annos
256 1756 336 1838 apud
358 1757 532 1840 typothetas
555 1757 652 1832 haesit,
676 1757 853 1822 benevolam
878 1763 909 1823 et
923 1758 1052 1842 peritam
1077 1777 1199 1840 operam

136 1861 167 1924 in
190 1862 377 1945 corrigendis
393 1863 534 1946 typorum
552 1863 702 1927 erroribus
718 1863 793 1928 mihi
809 1865 1013 1930 commodavit
1030 1865 1199 1930 Clarentius

137 1967 292 2041 Gerizim,
316 1968 480 2050 discipulus
499 1969 685 2046 carissimus,
708 1989 763 2034 nac
785 1989 880 2051 pauca
903 1975 987 2036 extra
1008 1971 1083 2034 illud
1108 1971 1200 2035 corri-

136 2074 230 2158 gendi
251 2093 346 2158 genus
369 2074 486 2139 utiliter
508 2094 557 2138 me
579 2076 707 2141 monuit.
755 2077 785 2140 Is
809 2096 875 2140 cunr
899 2078 930 2141 in
954 2077 1082 2160 singulis
1104 2078 1199 2158 serip-

138 2181 256 2245 toribus
280 2182 390 2263 prater
413 2182 524 2245 nostrae
546 2181 646 2245 aetatis
669 2181 870 2264 proximaeque
887 2183 1035 2248 editiones
1051 2185 1199 2265 apparatu

138 2287 245 2352 critico
266 2289 444 2362 instructas,
477 2287 585 2368 quibus
615 2306 669 2370 ogo
697 2291 840 2369 perpetuo
870 2307 942 2352 usus
971 2308 1072 2366 eram,
1106 2289 1197 2352 etiam

137 2394 334 2477 antiquiores,
358 2411 423 2476 quae
439 2392 591 2457 rariorum
612 2396 700 2458 notas
717 2395 872 2470 haberent,
896 2394 1084 2478 diligentius,
1108 2414 1198 2476 quarn

138 2518 194 2583 ego
216 2499 359 2574 feceram,
382 2499 632 2582 perscrutaretur,
660 2519 750 2564 unam
773 2502 864 2564 etiarn
890 2503 921 2564 et
944 2501 1071 2564 alteram
1095 2519 1199 2564 recen-

137 2604 301 2678 tissimam,
335 2592 424 2687 quam
449 2624 504 2688 ego
528 2624 584 2667 non
608 2605 816 2684 adhibueram,
851 2626 907 2670 non
931 2607 976 2670 ita
997 2625 1100 2689 pauca,
1133 2626 1199 2688 quae

137 2729 207 2775 moa
231 2711 402 2775 coniectura
426 2711 674 2784 (mandaveram,
709 2712 814 2776 codem
843 2713 932 2776 modo
956 2731 974 2774 a
996 2711 1199 2791 superioribus

139 2819 276 2881 correcta
310 2819 456 2900 repperit,
501 2817 646 2882 nonnulla
679 2837 782 2900 nuper.
845 2820 901 2884 His
936 2817 1198 2882 emendationibus

137 2924 307 3004 primorum
330 2924 520 2989 inventorum
542 2926 665 2988 nomina
686 2926 716 2988 in
740 2925 871 3009 plagulis
894 2927 1005 2990 iterum
1029 2925 1198 3007 relegendis

138 3029 289 3111 adscripsi
311 3030 498 3107 breuissime,
521 3049 558 3093 ne
581 3031 708 3094 nimiam
733 3031 902 3095 molestiam
928 3030 1093 3114 typothetae
1117 3049 1199 3093 crea·

137 3152 213 3211 rem,
236 3153 292 3198 nec
313 3135 401 3200 ualde
425 3135 505 3200 dolui
529 3137 573 3200 sic
585 3137 737 3202 nonnullis
749 3137 891 3201 nouitatis
913 3136 1045 3219 gratiam
1068 3136 1197 3200 detrahi.

137 3241 218 3304 Nam
242 3261 295 3324 pro
318 3242 403 3306 novis
426 3244 529 3306 tamen
554 3262 611 3306 non
636 3243 789 3310 immerito
812 3242 1007 3322 accipientur,
1034 3262 1099 3323 quae
1122 3242 1197 3304 adeo

137 3351 241 3430 spreta
263 3349 294 3412 et
315 3347 457 3414 oblivioni
479 3349 592 3413 tradita
614 3349 782 3420 iacuerunt,
805 3349 840 3410 ut
861 3366 1004 3430 magnam
1022 3348 1138 3428 partem
1161 3366 1197 3410 ne

137 3453 340 3535 suspicionem
377 3455 500 3536 quidem
537 3455 631 3518 ullam
668 3449 807 3536 cuiquam
842 3455 978 3518 obortam
1014 3453 1197 3517 recentiores

136 3558 269 3622 editores
290 3559 477 3633 indicarent,
510 3560 541 3624 in
565 3561 683 3625 Cresaro
706 3559 908 3642 Nipperdsius
931 3561 984 3623 aut
1007 3557 1197 3631 Ducbnerus,

135 3662 168 3727 in
192 3664 325 3728 historiae
345 3667 491 3749 Augustae
506 3666 703 3748 scriptoribus
718 3665 974 3750 Eyssenhardtiu's
989 3663 1198 3744 Iordanusque

137 3773 191 3834 aut
220 3771 356 3844 Poteras,
390 3771 420 3834 in
452 3772 520 3837 aliis
554 3757 615 3844 alii,
649 3774 680 3836 et
713 3774 908 3836 confirmatur·
941 3771 1053 3835 veritas
1085 3771 1195 3833 iterum

139 3876 274 3940 inuenta.
340 3875 509 3958 Supersunt
553 3878 688 3942 eiusdem
732 3878 853 3962 generis
897 3877 1041 3942 nonnulla
1077 3877 1195 3957 aliaque

139 3982 278 4062 quaedam
302 4001 368 4048 soro
385 3983 607 4060 animadversa,
630 4003 695 4065 quae
713 3984 761 4046 hio
777 4003 846 4048 oum
863 3984 1048 4046 minutorum
1061 4001 1196 4046 errorum

140 4087 324 4151 correctione
348 4107 382 4153 eo
405 4089 468 4153 loco
490 4108 609 4172 ponam,
636 4089 687 4152 ubi
709 4089 828 4152 facilius
851 4090 882 4152 iu
905 4089 1008 4153 oculos
1031 4089 1195 4152 incurrant.
