2970 4648
1211 115 1307 147 -κ-,Ἢ

512 302 544 358 L.
563 301 663 357 Seneca
680 305 786 372 questi.
805 307 893 360 netur.
1127 305 1187 368 441

169 499 359 565 fulminis
392 500 499 565 ictus
529 501 665 582 priora
697 500 858 568 delevit
891 505 929 568 et
961 502 1007 566 ed
1041 504 1231 570 se'fidem

167 605 308 684 traxit,
329 604 477 670 fulsum
500 608 579 682 est,
602 606 899 673 qusicscribitur:
922 608 1054 700 Sihoc
1075 607 1231 677 dicunt:

168 711 271 793 qnod
293 711 427 777 altero
454 727 517 776 res
550 729 682 776 uerum
718 711 908 794 praedixit
943 714 1012 780 sed
1046 714 1232 782 fulminis

167 817 245 890 cet,
277 834 313 881 ex
340 833 399 900 qno
430 816 561 882 efficitur
587 835 707 883 verum:
741 817 792 884 'Si
821 818 890 885 hoc
919 819 1076 885 dicunt:
1121 819 1233 901 Quod

167 923 299 988 ultera
331 945 394 984 are
420 922 621 1006 predicte,
672 943 801 986 cerum
836 933 910 1001 ecc,
942 923 1011 989 scd
1039 924 1232 1010 [fulminis

166 1028 187 1092 i.
210 1047 260 1110 pr.
284 1027 356 1094 del.
378 1030 425 1093 et.
449 1029 495 1094 od
523 1048 564 1094 se
593 1028 862 1106 f.cr.,fe1sum
895 1030 964 1095 est.
1009 1029 1232 1111 (Alterars,

167 1133 240 1198 dein
273 1134 407 1200 altere
438 1143 527 1214 res).
584 1136 664 1200 Tum
694 1155 729 1200 ex
762 1133 898 1200 eiusdem
930 1135 956 1198 E
985 1137 1124 1220 vestigiis
1146 1144 1232 1215 (uon

166 1239 1231 1322 interest,ubiceterinihilinterit)scribendumestzlctum

166 1363 278 1409 uuum
301 1347 375 1420 est,
406 1347 504 1430 quod
526 1348 607 1414 sive
628 1348 750 1431 primo
778 1347 954 1430 euspicio
985 1345 1231 1412 intellectum

167 1454 226 1516 est
246 1451 329 1516 sive
351 1453 533 1528 secundo,
557 1472 629 1518 non
652 1453 801 1518 interit.
849 1452 918 1537 [Sic
936 1451 1039 1536 ulcu]
1073 1452 1232 1518 Postremo

165 1557 405 1641 §dlickertus
435 1563 467 1624 et
489 1559 624 1624 Hessius
655 1577 691 1623 ex
711 1557 755 1636 n,
792 1577 881 1642 quem
910 1562 1014 1624 tomen
1047 1575 1100 1641 per
1129 1560 1232 1624 omnin

166 1664 253 1748 sequi
274 1683 333 1730 non
355 1666 535 1750 potuerunt,
569 1683 605 1730 ec
631 1664 814 1747 posuerunt,
843 1683 911 1748 quoe
940 1665 972 1730 ct
998 1658 1133 1730 erutione
1155 1667 1232 1746 (per
1330 1677 1332 1682 ·

166 1772 263 1853 quod
296 1771 467 1854 quidem)
501 1772 533 1836 et
563 1771 715 1836 sententia
753 1770 808 1850 (de
844 1776 923 1847 ove)
957 1769 1090 1835 absurde
1118 1771 1230 1834 essent.

166 1875 365 1942 Scribeudnm
398 1880 447 1944 est
480 1878 543 1962 lere
565 1897 637 1943 cum
659 1876 878 1960 superioribus:
931 1876 995 1941 Ito
1027 1874 1124 1940 dioc:
1161 1893 1231 1940 nou

165 1983 300 2058 refert,
320 2001 364 2048 cn
387 1982 494 2048 aliud
515 1984 577 2062 sit,
599 2001 665 2068 per
686 1982 782 2066 quod
805 1983 1021 2065 quen-rimus,
1043 1981 1232 2064 quonium,

166 2086 209 2151 de
232 2107 301 2171 quo
330 2087 550 2172 querimus,
573 2090 673 2155 idem
696 2091 765 2156 est.
798 2089 936 2174 lictum
965 2085 1129 2152 fulmine
1150 2105 1232 2150 rnu-

165 2194 242 2258 teri
278 2214 348 2261 non
380 2195 519 2279 potest.
577 2196 687 2261 Turbes
724 2196 798 2260 ortae
831 2197 903 2260 sunt
935 2212 970 2258 ex
1002 2193 1129 2277 syllabis
1161 2211 1231 2276 quc

166 2317 259 2382 quae
281 2319 314 2365 se
336 2301 562 2384 excipientibus.
622 2301 672 2381 (In
697 2301 740 2366 de
772 2319 842 2384 quo
862 2319 900 2364 no
923 2299 1083 2364 Fickertus
1105 2299 1230 2383 quidem

165 2406 341 2485 aberravit.)
473 2433 476 2438 ¹

266 2513 331 2576 lbd.
367 2511 422 2591 35,
468 2514 499 2575 l:
542 2511 730 2578 Permitte
775 2512 869 2576 mihi
910 2510 1020 2575 illem
1063 2511 1229 2594 rigidam

167 2619 312 2682 rectem
334 2619 438 2683 tueri
460 2637 601 2692 eorum,
624 2619 687 2701 qui
709 2617 907 2699 excipiunt
927 2616 1005 2681 iste
1031 2616 1230 2700 (expiationes

166 2711 470 2808 procurationesque)
507 2725 545 2789 et
571 2724 672 2788 nihil
708 2742 792 2788 osse
826 2722 936 2787 aliud
978 2741 1088 2805 quam
1124 2741 1231 2806 aegree

166 2813 311 2896 montis
344 2830 485 2896 solatia
515 2831 753 2896 existiment.
801 2826 875 2908 oue
906 2828 971 2892 hoec
998 2827 1133 2911 exceptio
1164 2829 1232 2892 est?

167 2935 279 3001 Surio:
297 2935 686 3020 quidecpc'cc'onlista.
707 2933 910 2999 Fromondus:
929 2935 996 3017 qui
1011 2933 1230 3014 exsibilent‚

165 3041 288 3126 longius
322 3043 494 3112 discedens:
533 3043 586 3108 clii
618 3042 800 3108 reiciunt.
857 3039 940 3124 (Cap.
974 3039 1028 3115 37,
1072 3039 1091 3102 2
1124 3059 1230 3106 verum

166 3149 301 3214 servavit
322 3149 452 3216 deterior
475 3150 618 3216 codicum
640 3149 735 3222 secta,
757 3147 890 3212 Bdnce:
933 3146 1109 3226 Quaedam
1133 3145 1231 3210 enim

166 3273 185 3319 e
208 3254 266 3322 dis
287 3255 450 3321 immori.
471 3256 526 3322 ito
548 3273 736 3338 suspense
756 3255 899 3319 relicta
922 3255 1011 3318 sunt
1031 3253 1116 3330 cet).

267 3363 334 3427 lbd.
358 3361 409 3438 39,
431 3362 465 3425 22
511 3361 646 3427 Status
668 3364 741 3438 est,
772 3360 837 3425 ubi
858 3359 970 3423 rebus
993 3357 1139 3440 quietis
1166 3373 1232 3420 nec

166 3467 382 3552 agentibus
419 3484 489 3532 nec
530 3467 797 3551 cogitantibus
836 3466 1044 3550 quicquam
1086 3462 1231 3528 fulmen

167 3573 317 3657 quidem
350 3573 566 3638 intervenit
601 3576 638 3638 et
668 3574 733 3636 cut
753 3572 924 3636 minetur
946 3573 1012 3635 aul·
1034 3568 1234 3654 promittit
1313 3627 1315 3632 .

167 3682 232 3746 ont
253 3684 390 3746 monet.
451 3679 520 3744 Non
553 3678 653 3761 potuit
674 3677 788 3742 Seneca
809 3680 873 3740 tem
897 3675 1040 3758 ambigue
1062 3674 1111 3741 vol
1132 3674 1233 3757 potius

164 3789 233 3852 tem
255 3805 396 3869 perverse
419 3786 565 3863 scribere,
602 3776 637 3849 nt
658 3785 728 3868 post
748 3781 866 3847 rebus
889 3781 1039 3865 quietis
1061 3781 1234 3866 participio,

167 3891 252 3958 nullo
274 3892 380 3958 addito
402 3892 579 3976 pronomine
601 3889 808 3972 (nobis)‚·de
830 3887 1006 3953 hominibus
1028 3886 1233 3969 intelligeren-

166 4000 226 4063 tur.
278 3999 345 4063 Nec
365 3998 397 4062 iu
419 3997 627 4082 superioribus
662 3995 824 4078 quicquam
848 3992 1033 4058 derorum
1055 3991 1233 4057 condicione

167 4103 285 4169 dictum
308 4106 365 4170 est.
423 4105 531 4188 Itaque
553 4103 665 4167 rebus
691 4103 745 4166 aut
765 4098 936 4196 tollendum
959 4101 1007 4163 est
1029 4100 1073 4178 (et
1094 4098 1182 4163 obest
1203 4097 1234 4160 in
1339 4115 1349 4180 j
