2970 4648
510 289 541 348 L.
562 291 663 346 Seneca
679 290 713 347 de
729 289 803 350 brev-
816 293 885 348 vite.
1127 291 1190 356 399

265 488 333 556 Ibd.
356 488 385 564 9,
408 488 445 554 3:
488 489 571 554 Hoc
601 506 755 574 quoque
788 491 1061 574 pulcherrime
1090 492 1137 557 ad
1166 512 1233 559 ex·

164 595 436 678 probraudam
465 595 676 662 infinitam
699 595 1010 680 cogitationem,
1033 598 1135 681 quod
1156 617 1231 666 uon

165 699 364 782 optimam
410 721 608 786 quamque
650 703 825 780 atatem,
869 703 937 768 sed
975 703 1079 769 diem
1117 704 1230 772 dicit.

166 805 276 889 Neque
303 800 466 892 Vergilius
497 825 594 890 neque
641 807 757 874 Seneca
800 810 1018 892 cogitationem
1058 810 1230 878 homiuibus

165 912 406 996 exprobrandam
456 915 590 998 putarit,
645 913 700 978 scd
747 915 926 998 perpetuam
973 918 1006 982 et
1052 917 1231 984 instabilem

165 1018 396 1100 occupationem
431 1021 463 1086 et
494 1024 629 1099 motum,
664 1020 721 1086 hoc
752 1022 810 1100 cst,
848 1021 1115 1105 capitationem.
1159 1024 1230 1091 Non

164 1141 233 1189 raro
275 1123 334 1189 boc
369 1123 416 1190 illi
451 1123 563 1201 cessit,
598 1127 636 1190 ut
671 1125 752 1208 apud
790 1128 892 1211 ipsum
924 1126 1071 1194 Senecam
1113 1129 1151 1194 de
1184 1131 1231 1198 ira

163 1229 190 1309 I,
214 1231 242 1309 1,
266 1229 297 1294 7.

265 1334 333 1401 lbd.
361 1335 471 1414 11,1ε
506 1336 660 1404 stultos
696 1357 737 1402 se
764 1338 912 1416 fuisse,
944 1340 1091 1404 utnon
1120 1339 1230 1405 vixe-

164 1442 269 1519 rint,
291 1439 524 1507 clamitant.
573 1441 643 1508 Iure
668 1443 837 1527 superiores
858 1442 890 1507 in
911 1445 954 1509 ut
974 1444 1142 1524 baeeerant;
1169 1445 1231 1510 ita·

164 1567 224 1632 que
251 1547 358 1630 quod
390 1547 631 1640 substituerunt3
666 1549 786 1614 facilius
810 1546 932 1614 videtur
953 1551 1021 1634 qui,
1053 1551 1135 1634 quod
1157 1549 1233 1618 alibi

165 1672 283 1738 quoque
306 1671 376 1718 cum
397 1654 440 1719 ut
460 1655 669 1736 permutatum
691 1654 764 1720 vidi.

175 1801 178 1808 ·
265 1759 466 1837 Ibd.12‚l:
505 1779 599 1844 qnos
630 1760 776 1826 officia
805 1758 989 1828 domibus
1023 1763 1109 1828 suis
1138 1781 1230 1830 evo-

165 1868 277 1943 cant,
307 1863 350 1929 nt
376 1864 537 1932 'alienis
564 1865 723 1930 foribus
755 1865 945 1945 illidunt,
982 1868 1101 1934 basta
1131 1889 1231 1953 prae-

164 1969 437 2040 torisinfami
466 1970 581 2036 lucro
703 1975 875 2038 exercet·
918 1971 969 2038 Sic
991 1971 1120 2039 codices.
1164 1975 1231 2040 Ad·

163 2079 242 2144 dunt
263 2095 359 2162 quos
382 2076 451 2159 post
472 2075 653 2144 illidant.
711 2077 845 2144 Facilius
867 2078 1004 2144 excidere
1026 2082 1147 2163 poterat
1167 2088 1233 2142 cat

162 2184 332 2270 postant.

128 2365 134 2374 ,
265 2290 333 2355 lbd.
359 2289 407 2366 13,
437 2289 474 2357 8:
510 2289 593 2368 Hoc
622 2288 730 2356 scire
751 2289 881 2374 magis
903 2291 1088 2373 prodest,
1117 2309 1230 2376 quam

164 2396 409 2462 Aventinum
443 2399 615 2461 montem
649 2397 763 2461 extra
793 2397 1025 2477 pomoerium
1058 2415 1155 2472 esse,
1188 2397 1231 2462 ut

163 2504 240 2569 ille
277 2501 535 2576 affirmabat,
577 2504 746 2584 propter
781 2502 955 2570 alteram
996 2521 1038 2568 ex
1077 2502 1230 2568 duabus

165 2607 318 2685 causis,
352 2608 409 2673 cet.
457 2603 573 2670 Seneca
605 2607 766 2689 perspicue
797 2608 862 2674 haec
883 2608 984 2674 omnia
1006 2626 1091 2692 aeque
1108 2608 1231 2674 inutilia

164 2713 246 2783 scitu
277 2711 401 2778 iudicat.
449 2712 567 2794 Itaque,
603 2712 747 2796 quoniam
783 2713 881 2778 audax
920 2715 969 2780 est
999 2732 1074 2779 non
1107 2711 1230 2792 addere,

164 2819 287 2886 ironicae
318 2819 424 2883 autem
453 2817 558 2883 formae
590 2819 676 2883 nulla
698 2819 747 2884 est
767 2818 953 2894 similitudo,
985 2817 1150 2884 videndum
1173 2821 1230 2898 est,

164 2945 203 2991 nc
240 2925 299 2990 hac
334 2924 575 3008 interrogatione
617 2941 690 2988 usus
725 2924 781 2988 sit:
836 2925 918 2990 Hoc
959 2924 1064 2990 scire
1100 2925 1230 3012 magis

163 3031 334 3116 prodest
377 3053 423 3094 aa
455 3030 701 3096 Aventinum
745 3031 918 3094 montem
951 3034 1230 3115 extrapomoe·

164 3138 265 3204 rium
288 3155 378 3202 csse
405 3138 484 3202 ...f
698 3131 701 3136 ’

265 3242 333 3308 Ibd.
358 3242 407 3320 14,
430 3242 450 3304 2
471 3238 635 3308 sententia
658 3243 702 3308 sic
718 3242 894 3326 separandae
916 3245 1003 3309 sunt:
1107 3244 1232 3322 bomi-

166 3348 230 3414 nis
251 3350 440 3413 naturam
463 3365 548 3414 oum
571 3348 730 3428 Stoicis
751 3349 933 3428 vincere,
962 3369 1048 3415 cum
1070 3349 1231 3435 Cynicis

167 3453 372 3520 excedere.
427 3451 520 3518 Cum
555 3472 687 3520 rerum
726 3455 871 3548 natura
907 3456 946 3519 in
981 3456 1232 3521 consortium

166 3559 297 3625 omnis
331 3558 402 3624 aevi
434 3559 625 3642 patiatur
656 3559 863 3639 incedere,
897 3560 1040 3644 quidni
1161 3581 1230 3629 nos

166 3665 304 3732 demus
332 3667 412 3732 ...f

267 3771 335 3839 Ibd.
359 3770 409 3850 15,
432 3771 466 3832 l:
510 3769 584 3835 Por
613 3770 714 3837 illos
742 3790 814 3836 non
843 3771 991 3848 stabit,
1020 3773 1231 3856 quominus

166 3876 402 3960 plurimum,
446 3879 639 3960 quantum
685 3877 861 3960 ceperis,
902 3877 1076 3944 haurias.
1137 3878 1269 3944 Recte.

167 3982 326 4048 Muretus:
349 3983 580 4064 quominus,
603 3983 793 4066 quantum
814 3982 1031 4066 plurimum
1053 3983 1232 4066 ceperis,

166 4086 345 4152 haurias.
390 4087 453 4152 Sed
474 4086 568 4153 simul
596 4088 765 4154 necessario
791 4088 1004 4171 reponendum.
1018 4089 1076 4167 est,
1099 4089 1180 4172 quod
1200 4089 1232 4154 iu
