<?xml version="1.0" encoding="UTF-8"?>
<!DOCTYPE html PUBLIC "-//W3C//DTD XHTML 1.0 Transitional//EN"
    "http://www.w3.org/TR/xhtml1/DTD/xhtml1-transitional.dtd">
<html xmlns="http://www.w3.org/1999/xhtml" xml:lang="en" lang="en">
 <head>
  <title>
</title>
<meta http-equiv="Content-Type" content="text/html;charset=utf-8" />
  <meta name='ocr-system' content='tesseract 3.04.00' />
  <meta name='ocr-capabilities' content='ocr_page ocr_carea ocr_par ocr_line ocrx_word'/>
</head>
<body>
  <div class='ocr_page' id='page_1' title='image "./adversariacriti03madvgoog/adversariacriti03madvgoog_0220.png"; bbox 0 0 2978 4644; ppageno 0'>
   <div class='ocr_carea' id='block_1_1' title="bbox 532 293 1176 362">
    <p class='ocr_par' dir='ltr' id='par_1_1' title="bbox 532 293 1176 362">
     <span class='ocr_line' id='line_1_1' title="bbox 532 293 1176 362; baseline -0.002 -10"><span class='ocrx_word' id='word_1_1' title='bbox 532 293 669 352; x_wconf 82' lang='lat' dir='ltr'>Ciceronis</span> <span class='ocrx_word' id='word_1_2' title='bbox 686 294 835 352; x_wconf 71' lang='lat' dir='ltr'>Orationes.</span> <span class='ocrx_word' id='word_1_3' title='bbox 1115 295 1176 362; x_wconf 70' lang='lat'>207</span> 
     </span>
    </p>
   </div>
   <div class='ocr_carea' id='block_1_2' title="bbox 157 493 1230 3228">
    <p class='ocr_par' dir='ltr' id='par_1_2' title="bbox 157 493 1230 1647">
     <span class='ocr_line' id='line_1_2' title="bbox 258 493 1219 584; baseline 0.005 -24"><span class='ocrx_word' id='word_1_4' title='bbox 258 493 325 562; x_wconf 77' lang='lat' dir='ltr'>loc</span> <span class='ocrx_word' id='word_1_5' title='bbox 347 493 407 559; x_wconf 84' lang='lat'>99:</span> <span class='ocrx_word' id='word_1_6' title='bbox 439 496 481 560; x_wconf 93' lang='lat' dir='ltr'>nt</span> <span class='ocrx_word' id='word_1_7' title='bbox 509 494 609 562; x_wconf 84' lang='lat' dir='ltr'>nihil</span> <span class='ocrx_word' id='word_1_8' title='bbox 630 513 719 561; x_wconf 81' lang='lat' dir='ltr'>euro</span> <span class='ocrx_word' id='word_1_9' title='bbox 744 498 782 562; x_wconf 90' lang='lat' dir='ltr'>et</span> <span class='ocrx_word' id='word_1_10' title='bbox 801 505 962 584; x_wconf 78' lang='lat' dir='ltr'>urgento</span> <span class='ocrx_word' id='word_1_11' title='bbox 981 499 1136 574; x_wconf 78' lang='lat' dir='ltr'>violari,</span> <span class='ocrx_word' id='word_1_12' title='bbox 1161 497 1219 565; x_wconf 93' lang='lat' dir='ltr'>ni·</span> 
     </span>
     <span class='ocr_line' id='line_1_3' title="bbox 157 598 1230 687; baseline 0.006 -23"><span class='ocrx_word' id='word_1_13' title='bbox 157 598 215 666; x_wconf 89' lang='lat' dir='ltr'>hil</span> <span class='ocrx_word' id='word_1_14' title='bbox 244 617 400 668; x_wconf 84' lang='lat' dir='ltr'>numero</span> <span class='ocrx_word' id='word_1_15' title='bbox 433 602 474 667; x_wconf 90' lang='lat' dir='ltr'>et</span> <span class='ocrx_word' id='word_1_16' title='bbox 501 601 714 686; x_wconf 79' lang='lat' dir='ltr'>suffragiis</span> <span class='ocrx_word' id='word_1_17' title='bbox 749 600 962 687; x_wconf 79' lang='lat' dir='ltr'>declarari,</span> <span class='ocrx_word' id='word_1_18' title='bbox 994 605 1097 673; x_wconf 86' lang='lat' dir='ltr'>nihil</span> <span class='ocrx_word' id='word_1_19' title='bbox 1121 603 1160 672; x_wconf 85' lang='lat' dir='ltr'>vi</span> <span class='ocrx_word' id='word_1_20' title='bbox 1180 605 1230 670; x_wconf 88' lang='lat' dir='ltr'>ot</span> 
     </span>
     <span class='ocr_line' id='line_1_4' title="bbox 158 707 1220 796; baseline 0.004 -24"><span class='ocrx_word' id='word_1_21' title='bbox 158 723 276 775; x_wconf 84' lang='lat' dir='ltr'>menn</span> <span class='ocrx_word' id='word_1_22' title='bbox 295 707 493 791; x_wconf 82' lang='lat' dir='ltr'>perfringi</span> <span class='ocrx_word' id='word_1_23' title='bbox 512 707 661 790; x_wconf 75' lang='lat' dir='ltr'>posset.</span> <span class='ocrx_word' id='word_1_24' title='bbox 691 708 794 791; x_wconf 85' lang='lat' dir='ltr'>quod</span> <span class='ocrx_word' id='word_1_25' title='bbox 814 729 883 776; x_wconf 91' lang='lat' dir='ltr'>non</span> <span class='ocrx_word' id='word_1_26' title='bbox 904 731 971 780; x_wconf 87' lang='lat' dir='ltr'>ros</span> <span class='ocrx_word' id='word_1_27' title='bbox 993 729 1220 796; x_wconf 88' lang='lat' dir='ltr'>oppressum</span> 
     </span>
     <span class='ocr_line' id='line_1_5' title="bbox 158 813 1221 896; baseline 0 -16"><span class='ocrx_word' id='word_1_28' title='bbox 158 814 277 895; x_wconf 74' lang='lat' dir='ltr'>etque</span> <span class='ocrx_word' id='word_1_29' title='bbox 313 814 486 896; x_wconf 86' lang='lat' dir='ltr'>ereptum</span> <span class='ocrx_word' id='word_1_30' title='bbox 519 813 720 878; x_wconf 88' lang='lat' dir='ltr'>teneretis.</span> <span class='ocrx_word' id='word_1_31' title='bbox 762 814 860 882; x_wconf 86' lang='lat' dir='ltr'>Recte</span> <span class='ocrx_word' id='word_1_32' title='bbox 891 818 990 886; x_wconf 87' lang='lat' dir='ltr'>sensit</span> <span class='ocrx_word' id='word_1_33' title='bbox 1020 817 1165 895; x_wconf 82' lang='lat' dir='ltr'>Oreliins‚</span> <span class='ocrx_word' id='word_1_34' title='bbox 1201 833 1221 880; x_wconf 89' lang='lat' dir='ltr'>e</span> 
     </span>
     <span class='ocr_line' id='line_1_6' title="bbox 158 915 1220 1007; baseline -0.001 -19"><span class='ocrx_word' id='word_1_35' title='bbox 158 915 285 988; x_wconf 73' lang='lat' dir='ltr'>Baitero</span> <span class='ocrx_word' id='word_1_36' title='bbox 313 920 345 985; x_wconf 89' lang='lat' dir='ltr'>et</span> <span class='ocrx_word' id='word_1_37' title='bbox 361 919 474 986; x_wconf 72' lang='lat' dir='ltr'>dunis</span> <span class='ocrx_word' id='word_1_38' title='bbox 509 937 528 984; x_wconf 88' lang='lat' dir='ltr'>c</span> <span class='ocrx_word' id='word_1_39' title='bbox 558 917 698 1003; x_wconf 79' lang='lat' dir='ltr'>Kaysero</span> <span class='ocrx_word' id='word_1_40' title='bbox 723 919 782 986; x_wconf 90' lang='lat' dir='ltr'>hoc</span> <span class='ocrx_word' id='word_1_41' title='bbox 813 920 880 988; x_wconf 93' lang='lat' dir='ltr'>loco</span> <span class='ocrx_word' id='word_1_42' title='bbox 909 922 1020 989; x_wconf 74' lang='lat' dir='ltr'>iniuria</span> <span class='ocrx_word' id='word_1_43' title='bbox 1050 923 1220 1007; x_wconf 76' lang='lat' dir='ltr'>neglectus,</span> 
     </span>
     <span class='ocr_line' id='line_1_7' title="bbox 159 1023 1222 1112; baseline 0.007 -24"><span class='ocrx_word' id='word_1_44' title='bbox 159 1041 218 1092; x_wconf 88' lang='lat' dir='ltr'>non</span> <span class='ocrx_word' id='word_1_45' title='bbox 241 1023 316 1090; x_wconf 84' lang='lat' dir='ltr'>ferri</span> <span class='ocrx_word' id='word_1_46' title='bbox 335 1043 426 1108; x_wconf 84' lang='lat' dir='ltr'>posse</span> <span class='ocrx_word' id='word_1_47' title='bbox 452 1023 662 1099; x_wconf 76' lang='lat' dir='ltr'>declarari,</span> <span class='ocrx_word' id='word_1_48' title='bbox 696 1025 779 1108; x_wconf 86' lang='lat' dir='ltr'>quod</span> <span class='ocrx_word' id='word_1_49' title='bbox 810 1025 851 1092; x_wconf 85' lang='lat' dir='ltr'>nd</span> <span class='ocrx_word' id='word_1_50' title='bbox 869 1026 1044 1112; x_wconf 70' lang='lat' dir='ltr'>legitimum</span> <span class='ocrx_word' id='word_1_51' title='bbox 1066 1027 1222 1095; x_wconf 68' lang='lat' dir='ltr'>octonem</span> 
     </span>
     <span class='ocr_line' id='line_1_8' title="bbox 159 1128 1221 1216; baseline 0 -18"><span class='ocrx_word' id='word_1_52' title='bbox 159 1129 306 1212; x_wconf 76' lang='lat' dir='ltr'>pertinet,</span> <span class='ocrx_word' id='word_1_53' title='bbox 356 1129 434 1198; x_wconf 86' lang='lat' dir='ltr'>inter</span> <span class='ocrx_word' id='word_1_54' title='bbox 475 1128 620 1196; x_wconf 86' lang='lat' dir='ltr'>riolcri</span> <span class='ocrx_word' id='word_1_55' title='bbox 652 1131 685 1196; x_wconf 92' lang='lat' dir='ltr'>et</span> <span class='ocrx_word' id='word_1_56' title='bbox 725 1130 936 1216; x_wconf 81' lang='lat' dir='ltr'>perfringi,</span> <span class='ocrx_word' id='word_1_57' title='bbox 973 1152 1040 1216; x_wconf 77' lang='lat' dir='ltr'>quse</span> <span class='ocrx_word' id='word_1_58' title='bbox 1075 1133 1116 1199; x_wconf 88' lang='lat' dir='ltr'>ed</span> <span class='ocrx_word' id='word_1_59' title='bbox 1145 1132 1221 1198; x_wconf 87' lang='lat' dir='ltr'>ioris</span> 
     </span>
     <span class='ocr_line' id='line_1_9' title="bbox 159 1235 1222 1324; baseline 0.006 -24"><span class='ocrx_word' id='word_1_60' title='bbox 159 1235 360 1315; x_wconf 66' lang='lat' dir='ltr'>cremonem,</span> <span class='ocrx_word' id='word_1_61' title='bbox 383 1235 611 1324; x_wconf 82' lang='lat' dir='ltr'>interpositum,</span> <span class='ocrx_word' id='word_1_62' title='bbox 633 1254 704 1300; x_wconf 90' lang='lat' dir='ltr'>curn</span> <span class='ocrx_word' id='word_1_63' title='bbox 725 1237 898 1318; x_wconf 74' lang='lat' dir='ltr'>presertim</span> <span class='ocrx_word' id='word_1_64' title='bbox 919 1237 1090 1304; x_wconf 84' lang='lat' dir='ltr'>communis</span> <span class='ocrx_word' id='word_1_65' title='bbox 1111 1239 1222 1306; x_wconf 78' lang='lat' dir='ltr'>hortm</span> 
     </span>
     <span class='ocr_line' id='line_1_10' title="bbox 163 1341 1222 1428; baseline 0.006 -24"><span class='ocrx_word' id='word_1_66' title='bbox 163 1358 268 1408; x_wconf 86' lang='lat' dir='ltr'>rerum</span> <span class='ocrx_word' id='word_1_67' title='bbox 291 1341 419 1408; x_wconf 84' lang='lat' dir='ltr'>effectos</span> <span class='ocrx_word' id='word_1_68' title='bbox 449 1341 619 1424; x_wconf 79' lang='lat' dir='ltr'>participiis</span> <span class='ocrx_word' id='word_1_69' title='bbox 649 1359 878 1424; x_wconf 88' lang='lat' dir='ltr'>oppressum</span> <span class='ocrx_word' id='word_1_70' title='bbox 899 1346 1022 1428; x_wconf 82' lang='lat' dir='ltr'>etque</span> <span class='ocrx_word' id='word_1_71' title='bbox 1044 1345 1222 1428; x_wconf 88' lang='lat' dir='ltr'>ereptum</span> 
     </span>
     <span class='ocr_line' id='line_1_11' title="bbox 159 1445 1222 1534; baseline 0.005 -22"><span class='ocrx_word' id='word_1_72' title='bbox 159 1445 361 1530; x_wconf 84' lang='lat' dir='ltr'>significetur.</span> <span class='ocrx_word' id='word_1_73' title='bbox 414 1446 617 1514; x_wconf 73' lang='lat' dir='ltr'>scribendum</span> <span class='ocrx_word' id='word_1_74' title='bbox 652 1450 719 1516; x_wconf 80' lang='lat' dir='ltr'>est:</span> <span class='ocrx_word' id='word_1_75' title='bbox 751 1467 910 1514; x_wconf 87' lang='lat' dir='ltr'>numero</span> <span class='ocrx_word' id='word_1_76' title='bbox 943 1452 984 1516; x_wconf 90' lang='lat' dir='ltr'>et</span> <span class='ocrx_word' id='word_1_77' title='bbox 1013 1449 1222 1534; x_wconf 78' lang='lat' dir='ltr'>suffragiis</span> 
     </span>
     <span class='ocr_line' id='line_1_12' title="bbox 158 1550 874 1647; baseline 0.011 -33"><span class='ocrx_word' id='word_1_78' title='bbox 158 1550 371 1636; x_wconf 80' lang='lat' dir='ltr'>depravari</span> <span class='ocrx_word' id='word_1_79' title='bbox 390 1551 502 1636; x_wconf 68' lang='lat' dir='ltr'>(soloin,</span> <span class='ocrx_word' id='word_1_80' title='bbox 525 1552 717 1630; x_wconf 67' lang='lat' dir='ltr'>admuntis,</span> <span class='ocrx_word' id='word_1_81' title='bbox 737 1555 874 1647; x_wconf 66' lang='lat' dir='ltr'>emptis).</span> 
     </span>
    </p>

    <p class='ocr_par' dir='ltr' id='par_1_3' title="bbox 158 1657 1223 2056">
     <span class='ocr_line' id='line_1_13' title="bbox 238 1657 1223 1742; baseline 0.004 -15"><span class='ocrx_word' id='word_1_82' title='bbox 238 1657 328 1728; x_wconf 72' lang='lat' dir='ltr'>noo.</span> <span class='ocrx_word' id='word_1_83' title='bbox 361 1657 419 1721; x_wconf 93' lang='lat'>101</span> <span class='ocrx_word' id='word_1_84' title='bbox 449 1658 556 1726; x_wconf 77' lang='lat' dir='ltr'>dubito</span> <span class='ocrx_word' id='word_1_85' title='bbox 588 1657 738 1728; x_wconf 83' lang='lat' dir='ltr'>dixeritne</span> <span class='ocrx_word' id='word_1_86' title='bbox 759 1657 863 1728; x_wconf 80' lang='lat' dir='ltr'>cicero</span> <span class='ocrx_word' id='word_1_87' title='bbox 895 1661 1002 1728; x_wconf 85' lang='lat' dir='ltr'>consul</span> <span class='ocrx_word' id='word_1_88' title='bbox 1032 1679 1067 1727; x_wconf 88' lang='lat' dir='ltr'>se</span> <span class='ocrx_word' id='word_1_89' title='bbox 1094 1661 1223 1742; x_wconf 69' lang='lat' dir='ltr'>nvibus,</span> 
     </span>
     <span class='ocr_line' id='line_1_14' title="bbox 160 1761 1223 1852; baseline 0.005 -22"><span class='ocrx_word' id='word_1_90' title='bbox 160 1762 213 1845; x_wconf 82' lang='lat' dir='ltr'>qni</span> <span class='ocrx_word' id='word_1_91' title='bbox 249 1763 284 1830; x_wconf 89' lang='lat' dir='ltr'>in</span> <span class='ocrx_word' id='word_1_92' title='bbox 309 1765 448 1834; x_wconf 68' lang='lat' dir='ltr'>cnunc</span> <span class='ocrx_word' id='word_1_93' title='bbox 473 1765 607 1840; x_wconf 62' lang='lat' dir='ltr'>cubent</span> <span class='ocrx_word' id='word_1_94' title='bbox 643 1761 864 1836; x_wconf 70' lang='lat' dir='ltr'>unctoribus</span> <span class='ocrx_word' id='word_1_95' title='bbox 896 1768 932 1838; x_wconf 84' lang='lat' dir='ltr'>P.</span> <span class='ocrx_word' id='word_1_96' title='bbox 953 1764 1039 1836; x_wconf 85' lang='lat' dir='ltr'>Rulli</span> <span class='ocrx_word' id='word_1_97' title='bbox 1073 1768 1223 1852; x_wconf 87' lang='lat' dir='ltr'>improbi-</span> 
     </span>
     <span class='ocr_line' id='line_1_15' title="bbox 160 1868 1223 1958; baseline 0.006 -24"><span class='ocrx_word' id='word_1_98' title='bbox 160 1868 220 1934; x_wconf 78' lang='lat' dir='ltr'>tati</span> <span class='ocrx_word' id='word_1_99' title='bbox 262 1870 422 1947; x_wconf 72' lang='lat' dir='ltr'>insistere,</span> <span class='ocrx_word' id='word_1_100' title='bbox 473 1871 670 1956; x_wconf 75' lang='lat' dir='ltr'>smpicorque</span> <span class='ocrx_word' id='word_1_101' title='bbox 714 1890 786 1938; x_wconf 85' lang='lat' dir='ltr'>oum</span> <span class='ocrx_word' id='word_1_102' title='bbox 828 1873 990 1958; x_wconf 76' lang='lat' dir='ltr'>scripsisse</span> <span class='ocrx_word' id='word_1_103' title='bbox 1035 1874 1223 1958; x_wconf 86' lang='lat' dir='ltr'>vobisque</span> 
     </span>
     <span class='ocr_line' id='line_1_16' title="bbox 158 1974 628 2056; baseline 0.011 -18"><span class='ocrx_word' id='word_1_104' title='bbox 158 1974 446 2056; x_wconf 75' lang='lat' dir='ltr'>adiutoribus.¹)</span> <span class='ocrx_word' id='word_1_105' title='bbox 572 1975 577 1986; x_wconf 81' lang='lat'>&#39;</span> <span class='ocrx_word' id='word_1_106' title='bbox 624 1975 628 1982; x_wconf 78' lang='grc'><strong>’</strong></span> 
     </span>
    </p>

    <p class='ocr_par' dir='ltr' id='par_1_4' title="bbox 157 2081 1225 2808">
     <span class='ocr_line' id='line_1_17' title="bbox 256 2081 1224 2168; baseline 0.004 -20"><span class='ocrx_word' id='word_1_107' title='bbox 256 2081 317 2162; x_wconf 87' lang='grc' dir='ltr'>ΙΠ,</span> <span class='ocrx_word' id='word_1_108' title='bbox 340 2082 398 2148; x_wconf 80' lang='lat'>12:</span> <span class='ocrx_word' id='word_1_109' title='bbox 434 2081 761 2166; x_wconf 71' lang='lat' dir='ltr'>consumpsero,</span> <span class='ocrx_word' id='word_1_110' title='bbox 783 2101 851 2149; x_wconf 88' lang='lat' dir='ltr'>cur</span> <span class='ocrx_word' id='word_1_111' title='bbox 873 2103 931 2160; x_wconf 83' lang='lat' dir='ltr'>cn,</span> <span class='ocrx_word' id='word_1_112' title='bbox 953 2105 1037 2168; x_wconf 85' lang='lat' dir='ltr'>queo</span> <span class='ocrx_word' id='word_1_113' title='bbox 1057 2085 1224 2152; x_wconf 72' lang='lat' dir='ltr'>maiores</span> 
     </span>
     <span class='ocr_line' id='line_1_18' title="bbox 157 2187 1223 2274; baseline 0.006 -22"><span class='ocrx_word' id='word_1_114' title='bbox 157 2187 270 2260; x_wconf 81' lang='lat' dir='ltr'>robis</span> <span class='ocrx_word' id='word_1_115' title='bbox 367 2189 646 2274; x_wconf 57' lang='lat' dir='ltr'>prosuerunt,</span> <span class='ocrx_word' id='word_1_116' title='bbox 666 2187 799 2264; x_wconf 86' lang='lat' dir='ltr'>venire</span> <span class='ocrx_word' id='word_1_117' title='bbox 821 2190 1039 2272; x_wconf 74' lang='lat' dir='ltr'>patiemini,</span> <span class='ocrx_word' id='word_1_118' title='bbox 1060 2209 1143 2259; x_wconf 82' lang='lat' dir='ltr'>curn</span> <span class='ocrx_word' id='word_1_119' title='bbox 1165 2211 1223 2271; x_wconf 82' lang='lat' dir='ltr'>eo,</span> 
     </span>
     <span class='ocr_line' id='line_1_19' title="bbox 158 2295 1222 2378; baseline 0.003 -18"><span class='ocrx_word' id='word_1_120' title='bbox 158 2311 237 2376; x_wconf 86' lang='lat' dir='ltr'>quse</span> <span class='ocrx_word' id='word_1_121' title='bbox 258 2297 396 2363; x_wconf 82' lang='lat' dir='ltr'>restro</span> <span class='ocrx_word' id='word_1_122' title='bbox 416 2297 523 2374; x_wconf 77' lang='lat' dir='ltr'>sunt,</span> <span class='ocrx_word' id='word_1_123' title='bbox 546 2295 755 2364; x_wconf 81' lang='lat' dir='ltr'>condonari</span> <span class='ocrx_word' id='word_1_124' title='bbox 776 2296 1065 2378; x_wconf 81' lang='lat' dir='ltr'>possessoribus</span> <span class='ocrx_word' id='word_1_125' title='bbox 1092 2298 1222 2364; x_wconf 83' lang='lat' dir='ltr'>eedem</span> 
     </span>
     <span class='ocr_line' id='line_1_20' title="bbox 158 2398 1223 2486; baseline 0.003 -19"><span class='ocrx_word' id='word_1_126' title='bbox 158 2398 246 2483; x_wconf 88' lang='lat' dir='ltr'>lege</span> <span class='ocrx_word' id='word_1_127' title='bbox 284 2400 464 2471; x_wconf 73' lang='lat' dir='ltr'>virectis.</span> <span class='ocrx_word' id='word_1_128' title='bbox 518 2401 623 2486; x_wconf 82' lang='lat' dir='ltr'>Neget</span> <span class='ocrx_word' id='word_1_129' title='bbox 654 2401 761 2468; x_wconf 78' lang='lat' dir='ltr'>eiccro</span> <span class='ocrx_word' id='word_1_130' title='bbox 796 2401 879 2468; x_wconf 80' lang='lat' dir='ltr'>cives</span> <span class='ocrx_word' id='word_1_131' title='bbox 913 2401 970 2468; x_wconf 91' lang='lat' dir='ltr'>hoo</span> <span class='ocrx_word' id='word_1_132' title='bbox 1004 2402 1073 2484; x_wconf 82' lang='lat' dir='ltr'>peti</span> <span class='ocrx_word' id='word_1_133' title='bbox 1102 2402 1223 2471; x_wconf 60' lang='lat' dir='ltr'>ubero.</span> 
     </span>
     <span class='ocr_line' id='line_1_21' title="bbox 159 2505 1225 2592; baseline 0.006 -22"><span class='ocrx_word' id='word_1_134' title='bbox 159 2505 258 2588; x_wconf 83' lang='lat' dir='ltr'>Atqui</span> <span class='ocrx_word' id='word_1_135' title='bbox 290 2528 415 2573; x_wconf 78' lang='lat' dir='ltr'>cassem</span> <span class='ocrx_word' id='word_1_136' title='bbox 447 2529 577 2592; x_wconf 80' lang='lat' dir='ltr'>qucercre</span> <span class='ocrx_word' id='word_1_137' title='bbox 599 2515 670 2586; x_wconf 79' lang='lat' dir='ltr'>(cuo</span> <span class='ocrx_word' id='word_1_138' title='bbox 699 2505 821 2590; x_wconf 79' lang='lat' dir='ltr'>aliquid</span> <span class='ocrx_word' id='word_1_139' title='bbox 840 2507 915 2592; x_wconf 79' lang='lat' dir='ltr'>fiat)</span> <span class='ocrx_word' id='word_1_140' title='bbox 944 2507 1025 2574; x_wconf 88' lang='lat' dir='ltr'>solet</span> <span class='ocrx_word' id='word_1_141' title='bbox 1057 2509 1225 2590; x_wconf 64' lang='lat' dir='ltr'>precatu</span> 
     </span>
     <span class='ocr_line' id='line_1_22' title="bbox 161 2603 1225 2698; baseline 0 -20"><span class='ocrx_word' id='word_1_142' title='bbox 161 2603 318 2693; x_wconf 71' lang='lat' dir='ltr'>quireuffi</span> <span class='ocrx_word' id='word_1_143' title='bbox 344 2613 600 2698; x_wconf 68' lang='grc' dir='ltr'>ειςιιιιιοιιιιοιιιιιι</span> <span class='ocrx_word' id='word_1_144' title='bbox 620 2611 744 2690; x_wconf 72' lang='lat' dir='ltr'>hebes,</span> <span class='ocrx_word' id='word_1_145' title='bbox 774 2618 836 2677; x_wconf 87' lang='lat' dir='ltr'>non</span> <span class='ocrx_word' id='word_1_146' title='bbox 868 2611 1051 2680; x_wconf 70' lang='lat' dir='ltr'>sdminnffi.</span> <span class='ocrx_word' id='word_1_147' title='bbox 1094 2613 1225 2693; x_wconf 70' lang='lat' dir='ltr'>uersor,</span> 
     </span>
     <span class='ocr_line' id='line_1_23' title="bbox 163 2715 1062 2808; baseline 0.002 -26"><span class='ocrx_word' id='word_1_148' title='bbox 163 2735 204 2783; x_wconf 89' lang='lat' dir='ltr'>ne</span> <span class='ocrx_word' id='word_1_149' title='bbox 225 2715 333 2788; x_wconf 77' lang='lat' dir='ltr'>Oicero</span> <span class='ocrx_word' id='word_1_150' title='bbox 362 2719 536 2808; x_wconf 76' lang='lat' dir='ltr'>scripserit:</span> <span class='ocrx_word' id='word_1_151' title='bbox 579 2718 635 2784; x_wconf 80' lang='lat' dir='ltr'>Ac</span> <span class='ocrx_word' id='word_1_152' title='bbox 655 2718 732 2780; x_wconf 79' lang='lat' dir='ltr'>iam</span> <span class='ocrx_word' id='word_1_153' title='bbox 754 2733 893 2799; x_wconf 79' lang='lat' dir='ltr'>quero,</span> <span class='ocrx_word' id='word_1_154' title='bbox 914 2721 1062 2786; x_wconf 76' lang='lat' dir='ltr'>curcei.</span> 
     </span>
    </p>

    <p class='ocr_par' dir='ltr' id='par_1_5' title="bbox 161 2822 1228 3228">
     <span class='ocr_line' id='line_1_24' title="bbox 210 2822 1226 2908; baseline -0.003 -15"><span class='ocrx_word' id='word_1_155' title='bbox 210 2884 214 2893; x_wconf 90' lang='lat'>.</span> <span class='ocrx_word' id='word_1_156' title='bbox 260 2822 329 2890; x_wconf 59' lang='lat' dir='ltr'>Ihd„</span> <span class='ocrx_word' id='word_1_157' title='bbox 352 2824 413 2890; x_wconf 76' lang='lat' dir='ltr'>lt:</span> <span class='ocrx_word' id='word_1_158' title='bbox 455 2824 503 2892; x_wconf 73' lang='lat' dir='ltr'>Et</span> <span class='ocrx_word' id='word_1_159' title='bbox 523 2824 718 2908; x_wconf 66' lang='lat' dir='ltr'>qnoniam,</span> <span class='ocrx_word' id='word_1_160' title='bbox 752 2841 826 2906; x_wconf 87' lang='lat' dir='ltr'>quo</span> <span class='ocrx_word' id='word_1_161' title='bbox 852 2823 897 2890; x_wconf 83' lang='lat' dir='ltr'>de</span> <span class='ocrx_word' id='word_1_162' title='bbox 919 2841 1036 2891; x_wconf 69' lang='lat' dir='ltr'>ceusu</span> <span class='ocrx_word' id='word_1_163' title='bbox 1068 2825 1226 2908; x_wconf 78' lang='lat' dir='ltr'>etquo-</span> 
     </span>
     <span class='ocr_line' id='line_1_25' title="bbox 161 2928 1227 3014; baseline 0.004 -24"><span class='ocrx_word' id='word_1_164' title='bbox 161 2945 247 2995; x_wconf 81' lang='lat' dir='ltr'>rurn</span> <span class='ocrx_word' id='word_1_165' title='bbox 266 2946 385 2996; x_wconf 83' lang='lat' dir='ltr'>censs</span> <span class='ocrx_word' id='word_1_166' title='bbox 406 2930 480 2999; x_wconf 87' lang='lat' dir='ltr'>ille</span> <span class='ocrx_word' id='word_1_167' title='bbox 499 2931 570 2997; x_wconf 91' lang='lat' dir='ltr'>hoo</span> <span class='ocrx_word' id='word_1_168' title='bbox 589 2930 919 3014; x_wconf 81' lang='lat' dir='ltr'>promulgaverit,</span> <span class='ocrx_word' id='word_1_169' title='bbox 944 2929 1114 3006; x_wconf 82' lang='lat' dir='ltr'>ostendi,</span> <span class='ocrx_word' id='word_1_170' title='bbox 1150 2928 1227 2994; x_wconf 86' lang='lat' dir='ltr'>do·</span> 
     </span>
     <span class='ocr_line' id='line_1_26' title="bbox 162 3033 1226 3120; baseline 0.004 -23"><span class='ocrx_word' id='word_1_171' title='bbox 162 3034 253 3098; x_wconf 81' lang='lat' dir='ltr'>eset</span> <span class='ocrx_word' id='word_1_172' title='bbox 273 3033 360 3117; x_wconf 87' lang='lat' dir='ltr'>ipse</span> <span class='ocrx_word' id='word_1_173' title='bbox 380 3055 469 3102; x_wconf 87' lang='lat' dir='ltr'>num</span> <span class='ocrx_word' id='word_1_174' title='bbox 489 3053 560 3120; x_wconf 83' lang='lat' dir='ltr'>ego</span> <span class='ocrx_word' id='word_1_175' title='bbox 583 3055 692 3119; x_wconf 78' lang='lat' dir='ltr'>quen]</span> <span class='ocrx_word' id='word_1_176' title='bbox 713 3053 980 3119; x_wconf 87' lang='lat' dir='ltr'>possessorem</span> <span class='ocrx_word' id='word_1_177' title='bbox 1001 3035 1226 3114; x_wconf 76' lang='lat' dir='ltr'>defendam,</span> 
     </span>
     <span class='ocr_line' id='line_1_27' title="bbox 163 3141 1228 3228; baseline 0.002 -24"><span class='ocrx_word' id='word_1_178' title='bbox 163 3155 250 3207; x_wconf 86' lang='lat' dir='ltr'>cunr</span> <span class='ocrx_word' id='word_1_179' title='bbox 285 3141 449 3224; x_wconf 83' lang='lat' dir='ltr'>ogreriae</span> <span class='ocrx_word' id='word_1_180' title='bbox 482 3142 566 3228; x_wconf 88' lang='lat' dir='ltr'>legi</span> <span class='ocrx_word' id='word_1_181' title='bbox 599 3142 756 3210; x_wconf 87' lang='lat' dir='ltr'>resisto.</span> <span class='ocrx_word' id='word_1_182' title='bbox 815 3143 877 3210; x_wconf 85' lang='lat' dir='ltr'>Res</span> <span class='ocrx_word' id='word_1_183' title='bbox 908 3157 970 3210; x_wconf 86' lang='lat' dir='ltr'>non</span> <span class='ocrx_word' id='word_1_184' title='bbox 1001 3141 1103 3208; x_wconf 85' lang='lat' dir='ltr'>minus</span> <span class='ocrx_word' id='word_1_185' title='bbox 1133 3159 1228 3226; x_wconf 85' lang='lat' dir='ltr'>quem</span> 
     </span>
    </p>
   </div>
   <div class='ocr_carea' id='block_1_3' title="bbox 169 3233 1369 3331">
    <p class='ocr_par' dir='ltr' id='par_1_6' title="bbox 169 3233 1369 3331">
     <span class='ocr_line' id='line_1_28' title="bbox 169 3233 1369 3331; baseline 0.001 -18"><span class='ocrx_word' id='word_1_186' title='bbox 169 3245 315 3313; x_wconf 79' lang='lat' dir='ltr'>oret&#39;onis</span> <span class='ocrx_word' id='word_1_187' title='bbox 345 3247 445 3314; x_wconf 84' lang='lat' dir='ltr'>forme</span> <span class='ocrx_word' id='word_1_188' title='bbox 464 3247 594 3325; x_wconf 66' lang='lat' dir='ltr'>curret,</span> <span class='ocrx_word' id='word_1_189' title='bbox 625 3265 686 3314; x_wconf 90' lang='lat' dir='ltr'>non</span> <span class='ocrx_word' id='word_1_190' title='bbox 707 3268 727 3314; x_wconf 82' lang='lat' dir='ltr'>s</span> <span class='ocrx_word' id='word_1_191' title='bbox 746 3249 839 3314; x_wconf 89' lang='lat' dir='ltr'>Rullo</span> <span class='ocrx_word' id='word_1_192' title='bbox 859 3247 1018 3331; x_wconf 78' lang='lat' dir='ltr'>postulari,</span> <span class='ocrx_word' id='word_1_193' title='bbox 1053 3249 1092 3314; x_wconf 90' lang='lat' dir='ltr'>ut</span> <span class='ocrx_word' id='word_1_194' title='bbox 1110 3247 1227 3324; x_wconf 69' lang='lat' dir='ltr'>domet.</span> <span class='ocrx_word' id='word_1_195' title='bbox 1367 3233 1369 3238; x_wconf 67' lang='grc'><strong>’</strong></span> 
     </span>
    </p>
   </div>
   <div class='ocr_carea' id='block_1_4' title="bbox 163 3381 362 3399">
    <p class='ocr_par' dir='ltr' id='par_1_7' title="bbox 163 3381 362 3399">
     <span class='ocr_line' id='line_1_29' title="bbox 163 3381 362 3399; baseline 0 -3"><span class='ocrx_word' id='word_1_196' title='bbox 163 3381 362 3399; x_wconf 55' lang='lat' dir='ltr'><em>m</em></span> 
     </span>
    </p>
   </div>
   <div class='ocr_carea' id='block_1_5' title="bbox 193 3447 1232 3982">
    <p class='ocr_par' dir='ltr' id='par_1_8' title="bbox 193 3447 1232 3982">
     <span class='ocr_line' id='line_1_30' title="bbox 194 3447 1228 3524; baseline -0.002 -18"><span class='ocrx_word' id='word_1_197' title='bbox 194 3447 216 3516; x_wconf 88' lang='lat'>²)</span> <span class='ocrx_word' id='word_1_198' title='bbox 238 3449 293 3506; x_wconf 77' lang='lat' dir='ltr'>Cur</span> <span class='ocrx_word' id='word_1_199' title='bbox 310 3466 438 3520; x_wconf 72' lang='lat' dir='ltr'>magnum</span> <span class='ocrx_word' id='word_1_200' title='bbox 455 3452 559 3520; x_wconf 82' lang='lat' dir='ltr'>pentem</span> <span class='ocrx_word' id='word_1_201' title='bbox 586 3455 601 3514; x_wconf 71' lang='grc'><strong>5</strong></span> <span class='ocrx_word' id='word_1_202' title='bbox 621 3452 673 3524; x_wconf 82' lang='lat'>103</span> <span class='ocrx_word' id='word_1_203' title='bbox 690 3449 823 3520; x_wconf 82' lang='lat' dir='ltr'>Kspserus</span> <span class='ocrx_word' id='word_1_204' title='bbox 850 3448 926 3506; x_wconf 82' lang='lat' dir='ltr'>uncis</span> <span class='ocrx_word' id='word_1_205' title='bbox 942 3449 1059 3516; x_wconf 76' lang='lat' dir='ltr'>notaret,</span> <span class='ocrx_word' id='word_1_206' title='bbox 1078 3447 1155 3504; x_wconf 78' lang='lat' dir='ltr'>nulle</span> <span class='ocrx_word' id='word_1_207' title='bbox 1171 3463 1228 3504; x_wconf 87' lang='lat' dir='ltr'>om·</span> 
     </span>
     <span class='ocr_line' id='line_1_31' title="bbox 235 3540 1227 3610; baseline -0.006 -9"><span class='ocrx_word' id='word_1_208' title='bbox 235 3543 300 3601; x_wconf 85' lang='lat' dir='ltr'>nino</span> <span class='ocrx_word' id='word_1_209' title='bbox 318 3545 377 3601; x_wconf 84' lang='lat' dir='ltr'>oret</span> <span class='ocrx_word' id='word_1_210' title='bbox 394 3558 487 3608; x_wconf 77' lang='lat' dir='ltr'>ceusc3</span> <span class='ocrx_word' id='word_1_211' title='bbox 505 3558 568 3600; x_wconf 85' lang='lat' dir='ltr'>nem</span> <span class='ocrx_word' id='word_1_212' title='bbox 582 3544 611 3596; x_wconf 89' lang='lat' dir='ltr'>et</span> <span class='ocrx_word' id='word_1_213' title='bbox 629 3541 681 3598; x_wconf 92' lang='lat' dir='ltr'>otii</span> <span class='ocrx_word' id='word_1_214' title='bbox 699 3541 801 3596; x_wconf 76' lang='grc' dir='ltr'>ιιιιιιιιι</span> <span class='ocrx_word' id='word_1_215' title='bbox 818 3541 890 3610; x_wconf 85' lang='lat' dir='ltr'>perti</span> <span class='ocrx_word' id='word_1_216' title='bbox 907 3540 967 3598; x_wconf 82' lang='lat' dir='ltr'>leus</span> <span class='ocrx_word' id='word_1_217' title='bbox 985 3542 1050 3610; x_wconf 80' lang='lat' dir='ltr'>epte</span> <span class='ocrx_word' id='word_1_218' title='bbox 1068 3542 1111 3594; x_wconf 89' lang='lat' dir='ltr'>est</span> <span class='ocrx_word' id='word_1_219' title='bbox 1127 3541 1156 3596; x_wconf 90' lang='lat' dir='ltr'>et</span> <span class='ocrx_word' id='word_1_220' title='bbox 1166 3555 1227 3595; x_wconf 90' lang='lat' dir='ltr'>oon·</span> 
     </span>
     <span class='ocr_line' id='line_1_32' title="bbox 200 3632 1230 3712; baseline -0.002 -24"><span class='ocrx_word' id='word_1_221' title='bbox 200 3701 203 3710; x_wconf 24' lang='lat' dir='ltr'>y</span> <span class='ocrx_word' id='word_1_222' title='bbox 239 3633 334 3688; x_wconf 75' lang='lat' dir='ltr'>cordis</span> <span class='ocrx_word' id='word_1_223' title='bbox 352 3650 412 3689; x_wconf 88' lang='lat' dir='ltr'>cnm</span> <span class='ocrx_word' id='word_1_224' title='bbox 431 3633 533 3703; x_wconf 81' lang='lat' dir='ltr'>college</span> <span class='ocrx_word' id='word_1_225' title='bbox 550 3634 650 3688; x_wconf 81' lang='lat' dir='ltr'>mentio</span> <span class='ocrx_word' id='word_1_226' title='bbox 662 3649 745 3704; x_wconf 88' lang='lat' dir='ltr'>prope</span> <span class='ocrx_word' id='word_1_227' title='bbox 756 3633 910 3699; x_wconf 71' lang='lat' dir='ltr'>necessarie,</span> <span class='ocrx_word' id='word_1_228' title='bbox 929 3650 978 3690; x_wconf 90' lang='lat' dir='ltr'>nec</span> <span class='ocrx_word' id='word_1_229' title='bbox 995 3649 1054 3688; x_wconf 82' lang='lat' dir='ltr'>cem</span> <span class='ocrx_word' id='word_1_230' title='bbox 1065 3632 1230 3712; x_wconf 82' lang='lat' dir='ltr'>mentionem</span> 
     </span>
     <span class='ocr_line' id='line_1_33' title="bbox 238 3724 1232 3796; baseline -0.003 -16"><span class='ocrx_word' id='word_1_231' title='bbox 238 3725 336 3782; x_wconf 73' lang='lat' dir='ltr'>addere</span> <span class='ocrx_word' id='word_1_232' title='bbox 362 3727 486 3796; x_wconf 82' lang='lat' dir='ltr'>cuiquem</span> <span class='ocrx_word' id='word_1_233' title='bbox 512 3727 542 3781; x_wconf 90' lang='lat' dir='ltr'>in</span> <span class='ocrx_word' id='word_1_234' title='bbox 565 3730 683 3781; x_wconf 87' lang='lat' dir='ltr'>mentem</span> <span class='ocrx_word' id='word_1_235' title='bbox 701 3726 791 3780; x_wconf 85' lang='lat' dir='ltr'>venire</span> <span class='ocrx_word' id='word_1_236' title='bbox 809 3727 923 3795; x_wconf 82' lang='lat' dir='ltr'>poteret.</span> <span class='ocrx_word' id='word_1_237' title='bbox 971 3725 1060 3780; x_wconf 76' lang='lat' dir='ltr'>Verba</span> <span class='ocrx_word' id='word_1_238' title='bbox 1082 3725 1128 3779; x_wconf 90' lang='lat' dir='ltr'>hic</span> <span class='ocrx_word' id='word_1_239' title='bbox 1150 3726 1182 3779; x_wconf 86' lang='lat' dir='ltr'>nt</span> <span class='ocrx_word' id='word_1_240' title='bbox 1199 3724 1232 3778; x_wconf 85' lang='lat' dir='ltr'>in·</span> 
     </span>
     <span class='ocr_line' id='line_1_34' title="bbox 238 3816 1230 3884; baseline -0.005 -10"><span class='ocrx_word' id='word_1_241' title='bbox 238 3819 252 3884; x_wconf 67' lang='grc' dir='ltr'><strong>ξ</strong></span> <span class='ocrx_word' id='word_1_242' title='bbox 272 3819 325 3875; x_wconf 77' lang='lat'>102</span> <span class='ocrx_word' id='word_1_243' title='bbox 343 3817 475 3874; x_wconf 81' lang='lat' dir='ltr'>dissolute</span> <span class='ocrx_word' id='word_1_244' title='bbox 493 3821 522 3873; x_wconf 89' lang='lat' dir='ltr'>et</span> <span class='ocrx_word' id='word_1_245' title='bbox 539 3818 670 3873; x_wconf 73' lang='lat' dir='ltr'>distmotc</span> <span class='ocrx_word' id='word_1_246' title='bbox 688 3817 743 3873; x_wconf 86' lang='lat' dir='ltr'>fere</span> <span class='ocrx_word' id='word_1_247' title='bbox 762 3817 852 3872; x_wconf 83' lang='lat' dir='ltr'>omnic</span> <span class='ocrx_word' id='word_1_248' title='bbox 868 3817 1023 3873; x_wconf 78' lang='lat' dir='ltr'>certissimis</span> <span class='ocrx_word' id='word_1_249' title='bbox 1041 3816 1183 3870; x_wconf 76' lang='lat' dir='ltr'>sententie</span> <span class='ocrx_word' id='word_1_250' title='bbox 1201 3818 1230 3869; x_wconf 89' lang='lat' dir='ltr'>et</span> 
     </span>
     <span class='ocr_line' id='line_1_35' title="bbox 193 3908 1231 3982; baseline -0.003 -17"><span class='ocrx_word' id='word_1_251' title='bbox 193 3911 205 3946; x_wconf 50' lang='grc' dir='ltr'>ι’</span> <span class='ocrx_word' id='word_1_252' title='bbox 238 3910 333 3982; x_wconf 84' lang='lat' dir='ltr'>figures</span> <span class='ocrx_word' id='word_1_253' title='bbox 360 3911 499 3967; x_wconf 79' lang='lat' dir='ltr'>rhetorice</span> <span class='ocrx_word' id='word_1_254' title='bbox 524 3909 632 3966; x_wconf 80' lang='lat' dir='ltr'>indiciis</span> <span class='ocrx_word' id='word_1_255' title='bbox 658 3911 840 3965; x_wconf 81' lang='lat' dir='ltr'>monstrentur</span> <span class='ocrx_word' id='word_1_256' title='bbox 864 3912 893 3964; x_wconf 89' lang='lat' dir='ltr'>et</span> <span class='ocrx_word' id='word_1_257' title='bbox 915 3923 991 3964; x_wconf 81' lang='lat' dir='ltr'>anre</span> <span class='ocrx_word' id='word_1_258' title='bbox 1016 3909 1082 3964; x_wconf 85' lang='lat' dir='ltr'>olfrn</span> <span class='ocrx_word' id='word_1_259' title='bbox 1101 3908 1231 3963; x_wconf 81' lang='lat' dir='ltr'>restituto</span> 
     </span>
    </p>
   </div>
   <div class='ocr_carea' id='block_1_6' title="bbox 198 3997 1373 4074">
    <p class='ocr_par' dir='ltr' id='par_1_9' title="bbox 198 3997 1373 4074">
     <span class='ocr_line' id='line_1_36' title="bbox 198 3997 1373 4074; baseline -0.004 -16"><span class='ocrx_word' id='word_1_260' title='bbox 198 4026 202 4048; x_wconf 80' lang='grc' dir='ltr'>ι</span> <span class='ocrx_word' id='word_1_261' title='bbox 227 3997 311 4061; x_wconf 83' lang='lat' dir='ltr'>&#39;suut</span> <span class='ocrx_word' id='word_1_262' title='bbox 349 4004 493 4074; x_wconf 70' lang='lat' dir='ltr'>(Quibus</span> <span class='ocrx_word' id='word_1_263' title='bbox 521 4004 598 4059; x_wconf 86' lang='lat' dir='ltr'>odio</span> <span class='ocrx_word' id='word_1_264' title='bbox 624 4005 679 4058; x_wconf 86' lang='lat' dir='ltr'>est</span> <span class='ocrx_word' id='word_1_265' title='bbox 707 4003 824 4058; x_wconf 80' lang='lat' dir='ltr'>otium</span> <span class='ocrx_word' id='word_1_266' title='bbox 854 4002 885 4056; x_wconf 90' lang='lat' dir='ltr'>in</span> <span class='ocrx_word' id='word_1_267' title='bbox 903 4001 990 4066; x_wconf 69' lang='lat'>§¹102</span> <span class='ocrx_word' id='word_1_268' title='bbox 1010 4017 1027 4055; x_wconf 88' lang='lat' dir='ltr'>c</span> <span class='ocrx_word' id='word_1_269' title='bbox 1044 4013 1087 4055; x_wconf 87' lang='lat' dir='ltr'>mo</span> <span class='ocrx_word' id='word_1_270' title='bbox 1103 3999 1229 4055; x_wconf 78' lang='lat' dir='ltr'>emonis·</span> <span class='ocrx_word' id='word_1_271' title='bbox 1370 4059 1373 4068; x_wconf 22' lang='lat'><strong><em>⁴</em></strong></span> 
     </span>
    </p>
   </div>
   <div class='ocr_carea' id='block_1_7' title="bbox 225 4094 729 4167">
    <p class='ocr_par' dir='ltr' id='par_1_10' title="bbox 225 4094 729 4167">
     <span class='ocr_line' id='line_1_37' title="bbox 225 4094 729 4167; baseline -0.004 -13"><span class='ocrx_word' id='word_1_272' title='bbox 225 4099 298 4162; x_wconf 72' lang='lat' dir='ltr'>,turn</span> <span class='ocrx_word' id='word_1_273' title='bbox 316 4113 381 4162; x_wconf 70' lang='lat' dir='ltr'>eme.</span> <span class='ocrx_word' id='word_1_274' title='bbox 400 4097 460 4166; x_wconf 86' lang='lat' dir='ltr'>ipse</span> <span class='ocrx_word' id='word_1_275' title='bbox 478 4096 623 4167; x_wconf 84' lang='lat' dir='ltr'>Ussingius</span> <span class='ocrx_word' id='word_1_276' title='bbox 640 4094 729 4162; x_wconf 78' lang='lat' dir='ltr'>dixit)</span> 
     </span>
    </p>
   </div>
   <div class='ocr_carea' id='block_1_8' title="bbox 0 0 1504 4644">
    <p class='ocr_par' dir='ltr' id='par_1_11' title="bbox 0 0 1504 4644">
     <span class='ocr_line' id='line_1_38' title="bbox 0 0 1504 4644; baseline 0 0"><span class='ocrx_word' id='word_1_277' title='bbox 0 0 1504 4644; x_wconf 95' lang='lat' dir='ltr'> </span> 
     </span>
    </p>
   </div>
  </div>
 </body>
</html>
