2978 4644
540 313 620 368 nter.
638 313 673 368 nd
685 315 802 372 neers.

593 509 679 592 (lap.
701 511 749 576 ΙΙ,

618 660 721 717 Cicero.

238 801 270 864 A
296 797 436 869 Vonone
469 797 508 872 ad
529 797 706 869 Ciceronem
732 800 963 874 nauseantibus
995 802 1205 878 intercurrunt

137 903 315 983 rhetorica,
348 924 417 988 quae
448 902 538 988 paulo
562 903 709 982 Cicerone
735 907 828 973 atate
850 905 988 990 superior
1008 909 1138 992 scriptor
1159 908 1203 975 ad

138 1005 333 1090 Herennium
363 1009 457 1076 misit.
511 1009 609 1078 Ineo
636 1029 728 1099 opere
754 1029 824 1079 cum
857 1011 928 1078 aute
960 1013 1076 1080 multos
1109 1032 1204 1080 anuos

137 1133 197 1181 non
232 1115 278 1183 ita
307 1134 409 1200 pauca
440 1134 457 1182 a
489 1113 592 1185 codice
614 1117 755 1190 Parisino
787 1116 879 1194 7231,
918 1136 1011 1210 quem
1031 1117 1204 1201 Krarupiuu

138 1219 320 1302 contulerat¹
351 1219 578 1299 emendaram,
611 1241 701 1301 nunc,
737 1224 903 1308 postquem
932 1223 964 1290 et
985 1221 1143 1308 Kapeerus
1172 1227 1204 1289 et
1303 1307 1306 1312 Ι

139 1325 192 1390 alii
213 1325 329 1391 maiore
350 1325 453 1393 studio
476 1329 507 1393 et
528 1329 678 1412 apparatu
698 1328 731 1392 in
754 1327 862 1394 eodem
895 1327 1100 1404 elaborarunt,
1131 1331 1204 1402 tan-

137 1430 259 1506 tumim
280 1431 372 1498 tertio
394 1429 472 1501 libro
504 1449 603 1516 pauca
622 1433 742 1522 reperio
767 1433 900 1500 editione
930 1451 989 1498 non
1009 1452 1133 1516 prorsus
1154 1435 1204 1500 in-

137 1535 241 1622 digna,
263 1537 295 1602 in
317 1539 425 1622 quarto
446 1556 552 1602 unum.
598 1537 680 1604 Nam
1286 1611 1294 1624 ‚

235 1644 304 1710 Lib.
337 1643 396 1722 111,
428 1643 498 1722 4¹),
534 1645 588 1710 nbi
619 1663 700 1710 nuuc
737 1643 917 1728 aKaysero
949 1643 1061 1726 (1860)
1090 1644 1201 1722 editur,

137 1748 261 1835 expulso
284 1746 511 1814 additamento:
547 1749 612 1818 aut
634 1749 667 1815 si
689 1747 816 1832 quain
838 1769 878 1814 re
900 1749 1202 1816 cohortabimur

136 1853 306 1937 aliquid,
328 1855 438 1920 cuius
458 1855 516 1920 rei
540 1855 712 1940 aliquam
734 1853 780 1918 ad
802 1854 1052 1939 disciplinam
1074 1858 1204 1922 scien-

135 1959 234 2026 tiam
255 1961 473 2046 poterimus
495 1959 654 2034 habere,
676 1980 747 2044 quo
778 1962 886 2029 modo
908 1962 976 2028 aut
997 1981 1070 2046 que
1089 1963 1203 2048 quid-

137 2085 207 2152 que
239 2065 391 2132 ratione
430 2059 524 2132 fieri
557 2067 754 2153 oporteat,
787 2067 903 2134 residet
923 2067 1071 2133 mendum
1095 2067 1127 2132 in
1148 2068 1203 2134 illo

136 2171 180 2236 ad
212 2171 486 2254 disciplinam
522 2171 600 2238 nihil
632 2174 681 2238 est
707 2171 789 2237 enim
813 2172 976 2240 scientiam
1000 2173 1040 2240 ad
1062 2173 1202 2258 discipli-

136 2297 208 2354 nam
232 2277 362 2352 hebere;
388 2277 527 2344 detracta
548 2278 638 2346 unius
659 2278 772 2344 litterae
793 2279 1003 2364 geminatione
1025 2279 1200 2348 faciendum

137 2385 199 2448 est:
234 2383 409 2466 aliquam
442 2405 462 2447 a
494 2383 961 2470 disciptinascientiam.
1004 2383 1086 2454 Nam
1110 2385 1200 2452 disci·

136 2487 221 2572 plina
241 2490 274 2554 et
294 2488 488 2568 institutione
510 2489 640 2556 scientia
662 2491 867 2574 eomparatur.

235 2593 303 2658 Ibd.
340 2595 392 2658 ll:
434 2595 522 2662 Erit
559 2595 682 2682 igitur
721 2595 811 2659 hinc
854 2591 1117 2661 confirmatio
1164 2598 1203 2661 et

138 2699 367 2766 confutatio
402 2701 520 2768 nobis.
577 2701 622 2768 In
666 2699 888 2766 huiusmodi
934 2715 1049 2766 cansa
1088 2699 1202 2784 prin·
1255 2723 1260 2738 ¹

137 2805 281 2897 cipium
314 2791 493 2873 sumetur
524 2808 585 2872 cet.
627 2805 755 2872 Inonem
777 2804 967 2890 superiorum
986 2805 1202 2889 repetitionem

136 2909 201 2976 lnec
222 2913 376 2977 sententia
396 2913 500 2991 habet,
522 2913 593 2979 hinc
608 2912 690 2984 sumi
700 2911 773 2992 illac
795 2911 879 2977 etin
891 2909 1044 2981 codicibus
1057 2911 1201 2977 eethaec.

136 3015 279 3083 Mutandi
289 3019 510 3086 sonandarum
521 3017 613 3086 fines:
635 3017 722 3086 Erit
742 3017 865 3104 igitur
886 3015 962 3090 taec
984 3020 1091 3102 (quam
1112 3035 1203 3100 expo-

136 3121 223 3201 nam)
247 3123 494 3190 confirmatio
528 3127 570 3192 et
602 3123 830 3191 confutatio
862 3121 975 3195 nobis
1007 3122 1045 3188 in
1066 3123 1202 3188 huius-

138 3228 235 3296 modi
258 3247 384 3298 causa.
421 3227 661 3316 Principium
683 3230 855 3295 sumetur
876 3229 933 3300 eor.
957 3225 1202 3314 [simetrius]

237 3331 304 3400 Ibd.
338 3333 393 3402 26:
438 3333 627 3408 Convenit
658 3335 782 3420 igitur
817 3332 857 3399 in
884 3335 994 3412 vultu
1019 3333 1202 3422 pudorem

136 3444 174 3508 et
204 3440 451 3507 acrimoniam
484 3459 586 3519 esse,
618 3441 656 3506 iu
692 3441 808 3526 gestu
844 3457 916 3508 uec
948 3441 1202 3511 venustatem

138 3547 452 3632 conspiciendam
497 3564 568 3612 nec
615 3545 906 3632 turpitudinem
950 3564 1048 3614 esee.
1116 3544 1203 3616 Nihil

136 3653 268 3728 affirmo,
291 3653 428 3736 suspicor
448 3654 554 3728 amon
576 3652 725 3738 scriptum
747 3651 861 3719 fuisse:
895 3643 1110 3736 pudorem,¹
1130 3672 1203 3714 ooo

137 3877 338 3890 5——

168 4026 190 4094 ι)
207 4026 284 4086 solos
310 4027 537 4097 praeruptorum
564 4029 622 4084 sire
646 4029 795 4084 uodonem
820 4041 944 4082 numeror
969 4041 1075 4095 ponam,
1098 4026 1207 4080 omierio

211 4119 338 4188 capitum
