2918 4636
291 295 353 360 m
654 293 916 365 mmmm

384 493 461 558 Hac
482 491 618 558 animum
640 491 725 562 lento
751 511 892 590 curarum
913 493 1026 580 trigone
1046 491 1142 558 ladit.

251 599 303 666 Sic
324 599 509 673 Merkeliue,
535 601 571 662 ut
597 597 718 682 opinor,
742 617 759 663 o
780 599 961 667 ooniectnm
1005 601 1121 668 Verum
1153 596 1225 673 tae,
1257 615 1316 681 quo

249 705 407 779 cernam,
428 703 551 770 omuino
579 703 763 770 nonhabet.
792 704 855 772 Sed
877 706 971 772 etiam
997 705 1030 772 iu
1051 703 1202 783 codicum,
1223 721 1318 788 quam

250 810 346 876 oetam
356 809 474 887 tanam,
487 808 637 892 scripturn
649 808 704 872 Sic
713 810 852 874 animm
863 811 1036 878 subiectum
1048 810 1143 878 decet.
1165 807 1319 874 (hemum
1440 873 1441 876 ,

243 913 353 998 fricet
373 913 435 980 iam
461 913 639 980 Burmanno
662 914 850 999 displicebat
894 915 1096 984 Scribeudum
1117 916 1257 984 minuma

384 1020 460 1084 Haee
482 1021 618 1086 animum
640 1019 723 1088 lento
745 1043 819 1084 euro
840 1044 942 1086 aaron
962 1023 1077 1108 frigore
1098 1021 1195 1098 laedii,

470 1128 506 1192 ut
526 1125 629 1210 cupidi
649 1146 754 1194 ouueor
774 1129 862 1195 frena
881 1129 1017 1196 retentat
1038 1129 1118 1212 equi.
1228 1179 1232 1187 .

351 1231 419 1298 lbi.
443 1232 496 1307 IV,
520 1230 548 1310 2,
575 1233 630 1298 ll:

387 1337 511 1404 Scilicet
532 1339 567 1402 ut
587 1337 682 1406 limue
702 1357 797 1406 uenae
817 1341 953 1406 exuaecet
971 1341 1005 1405 iu
1027 1339 1129 1416 nudie,

430 1445 564 1528 laeeaqua
587 1463 749 1530 suppresso
768 1446 854 1512 fonte
875 1447 993 1514 resistit
1014 1465 1103 1530 aqua,

386 1551 509 1632 pectora
531 1551 575 1616 sic
598 1569 670 1618 mea
690 1553 763 1618 eunt
783 1551 858 1618 limo
879 1552 990 1618 uitiata
1010 1552 1174 1628 melonum,

433 1658 465 1722 et
486 1674 610 1723 carmen
631 1677 710 1724 uena
729 1658 907 1742 pauperiore
927 1658 1008 1724 fluit

252 1757 365 1826 Nescio
398 1779 475 1844 quas
502 1761 600 1829 nudas
627 1763 794 1848 significari
823 1763 1002 1848 putaverint
1033 1763 1181 1840 editoreea
1218 1761 1319 1847 egitur

252 1864 336 1930 euim
358 1866 396 1932 de
416 1868 503 1934 venie
525 1868 639 1943 fontia,
661 1888 728 1953 quau
750 1889 810 1936 non
831 1873 903 1936 eunt
923 1869 957 1936 iu
978 1869 1078 1936 nudie.
1118 1867 1319 1934 Senibendum

253 1970 316 2036 eet:

386 2077 512 2148 Scilicet
532 2081 568 2146 ut
587 2079 681 2148 lmus
703 2099 796 2148 venae
817 2082 950 2146 excecat
971 2079 1134 2146 inccdens.

354 2183 423 2250 Iba
444 2185 498 2261 IV,
522 2187 570 2262 10,
594 2187 634 2250 75
656 2189 689 2254 et
709 2187 749 2250 76
772 2206 789 2253 e
812 2187 966 2254 codicibus
988 2185 1187 2252 scribendum
1207 2185 1271 2251 eet:

335 2287 396 2368 Qui
417 2309 603 2384 quamquam
626 2293 675 2359 eet
695 2291 786 2362 lactis
807 2291 917 2378 ingone
939 2293 972 2358 et
992 2291 1132 2358 conditur
1152 2310 1171 2358 a
1191 2297 1233 2368 te,

378 2396 434 2461 Vir
455 2407 555 2462 tacto-s
576 2402 691 2484 quanto
714 2398 820 2466 debuit
840 2417 892 2464 ore
913 2398 993 2467 oeni.

351 2501 419 2567 Ibo.
441 2503 504 2584 IV,
525 2505 579 2582 16,
607 2505 646 2570 31
669 2525 736 2590 sqq.
758 2506 790 2572 in
813 2504 1044 2572 enumeratione
1066 2504 1228 2588 poclm-nm
1249 2503 1319 2570 bra·

252 2602 343 2689 vique
364 2627 489 2692 operum
512 2612 657 2696 cuiusque
680 2612 906 2696 significatione
928 2611 994 2676 lnaeo
1014 2610 1173 2695 leguntm:

313 2710 391 2778 Cum
413 2716 513 2783 Varus
536 2717 756 2800 Gracchusque
779 2717 888 2782 darent
910 2717 976 2782 fera
997 2716 1081 2782 dicta
1102 2713 1252 2798 tyrannio,

358 2819 540 2888 Callimachi
562 2824 710 2890 Proculus
733 2822 825 2888 molle
845 2825 965 2889 teneret
986 2822 1057 2900 iter,
1125 2853 1127 2858 ·

316 2923 442 3009 Tityrus
465 2929 607 3011 antiquas
629 2932 661 2994 et
682 2929 749 2994 erat
770 2928 822 3011 qui
843 2931 984 3010 pasceret
1004 2928 1126 3004 herbae,

358 3034 493 3116 apteque
516 3034 642 3100 venanti
663 3033 790 3102 Gratius
811 3053 898 3102 arma
918 3033 1016 3099 daret.

254 3137 331 3206 Haeo
352 3158 386 3206 ee
400 3140 549 3208 Heineine
570 3160 630 3206 non
654 3140 825 3226 intelligere
841 3141 998 3208 coufessus
1020 3141 1077 3206 eet
1119 3137 1203 3203 Nam
1224 3153 1321 3220 neque

253 3245 327 3329 qnid
347 3246 390 3312 sit
411 3246 554 3331 antiquos
581 3245 688 3312 cocae
704 3267 849 3333 panemo,
876 3247 1041 3330 quisquam
1062 3244 1191 3319 amerit,
1220 3260 1320 3326 neque

254 3354 307 3437 qui
327 3353 401 3420 ferri
427 3351 509 3418 inter
538 3353 744 3421 coniunctium
768 3355 908 3432 (dccccl,
931 3360 1079 3426 moal,
1104 3350 1202 3428 dont)
1224 3347 1323 3431 poenit

254 3469 319 3525 erat
340 3472 394 3536 (ne
424 3459 497 3542 quid
528 3458 630 3524 dicam
662 3461 700 3526 de
731 3461 791 3525 hac
823 3459 891 3542 ipsa
923 3457 1192 3524 circumlocutione
1213 3463 1241 3518 ct
1257 3460 1325 3518 ent

260 3567 390 3651 Titycec,
413 3567 489 3650 qui).
542 3565 604 3630 Sed
625 3566 730 3632 omnia
750 3583 844 3648 prava
866 3567 1029 3646 exsuperat
1049 3562 1174 3646 tityrus
1189 3579 1206 3625 e
1221 3557 1323 3626 Greci

254 3673 388 3740 nominis
409 3673 530 3757 pectore
549 3672 725 3756 Vergiliano
745 3671 779 3738 in
809 3671 955 3736 Latinum
987 3685 1150 3734 conuersus
1185 3668 1320 3749 poetam.

256 3777 384 3846 Ouidius
406 3781 523 3846 eeteros
553 3779 662 3860 poetae
688 3779 825 3862 ninguloa
853 3775 983 3861 siugulis
1008 3775 1147 3842 ventibus
1180 3771 1321 3847 absoluit,

18 3915 21 3982 u
111 3951 114 3956 ,
256 3883 383 3962 Gratia,
417 3889 576 3969 utsupra
607 3885 707 3968 Largo
740 3883 792 3959 (17
815 3885 847 3948 et
870 3883 921 3959 18)
953 3882 986 3946 et
1017 3879 1147 3948 Varroni
1178 3877 1320 3951 Atacino,

256 3991 342 4056 cuiue
362 4011 475 4058 nomen
496 3991 612 4073 pressit
631 3991 682 4068 (21
707 3990 739 4054 et
760 3988 824 4068 22),
846 3990 921 4054 duos
943 3988 1094 4068 deditae
1108 3986 1218 4072 magis,
1240 3982 1322 4069 quod

256 4094 316 4162 duo
336 4097 505 4163 carminum
526 4113 640 4180 genera
659 4096 858 4176 tractaverat,
879 4093 1024 4160 Bucolica
1045 4094 1076 4159 et
1097 4091 1303 4177 Cynegetiou:
