2938 4630
347 304 387 368 ffi
705 303 968 376 fflssmu

305 504 382 579 vult,
415 504 450 569 nt
471 505 503 569 et
522 521 573 568 res
604 503 673 586 ipsa
693 504 725 569 et
757 504 888 587 proximi
920 523 1026 571 remus
1053 505 1220 573 declarant
1264 505 1370 592 Scrip-

307 611 390 676 serat
411 609 605 691 Propertius:

457 713 647 780 commissas
669 713 752 780 acies
774 733 831 800 ego
852 733 977 799 possum
998 715 1115 782 solvere
1136 727 1249 802 turpem

495 839 548 886 ves
570 819 708 886 medium
729 823 789 887 cet.

408 923 512 990 enon
535 941 629 1008 opera
648 925 766 1007 primns
785 927 921 992 seuerius
944 943 961 992 e
982 927 1137 993 codicibus
1158 929 1199 994 ad
1218 928 1369 996 veriorem

311 1030 532 1114 certioremque
553 1031 684 1096 formam
708 1050 851 1098 reuocare
872 1032 1257 1108 instructionemque,
1278 1033 1369 1100 bomo

305 1137 338 1202 et
358 1135 390 1200 in
416 1135 572 1202 codicibus
595 1136 817 1222 investigandis
839 1135 1090 1221 conferendisque
1111 1138 1253 1205 acerrimi
1274 1139 1369 1206 studii

307 1243 339 1308 et
361 1241 539 1326 ingeniosus
575 1244 606 1309 et
627 1244 727 1308 multa
745 1244 905 1325 poetarum
927 1244 1107 1311 Latinorum
1128 1245 1258 1311 lectione
1280 1265 1369 1312 exer-

305 1347 433 1418 citatus.
484 1348 764 1416 Grammaticorum
801 1351 941 1416 ueterum
975 1351 1155 1417 testimonia
1190 1351 1227 1416 de
1264 1349 1367 1417 Ovidii

309 1455 460 1538 scriptura
481 1475 542 1520 non
563 1454 653 1520 valde
675 1455 775 1520 multa
796 1457 928 1533 exstant,
965 1455 1046 1539 quod
1067 1459 1099 1522 et
1119 1458 1222 1522 minus
1246 1457 1370 1524 honoris

306 1561 557 1644 auctoritatisque
579 1560 687 1626 habuit
708 1580 800 1644 quam
821 1562 978 1641 Horatius,
1000 1581 1038 1627 ne
1062 1562 1234 1648 Vergilium
1256 1562 1371 1639 dicam,

304 1666 461 1750 multoque
492 1666 595 1732 minus
627 1667 778 1732 tractatus
813 1668 845 1733 in
881 1669 991 1734 scholis
1025 1671 1082 1744 est,
1116 1667 1231 1734 scholia
1265 1669 1367 1748 nulla;

304 1771 486 1856 videturque
516 1771 640 1837 omnino
673 1771 705 1836 in
728 1773 793 1838 eins
815 1773 938 1854 scriptis
963 1775 1004 1840 ad
1024 1775 1236 1857 posteritatem
1257 1793 1371 1858 propa·-

304 1878 415 1963 gandis
437 1877 608 1961 antiquitus
623 1877 779 1959 aliquanto
792 1879 863 1960 plus
878 1879 962 1944 casui
975 1879 1036 1944 loci
1050 1879 1156 1944 luisse.
1189 1879 1250 1944 Sed
1271 1880 1372 1946 Hein·
1450 1885 1451 1888 ’

306 1983 370 2050 sius
404 2003 502 2068 neque
523 1983 589 2065 ipse
622 1983 767 2047 accurata
799 1984 874 2050 artis
910 2001 1017 2050 norma
1043 1984 1161 2049 codices
1183 1984 1376 2052 discreverat

305 2090 500 2172 scripturaeve
522 2088 675 2152 delectum
690 2088 931 2172 coniecturaeque
952 2108 1042 2154 nsum
1065 2091 1195 2167 rexerat,
1219 2091 1252 2154 et
1274 2089 1371 2172 eopia

307 2196 369 2261 eius
391 2193 581 2277 negligenter
603 2211 621 2256 a
640 2191 815 2257 Burmannc
838 2193 928 2259 edita
950 2196 1031 2259 sunt.
1074 2196 1182 2277 Itaque
1203 2196 1281 2261 bene
1303 2216 1374 2262 me·

307 2300 370 2365 ruit
399 2299 435 2364 R.
467 2296 644 2372 Merkelius,
680 2298 771 2380 qnod,
804 2317 874 2363 cnm
909 2301 981 2381 post
1009 2299 1219 2364 Burmannum
1248 2300 1279 2363 in
1316 2301 1375 2367 hoc

308 2404 413 2470 critico
446 2421 556 2487 genere
588 2403 664 2470 nihil
695 2404 767 2478 lere,
804 2403 882 2486 quod
917 2402 1179 2486 operaepretium
1207 2406 1298 2480 esset,
1337 2408 1372 2471 in

308 2507 418 2574 Ouidio
450 2509 594 2576 ellectum
629 2513 729 2588 esset,
765 2509 860 2574 Keilii
892 2510 1082 2593 aliorumque
1122 2527 1213 2593 opera
1247 2510 1373 2578 adiutus

309 2613 430 2681 codices
452 2619 570 2682 recenti
591 2620 766 2700 temporum
787 2617 901 2682 littera
923 2614 1151 2682 renascentibus
1163 2616 1372 2698 proximorum

309 2721 545 2804 interpolatione
578 2723 743 2807 multiplici
776 2727 808 2788 et
840 2723 929 2789 valde
965 2723 1062 2788 libera
1097 2721 1283 2805 antiquiores
1316 2726 1376 2790 aut

306 2829 422 2899 iterum
444 2831 498 2895 ant
518 2831 636 2914 primus
658 2830 696 2894 ad
718 2849 809 2894 nsum
828 2830 949 2896 secavit
969 2829 1001 2893 et
1021 2829 1054 2893 in
1075 2827 1114 2894 iis
1135 2828 1373 2894 fundamentum
1449 2837 1450 2896 l

308 2935 467 3002 Ouidianae
502 2937 660 3019 scriptnrae
691 2935 865 3011 constitnit;
903 2934 959 2998 sed
992 2953 1088 3017 neque
1121 2933 1209 3016 plene
1231 2933 1372 3000 codicum

308 3041 475 3124 scripturas
497 3041 584 3106 edere
599 3040 701 3123 potuit
721 3057 827 3122 neque,
850 3057 925 3122 quas
949 3037 1053 3112 edidit,
1076 3038 1234 3104 commode
1256 3041 1287 3103 ct
1301 3058 1374 3121 per-

308 3147 412 3229 spicue
445 3165 566 3229 semper
588 3145 740 3228 exposuit,
775 3147 806 3209 in
839 3147 925 3210 textu
955 3143 1140 3209 recensendo
1167 3142 1233 3226 ipse
1263 3144 1369 3210 iudicii
1449 3143 1450 3190 ἶ

307 3251 499 3318 contortioris
521 3253 553 3316 et
574 3251 613 3316 ad
634 3249 800 3316 artificiose
822 3252 853 3315 et
874 3251 1001 3315 obscura
1021 3247 1220 3327 inclinantis,
1243 3266 1302 3313 non
1324 3249 1369 3314 ita

307 3376 376 3424 raro
409 3356 651 3425 certissimarum
686 3351 935 3420 emendationum
963 3356 1002 3420 ab
1032 3355 1101 3420 aliis
1122 3354 1273 3420 laetarum
1296 3371 1369 3418 con·

304 3465 455 3547 temptor,
489 3480 638 3527 novarum
659 3460 799 3525 inventor
821 3461 1079 3527 subabsurdarum
1101 3461 1132 3524 ct
1155 3478 1249 3543 prope
1269 3460 1370 3525 inerc-

306 3569 457 3634 dibilinm.
514 3566 593 3632 Sunt
614 3569 718 3631 antem
740 3565 788 3630 illi
810 3566 929 3632 codices
953 3567 1075 3631 omnino
1097 3566 1187 3649 pauci
1208 3583 1265 3628 nec
1287 3565 1370 3630 eius-

306 3676 377 3743 dem
412 3676 444 3740 in
481 3672 620 3738 omnibns
657 3671 799 3755 operibus
836 3673 1026 3756 antiquitatis
1059 3670 1278 3754 bonitatisque,
1315 3670 1369 3736 alii

304 3780 482 3848 Horatianis
507 3779 573 3856 (scd
594 3778 684 3844 huius
706 3779 827 3864 generis
856 3779 1007 3862 pluribus)
1030 3781 1121 3844 aettutc
1142 3777 1193 3842 uix
1214 3777 1369 3856 cedentes,

304 3888 358 3954 alii
400 3885 580 3960 inferiores,
617 3903 695 3950 nnus
739 3885 771 3949 et
800 3885 878 3951 alter
912 3884 1047 3950 nondum
1094 3885 1178 3948 totus
1226 3883 1367 3948 collatus.

304 3995 369 4080 Ego
389 4013 456 4078 quae
476 3993 508 4058 in
531 3990 634 4058 Ovidii
655 3988 777 4072 scriptis
804 3991 930 4056 videbar
964 3989 1043 4055 mibi
1069 3988 1198 4054 meliora
1228 3986 1367 4070 superio-

305 4100 389 4177 ribus
422 4097 603 4184 repperisse,
639 4114 710 4161 curn
742 4095 803 4163 alia
835 4097 970 4180 legerem
997 4094 1109 4178 sapius
1133 4096 1166 4160 et
1186 4093 1367 4176 diligentius
