2924 4660
332 243 393 306 596
706 243 765 300 Lib.
775 243 823 302 IX.
836 245 901 316 Cap.
914 246 937 300 1.

290 445 425 527 potiores
447 462 523 508 osae.
568 441 679 508 roonis
712 444 745 508 et
766 446 850 509 terta
877 445 1051 510 emendatio
1069 448 1137 528 est:
1182 447 1228 510 In
1250 471 1357 533 oeque

290 569 408 616 oansa
425 549 582 616 ieminae
602 548 885 632 virispotiorea
902 549 1055 616 habitae.
1071 551 1149 618 Cum
1161 571 1248 637 aequo
1260 555 1358 640 gradu

291 656 338 721 vir
360 660 391 722 et
412 657 528 722 femina
549 655 653 720 essent
676 654 773 732 (velut
800 655 936 738 pupillus
958 656 1133 742 pupillaque
1155 662 1209 725 aut
1230 665 1359 744 uterque

292 763 387 828 eliens
410 763 459 828 vol
481 763 614 841 affinis);
650 761 765 826 femina
797 762 898 844 potior
924 761 1105 828 habebatur.
1163 766 1287 831 Excidit
1319 769 1359 832 iu

190 887 196 901 ·
290 873 360 952 post
382 869 419 933 ni
441 867 604 945 (adfini),
627 869 695 932 tum
718 885 753 932 er
775 886 880 950 aequa
902 868 1018 932 fautum
1041 873 1090 934 est
1112 871 1155 934 de
1177 890 1261 954 qua.

388 973 456 1038 lbd.
482 973 531 1050 16,
553 973 588 1036 5:
632 971 705 1036 Sed
728 972 789 1037 hio
812 991 871 1046 ea,
905 991 985 1056 quae
1007 987 1079 1040 non
1103 975 1251 1043 diutius
1274 999 1360 1044 mu-

290 1081 517 1164 ginandum,
555 1077 813 1160 eiusdemque
845 1079 960 1144 illins
987 1081 1156 1146 Enniani
1183 1082 1361 1166 Neopto·

291 1187 385 1251 lemi
524 1183 698 1250 oonsilio
740 1184 930 1249 utendum
967 1192 1036 1252 est.
1099 1188 1282 1254 Peruersum
1317 1209 1362 1255 ea

291 1311 372 1377 quae
404 1295 532 1376 totaque
564 1289 761 1354 construatis.
807 1288 1023 1356 Scribendum:
1073 1291 1147 1358 Sed
1177 1291 1237 1357 hio
1269 1315 1361 1378 quo-

291 1419 359 1482 que
391 1415 464 1462 non
498 1395 652 1460 diutius
684 1396 974 1480 maginandum.
1022 1397 1062 1462 ut
1085 1399 1130 1463 siu
1154 1399 1216 1463 iam
1239 1399 1362 1466 Grono-

290 1505 366 1577 vius,
390 1503 450 1567 nisi
471 1502 552 1585 quod
574 1501 676 1566 minus
698 1504 781 1567 recte
802 1502 1056 1587 haeequoque.
1110 1563 1112 1568 ,
1394 1542 1396 1544 -

390 1609 456 1674 Lib.
479 1609 524 1672 VI
546 1607 632 1687 (olim
653 1606 736 1685 vil),
769 1605 799 1684 3,
825 1608 863 1670 16
885 1609 917 1672 in
939 1609 1112 1692 fragmento
1135 1609 1271 1690 Catonia,
1307 1612 1361 1677 nbi

293 1714 438 1781 Hertnius
460 1715 584 1778 uerutus
606 1713 654 1778 est
676 1713 924 1779 emendationem
944 1716 1057 1780 olima
1080 1735 1131 1780 me
1153 1719 1357 1798 opuseaead.

291 1821 323 1886 11
344 1841 385 1904 p..
404 1819 463 1883 125
486 1838 515 1884 n.
539 1819 726 1903 propositam
750 1831 884 1903 tneque
906 1839 1034 1905 regem
1064 1821 1212 1888 Persen
1242 1824 1360 1890 vinei.

158 1919 159 1922 '
295 1925 369 1992 Sed
402 1945 475 1990 non
512 1924 763 1996 Rhodiensoa
794 1925 1013 2006 moderat),
1045 1917 1194 2012 praeterea
1221 1933 1360 1996 extremo

290 2030 575 2098 loeo-scribendum
598 2031 663 2096 est:
686 2029 787 2114 quod
807 2029 875 2096 illi
899 2035 1027 2098 tamen
1050 2037 1235 2118 perpessi
1256 2047 1359 2112 sunu

290 2139 382 2222 vulgo
409 2141 546 2204 externa
580 2153 638 2201 vox
666 2135 762 2201 deest.
826 2138 891 2202 lbd.
925 2139 943 2222 ἓ
971 2139 1021 2216 20,
1055 2139 1108 2204 ubi
1136 2140 1168 2204 in
1204 2142 1361 2208 oodiuibus

181 2312 184 2318 ,
290 2246 353 2311 est:
389 2263 469 2310 oum
576 2242 644 2328 aut
676 2243 914 2310 suadendum
956 2245 1058 2329 quid,
1099 2249 1140 2310 ut
1173 2247 1260 2326 fiat,
1296 2252 1364 2314 ant

290 2351 381 2417 fieri
414 2353 490 2416 iam
524 2339 643 2430 uoepto
673 2347 926 2416 deferendum
946 2356 1037 2428 est,
1070 2352 1266 2419 scribendum
1295 2373 1363 2420 esse

291 2456 445 2524 sententia
467 2454 630 2520 manifesto
653 2455 908 2522 olamatminima
929 2459 1116 2524 mutatione:
1139 2462 1208 2523 aut
1228 2481 1248 2520 a
1270 2460 1364 2525 fieri

210 2577 213 2582 ·
290 2564 367 2628 iam
389 2564 513 2644 eoepto
535 2561 827 2638 deterrendum
851 2565 882 2626 et
904 2562 1183 2630 deterrendum
1206 2565 1271 2630 iarn
1299 2567 1362 2632 Iao.

294 2669 482 2743 Gronovius3
516 2686 577 2732 non
599 2666 734 2731 debebat
754 2685 828 2751 opus
852 2687 918 2734 esse
940 2671 1017 2735 talia
1038 2672 1086 2736 bis
1109 2671 1179 2736 diei.
1235 2672 1286 2748 (iu
1308 2669 1364 2756 ge-

290 2775 418 2840 rundivo
450 2793 520 2838 oum
554 2776 617 2838 est
647 2773 892 2854 impersonaliter
925 2775 1022 2857 posito
1045 2776 1083 2841 de
1106 2776 1283 2842 hominibus
1306 2777 1362 2842 de-

290 2879 450 2946 terrendis-
464 2880 515 2944 vix
552 2896 737 2961 quemquam
759 2879 910 2948 offensum
931 2880 980 2959 iri,
1016 2883 1098 2966 apud
1120 2883 1258 2949 Gellium
1281 2902 1362 2966 pree·

291 2987 409 3064 sertim,
432 2986 564 3069 opinor.)
607 2984 624 3068 d
648 2983 687 3046 25
713 2983 825 3068 duplex
847 2988 1020 3054 emendatio
1043 2989 1183 3055 faoienda
1210 2990 1276 3060 est:
1299 2989 1363 3072 pri·

290 3111 376 3157 mum
400 3079 482 3156 enim
516 3093 561 3156 aie
584 3090 782 3156 scribendum
806 3098 870 3157 est:
907 3093 1048 3178 dignus
1081 3095 1366 3179 quoque-(cato)-

290 3199 409 3264 laude
442 3188 795 3281 admirationeque
822 3202 898 3275 est,
925 3219 1015 3266 oum
1050 3205 1088 3267 et
1119 3203 1291 3282 ingenue
1320 3221 1362 3267 ee

291 3305 490 3389 religioso
529 3303 668 3368 dieere
704 3325 819 3367 auras
860 3309 927 3388 (pro
964 3309 1085 3384 visua)
1129 3310 1190 3372 est
1219 3310 1364 3373 eontra

292 3410 558 3482 Rhodiensem,
592 3409 689 3491 quod
713 3411 930 3484 sentiebat,
964 3412 1003 3475 et
1025 3414 1084 3476 eet.
1128 3410 1203 3490 (Gir.
1226 3413 1264 3476 ad
1289 3413 1362 3478 Tae.

291 3515 373 3582 Hist.
397 3515 450 3593 lv,
473 3502 536 3592 4¹2)ss
591 3513 660 3580 Non
674 3515 765 3596 ·quod
786 3515 870 3581 visus
893 3517 934 3581 sit
954 3517 1056 3582 neseio
1078 3519 1127 3581 eni
1148 3516 1294 3602 religiose
1315 3519 1363 3583 di-

293 3641 380 3698 cere,
416 3621 471 3686 sed
494 3620 574 3703 quod
598 3638 691 3684 ausus
716 3622 764 3684 est
795 3619 900 3696 libere,
934 3623 1014 3705 quod
1047 3623 1210 3702 sentiebat,
1250 3624 1361 3700 diaere,

291 3728 461 3814 laudatur.¹
483 3725 606 3790 ‚Deinde
627 3725 660 3790 in
681 3725 731 3800 iis,
767 3746 834 3809 quae
856 3729 1000 3800 contiuuo
1024 3732 1207 3812 sequuntur:
1240 3730 1362 3796 fierit

293 3837 333 3898 et
352 3831 590 3908 transtulit,
618 3834 661 3897 ut
684 3851 752 3896 eos
774 3832 924 3914 ideireo
945 3834 1005 3899 nel
1026 3835 1190 3899 maxime
1212 3853 1362 3920 aequum
1445 3843 1446 3846 ’

291 3943 395 4006 esset
416 3936 680 4024 'aooeptiores
710 3939 963 4022 carioresque
992 3939 1083 4004 fieri
1118 3944 1264 4024 populo
1289 3942 1360 4015 Ro,

292 4045 403 4128 quod,
435 4063 517 4111 uum
540 4047 578 4110 ot
608 4043 726 4109 utiles
749 4047 886 4110 essent
915 4047 954 4110 et
975 4046 1131 4112 vellent
1162 4047 1358 4150 regiense
