2918 4636
312 225 354 290 ω
675 221 934 295 mama

274 426 422 508 Heinsius
443 421 589 492 substitui
611 420 723 496 voluit,
757 424 822 487 iure
842 424 973 510 quietum
1006 445 1080 494 nam
1102 445 1200 512 neque
1222 427 1331 513 quistis

273 551 386 600 nomen
419 528 514 596 animi
540 547 576 594 cx
608 528 688 596 bona
719 529 906 598 conscientia
937 532 1095 601 sensuritati
1126 533 1332 620 significandae

273 640 381 722 aptum
405 637 461 710 est,
482 653 540 700 nee
560 635 626 698 iure
644 636 728 702 recte
749 634 882 702 additur.
926 635 1126 709 Saribsudum
1149 641 1270 724 opinor:

469 739 602 824 praeterii
624 739 737 806 ndens
759 740 942 806 irrevocata
967 761 1068 828 eques.

370 846 545 914 Revocatur
567 844 650 909 enim
677 847 709 908 et
736 845 904 922 retinetur,
937 848 1047 914 ceteris
1068 852 1331 934 pratereuntibus,

269 957 301 1021 in
323 974 382 1041 quo
405 951 521 1036 aliquid
542 950 773 1036 reprehenditur
794 955 839 1014 ae'
851 954 982 1016 notatru.

368 1052 522 1135 lnd.'111‚
546 1057 576 1136 3,
599 1058 654 1120 21:

404 1165 438 1232 Si
458 1164 521 1230 iam
543 1163 685 1231 deficiam
708 1181 932 1248 suppressaque
953 1165 1059 1250 lingua
1080 1166 1182 1248 palato

465 1269 513 1336 vix
536 1266 689 1336 instillato
710 1269 899 1340 restituenda
919 1289 1016 1346 mero,
1116 1257 1121 1267 ’

401 1373 523 1443 nuntiet
544 1375 604 1440 hue
628 1373 739 1458 aliquis
761 1374 918 1442 dominam
940 1377 1069 1452 venisse,
1094 1395 1263 1462 resurgam.

268 1483 417 1566 Corrupto
437 1479 503 1546 haec
518 1499 586 1546 esse
600 1479 667 1567 iam,
678 1479 824 1544 Heinsius
848 1481 879 1544 et
894 1481 1090 1550 Burmannus
1103 1483 1329 1554 intellexerunt.

266 1589 348 1654 Nam
375 1588 407 1652 ot
434 1588 505 1670 post
530 1606 750 1672 suppressaque
771 1585 900 1654 rabum
928 1587 1026 1662 deest,
1056 1607 1111 1654 nee
1133 1589 1239 1676 trisque
1259 1612 1331 1674 rap-

260 1715 370 1780 pressa
386 1691 495 1776 patae
516 1711 584 1776 quae
605 1690 665 1770 sit,
690 1691 751 1758 dici
774 1694 889 1776 potest,
917 1712 972 1780 uec
994 1695 1067 1777 apta
1091 1695 1214 1760 omnino
1233 1684 1331 1779 palati

266 1800 383 1869 mando
409 1799 443 1864 iu
474 1816 547 1864 vore
574 1799 690 1865 amissa
721 1797 925 1882 redituraque.
973 1800 1090 1868 Vanam
1112 1801 1184 1886 (hoc
1218 1804 1275 1880 est,
1298 1803 1331 1867 ut

266 1925 323 1974 nos
337 1905 501 1990 loquimur,
526 1905 661 1988 pulsum)
695 1903 888 1972 deficientem
921 1905 991 1970 vino
1018 1905 1169 1972 instillato
1195 1907 1331 1972 revocari

266 2013 391 2080 solitam
413 2010 609 2084 ridemuser
624 2010 705 2078 Pont
718 2010 744 2088 Ι,
770 2009 801 2086 3,
826 2011 865 2076 10
883 2011 957 2087 teir..
971 1999 1075 2081 Senes.
1099 2013 1136 2078 da
1151 2013 1249 2088 benef,
1272 2013 1328 2088 ΙΙΙ,

267 2119 296 2195 9,
319 2119 350 2198 2,
372 2116 461 2201 epist.
484 2115 534 2194 95,
558 2116 622 2199 22).
667 2115 797 2202 Scripsit
822 2118 917 2204 igitur
939 2118 1005 2184 sine
1028 2117 1120 2187 dubio
1144 2119 1286 2187 Ovidius:

408 2222 441 2288 Si
462 2223 525 2290 iam
547 2221 688 2291 deficiam
711 2241 934 2312 suppressaque
956 2245 1031 2286 vera
1047 2223 1178 2308 paterer,

449 2328 497 2394 viu
522 2329 673 2396 instillato
693 2328 883 2399 restituenda
904 2348 999 2404 ruera
1021 2332 1079 2394 eet.

367 2434 450 2500 Nam
465 2452 549 2500 venae
563 2453 623 2500 non
642 2434 744 2500 solum
760 2433 889 2507 deficere
905 2436 939 2500 et
954 2433 1059 2500 rodem
1074 2434 1216 2500 dicuntur
1237 2435 1330 2518 (apud

267 2541 417 2608 Senecam
431 2541 453 2606 L
468 2560 494 2604 a.
511 2542 542 2606 et
557 2539 705 2618 eruunt
727 2538 887 2606 sedetiam
902 2539 1015 2626 sapere
1037 2545 1087 2620 (er
1108 2541 1197 2610 Pont
1220 2541 1276 2619 111,
1302 2542 1328 2618 1,

266 2647 331 2730 69),
351 2645 431 2731 quod
459 2645 607 2712 hocloco
628 2643 738 2730 pana
759 2643 885 2712 Ovidius
911 2646 1093 2730 appellavit,
1123 2647 1183 2712 nisi
1204 2658 1330 2731 caperon

262 2753 395 2838 scripsit.

362 2857 432 2926 Ibd.
455 2859 512 2936 ΙΙΙ,
534 2857 563 2932 5,
587 2858 603 2920 l
627 2877 712 2942 sqq:

413 2964 495 3030 Usus
517 2962 661 3028 amicitia
683 2965 787 3030 tecum
810 2965 886 3032 mihi
908 2981 1032 3052 parvus,
1056 2961 1094 3029 ut'
1110 2965 1196 3030 illam

455 3087 513 3133 non
536 3087 617 3152 aegre
640 3087 745 3151 posses
767 3071 973 3147 dissimulare,
995 3071 1063 3150 fuit,

414 3173 446 3238 ni
469 3192 519 3240 me
542 3174 715 3259 complexus
737 3177 847 3246 vinclis
868 3177 1057 3263 propioribus
1080 3193 1163 3241 esses

455 3299 532 3364 nare
555 3299 624 3346 mea
646 3283 747 3360 neom,
769 3284 883 3357 forsan,
908 3286 998 3349 eunte
1020 3302 1083 3349 suo.

362 3384 403 3448 at
428 3385 527 3450 aram
549 3386 683 3472 condicio
704 3389 891 3456 senentiam
912 3391 1061 3474 pervertit
1069 3388 1153 3474 (quid
1175 3389 1222 3454 est
1244 3387 1327 3452 euim

262 3491 330 3568 hoc,
353 3489 494 3575 exiguam
516 3491 610 3558 fuisse
632 3492 801 3560 amicitiam
830 3499 862 3588 et
883 3495 1071 3562 dissimulari
1091 3495 1235 3578 potuisse,
1267 3492 1328 3558 nisi

263 3595 376 3662 arctior
395 3596 538 3675 firissetfi
559 3600 593 3662 et
611 3599 731 3682 pravior
757 3600 825 3684 ipsa
845 3601 891 3679 fit,
914 3601 1036 3668 adiecta
1061 3601 1217 3666 montione
1239 3600 1326 3664 bonae

261 3702 390 3768 fortunae
424 3704 456 3768 st
482 3703 604 3788 forsan.
661 3705 731 3772 Una
758 3705 862 3772 littera
894 3708 1031 3786 munta,
1064 3726 1126 3772 nna
1147 3704 1252 3771 addita
1275 3725 1327 3770 re·

261 3809 413 3887 nascetur,
435 3809 515 3892 qnod
537 3809 666 3876 Ovidius
685 3812 863 3906 scripserat:

398 3913 462 3978 Ner
483 3933 533 3978 me
555 3917 729 4000 complexus
752 3919 861 3984 unalis
882 3920 1072 4002 propioribus
1092 3939 1174 3988 esses

439 4039 515 4084 nane
536 4039 607 4087 mea
628 4025 728 4098 veum,
750 4026 862 4104 forsan,
885 4028 976 4092 eunte
998 4044 1062 4092 suo.
