3000 4638
577 326 701 382 Valerius
718 325 789 382 Max.
1113 323 1174 386 325

152 526 380 594 accommodari
410 525 550 609 possunt.
597 523 686 589 Nihil
715 523 822 590 subeat
853 524 913 590 nisi
940 528 1096 592 iaceret.
1135 524 1216 608 quod

132 629 301 698 'laceret
329 649 430 699 errore
456 630 606 714 scriptum
637 631 750 695 sensim
772 628 804 694 in
826 629 1027 696 laberetur
1047 629 1180 696 transiit.

254 737 321 802 lbd.
344 737 375 816 3,
396 737 432 802 4:
466 737 506 802 et
527 737 663 811 virum,
697 735 812 801 mitto
846 737 939 818 quoi
969 735 1215 818 amplissimae

151 842 388 927 dignitatis,
420 844 524 909 carte
557 841 813 908 salubritatis
835 842 966 908 studio
987 840 1215 923 praestantis

152 948 282 1014 officii
302 949 490 1032 privatin
515 946 592 1016 sibi
612 948 887 1027 venerandum,
921 947 1093 1029 iugulum
1116 965 1216 1029 proe·

151 1057 242 1121 bera
263 1055 393 1122 iussit.
446 1050 623 1118 Ridiculum
645 1053 678 1118 in
700 1052 843 1120 Cicerone
864 1052 1016 1120 laudando
1039 1052 1216 1118 studium

151 1158 416 1236 salubritatis,
454 1175 553 1240 nsque
583 1158 649 1223 nlla
679 1160 840 1225 verborum
872 1158 1038 1242 probabilis
1071 1157 1215 1224 iunctura
1252 1249 1254 1252 Ι

151 1265 287 1350 expediri
326 1265 437 1349 potest.
490 1263 591 1330 octor
632 1258 658 1329 B
702 1265 938 1330 salubritati.
996 1263 1214 1329 Scribonium:

153 1370 603 1445 consceleratorum,
638 1371 861 1453 praestantis
886 1370 1012 1448 cilici,
1034 1369 1215 1452 privatim

155 1477 514 1544 sibi-venerandum
536 1475 629 1559 (quod
661 1474 861 1542 Cicerocum
890 1476 922 1542 in
955 1475 1068 1542 iudicio
1102 1473 1212 1540 dolen-

153 1583 263 1662 dsrat).
319 1582 481 1665 Kampfins
503 1582 674 1647 salutari
696 1581 844 1660 studio,
881 1582 1014 1648 ablativo
1035 1599 1097 1646 non
1118 1581 1213 1646 recto.

252 1688 320 1754 Ibd.
351 1689 387 1753 E.
419 1687 438 1749 3
461 1689 536 1752 extr.
563 1689 607 1760 (in
636 1687 832 1754 accusatione
854 1688 1052 1754 Atheniensis
1081 1686 1215 1770 populi):

154 1813 234 1860 cnm
258 1795 429 1868 interim,
452 1793 649 1860 cineribus
676 1795 821 1859 nostris
843 1779 940 1860 foede
968 1843 975 1860 .
999 1843 1036 1859 ..
1064 1793 1217 1876 disper·
1299 1839 1302 1844 -

154 1901 224 1980 sis,
267 1899 463 1984 OEdipodis
502 1917 590 1965 ossa
624 1900 977 1982 ...interipsum
1001 1899 1217 1982 triumpa-

152 2025 237 2090 gnrn
384 2009 421 2071 et
453 2005 641 2070 excelsam
677 2005 853 2088 praesidis
881 2005 1063 2072 Minervas
1093 2022 1216 2070 arcam

151 2109 291 2178 honore
322 2131 394 2178 arra
420 2111 622 2176 decoratos
656 2111 989 2178 sacrosanctiores
1019 2111 1122 2178 colis.
1166 2112 1216 2176 Sic

153 2217 189 2280 B.
232 2217 365 2283 Mirifice
386 2219 470 2293 sunt,
490 2237 557 2303 qua
579 2233 676 2299 uapor
695 2217 914 2300 excogitarunt,
957 2217 1099 2284 Proxima
1121 2217 1217 2284 vesti-

151 2323 202 2407 gia
222 2323 391 2405 promendo
420 2325 459 2388 ad
487 2343 593 2389 varum
618 2322 807 2406 pervenitur:
839 2323 982 2388 honore
1012 2341 1086 2388 arco
1114 2325 1216 2388 deco·
1253 2393 1254 2396 ,

150 2437 240 2490 rota
285 2449 394 2492 sacro
437 2429 633 2492 sanctiore
680 2429 789 2494 colis·
854 2429 1023 2507 (Sacrum
1068 2429 1215 2513 singulari

150 2551 278 2599 nurnero
297 2533 326 2598 si
347 2533 622 2617 quemoffonrlerit,
641 2533 787 2600 nreunoii
808 2533 926 2600 lexicon
948 2534 1048 2610 odat,
1070 2536 1215 2617 quoniam

151 2634 299 2704 Schelleri
320 2640 428 2706 tenues
448 2641 480 2704 in
501 2640 559 2706 hoc
579 2639 727 2706 vocabolo
749 2641 841 2723 copiae
861 2643 956 2719 sunt.)

251 2743 316 2809 Ibd.
351 2745 382 2824 5,
432 2747 467 2811 2:
510 2747 554 2811 M.
595 2765 683 2812 varo
722 2747 862 2814 Fabius
900 2746 1032 2812 consul
1075 2746 1216 2812 inclita

99 2863 101 2869 ·
150 2851 1045 2935 pugnactamioisetVeicntibussuperatis.
1101 2852 1152 2918 Sic
1175 2853 1213 2932 B,

151 2954 238 3020 enus
259 2955 398 3040 vestigiis
418 2959 590 3041 proximum
613 2960 663 3025 est
682 2960 721 3024 et
747 2957 923 3024 Faliscis.
987 2959 1028 3024 nt
1048 2958 1137 3024 facile
1159 2977 1213 3042 pra
1322 2946 1325 2958 ’

152 3061 302 3140 Etruscis,
336 3081 411 3145 quos
443 3064 549 3131 ninus
580 3067 612 3132 et
643 3065 808 3150 Dionysius
837 3085 907 3131 cnm
935 3063 1115 3144 Veientibus
1142 3083 1215 3130 con-

151 3166 294 3249 iungunt,
315 3168 347 3232 in
370 3168 439 3236 aliis
461 3170 622 3236 annalibus
644 3172 798 3254 proximus
820 3171 950 3237 Etruriae
971 3170 1102 3254 populus
1119 3169 1215 3234 nomi-

151 3271 218 3335 nari
239 3272 385 3355 potnit.¹)
1127 3293 1129 3296 ·

150 3506 350 3520 ...σήμηνε-ιι...

182 3654 203 3715 ¹)
223 3653 287 3722 Cap.
315 3657 340 3719 9,
368 3657 385 3710 4
412 3657 485 3708 recte
514 3653 622 3724 Lipsius
650 3653 720 3709 vidit
745 3655 817 3710 nihil
844 3654 995 3710 addendum
1023 3672 1087 3720 esse,
1116 3653 1161 3710 sed
1180 3673 1214 3710 se

223 3745 329 3799 sublato
347 3745 531 3801 scribendum:
550 3749 812 3801 asseveratione
830 3747 951 3802 deinde
971 3747 1162 3816 eins(uxoris)
1180 3752 1214 3802 ct

223 3835 452 3916 iureiurando
483 3837 535 3892 nil
562 3839 646 3905 (codd.
675 3853 707 3892 se
734 3839 798 3906 nil)
825 3841 898 3894 tale
935 3842 1107 3910 suspicari
1136 3857 1213 3909 per·

221 3945 358 3995 suasus,
387 3930 517 3992 honest,
546 3931 581 3986 ad
607 3931 650 3986 nil
675 3931 732 3985 tale
754 3932 942 4003 suspicandum
961 3933 1017 4002 (sed
1036 3933 1212 4002 suspicionem

220 4021 409 4087 abiiciendam)
429 4021 567 4089 adductus,
596 4023 818 4092 quemadmodum
845 4025 897 4089 ΙΙΙ,
919 4030 949 4091 8,
977 4029 990 4081 l
1021 4025 1136 4094 Capua
1154 4041 1212 4096 pa-

221 4113 308 4168 cisci
326 4131 491 4184 persuasa
510 4114 617 4172 dicitnr.
