2978 4644
547 247 632 304 Varro
649 246 682 302 de
700 264 728 304 re
740 252 809 306 rust.
1112 251 1172 340 119

147 447 298 539 legerem,
331 463 450 524 rerum,
493 465 561 530 quae
593 447 782 522 tractantur,
824 445 986 532 imperitus
1025 467 1082 515 neo
1125 449 1216 516 valde

146 553 287 622 onriosns
323 550 396 632 (nisi
417 551 496 635 qnod
518 551 660 636 quadam
691 551 731 617 ad
754 551 899 619 imtitnta
918 553 1058 622 Romane
1090 556 1122 621 et
1143 555 1216 622 vita

149 657 403 741 eonsuetudinem
436 656 625 742 pertinentia
644 656 876 738 intercurrunt),
907 678 963 726 neo
984 659 1048 726 ullo
1070 659 1216 726 haberem

145 764 302 844 subsidia,
325 763 386 864 nisi
415 781 482 846 qua
504 761 705 830 Schneiderus
727 761 894 830 admodum
914 765 1021 832 munia
1042 766 1075 833 et
1094 765 1218 832 nfirma

150 870 286 954 eollegit,
317 885 470 954 perpenna
496 867 675 954 corrigendo
709 867 811 952 attigi,
848 867 899 934 vix
929 869 1032 956 digna,
1065 891 1133 955 qnae
1164 871 1216 937 hio

145 977 309 1060 ponantur.
346 1019 349 1026 ·

176 1073 178 1080 '
248 1079 317 1148 Iib.
340 1079 367 1160 Ι,
390 1079 419 1160 1,
440 1079 477 1146 3:
499 1078 544 1144 ad
566 1078 678 1146 onius
702 1075 853 1164 (Sibylla)
875 1079 997 1146 libros
1018 1082 1079 1146 tot
1101 1081 1215 1148 anuis

147 1187 240 1270 post
259 1183 419 1270 publice
441 1185 614 1251 solemus
635 1183 786 1264 redire,
821 1204 905 1252 enm
927 1185 1214 1268 desideremus,

147 1291 241 1376 qnid
272 1289 499 1358 laciendum
541 1289 599 1356 sit
630 1290 740 1358 nobis
773 1311 814 1358 ex
846 1291 982 1376 aliquo
1016 1293 1213 1376 portento.

146 1396 199 1462 Ad
221 1396 315 1464 libros
338 1395 489 1475 adibatur,
511 1393 756 1476 nonredibatur;
781 1395 998 1464 desiderum
1011 1416 1055 1464 ns
1077 1415 1136 1464 non
1158 1415 1215 1482 po-

146 1501 211 1568 test
233 1521 335 1570 oerore
357 1499 518 1576 infinitivo,
540 1499 622 1568 unde
642 1503 776 1585 pendeat
797 1503 886 1588 quid
907 1505 966 1570 oet.
1009 1501 1214 1570 scribendum

148 1607 285 1677 videtur:
320 1605 482 1692 publice
514 1607 785 1689 aelemosina,
817 1610 918 1673 noire
949 1627 1031 1676 oum
1053 1607 1214 1677 deside-

147 1732 275 1780 ramns
297 1715 354 1782 oet,
437 1735 441 1741 ·

247 1819 316 1885 Ibd.
341 1820 369 1899 1,
392 1817 432 1884 5:
474 1817 657 1898 Primum,
689 1821 753 1906 qni
775 1837 907 1886 omnes
931 1819 1083 1885 fruetus
1105 1819 1214 1904 agri·

146 1927 308 1992 nulturae
342 1923 433 1992 eaelo
467 1925 505 1990 et
525 1926 631 1990 terra
652 1924 872 2004 continent,
894 1925 1028 1992 Iovem
1060 1926 1100 1991 et
1124 1923 1212 1990 Tel·

146 2031 279 2098 lurom,
322 2031 389 2096 Nee
413 2027 519 2096 Tellus
541 2031 624 2096 terra
645 2049 701 2096 neo
721 2029 841 2114 Iupiter
865 2032 939 2126 eaelo
973 2030 1109 2096 oontimt
1130 2030 1212 2096 fruo-

145 2137 195 2202 tus
228 2136 433 2222 agrioulturae.
480 2133 654 2217 scripseras
676 2134 784 2214 Varro,
819 2153 945 2202 oausam
973 2135 1093 2203 nolendi
1116 2135 1213 2220 signi·

144 2239 259 2308 fioens:
303 2239 487 2320 Primum,
510 2239 602 2324 qaia
628 2257 759 2306 omnes
781 2239 936 2308 fruetus
958 2241 1212 2339 a'grionlturae

146 2347 237 2414 nalo
259 2350 298 2414 et
318 2347 428 2412 terra
451 2344 707 2421 eontinentur,
729 2346 860 2438 lovem
884 2347 923 2411 et
944 2346 1148 2414 Tellurem.

246 2453 314 2518 Ibd.
337 2451 368 2530 2,
399 2451 436 2517 4:
470 2453 508 2517 et
540 2450 625 2517 sine
658 2449 774 2518 dubio
808 2451 984 2535 quoniam
1017 2454 1212 2522 salubrior

144 2577 236 2641 pars
258 2556 587 2641 septentrionalis
609 2558 672 2622 est
692 2574 802 2640 qnam
824 2555 1059 2636 meridiane,
1082 2561 1118 2624 et
1133 2579 1212 2643 qna

146 2663 366 2744 salubrior,
412 2663 489 2730 illa
527 2662 785 2738 fruatuosior,
836 2661 1041 2727 dioendum
1085 2665 1211 2750 magis

145 2787 226 2837 elem
248 2769 369 2836 fuisse
391 2769 644 2852 opportunam
665 2765 712 2832 nd
733 2763 934 2834 nolendum
956 2786 1068 2852 quam
1079 2769 1211 2837 Asiam

145 2869 457 2960 ibiqneItaliam.
493 2872 1211 2960 Postremarerba(ibiqneltaliam),qui-

145 2979 203 3048 bus
225 2980 317 3047 Italia
336 2981 370 3046 in
395 2977 472 3044 Asia
502 2977 644 3063 ponitur,
676 2997 771 3064 prave
792 2977 948 3044 adhaerere
970 2978 1066 3045 etiam
1088 2999 1123 3046 ex
1144 2982 1212 3047 tota

145 3085 321 3171 argumenti
351 3083 542 3152 oonolusione
577 3085 609 3150 et
645 3101 683 3150 ex
707 3083 889 3169 pronomine
920 3105 986 3150 eam
1019 3084 1058 3150 ad
1085 3086 1211 3153 Italiam

146 3191 244 3260 relato
277 3189 477 3258 manifestum
511 3191 568 3256 ert
621 3190 659 3255 In
681 3189 904 3275 antiquissimis
927 3190 1120 3268 editionibus,
1144 3213 1210 3276 qnae
1284 3235 1287 3241 ·

146 3296 178 3362 in
200 3297 249 3364 his
267 3297 354 3364 libris
378 3296 688 3379 oodioumlooosnnt,
710 3295 866 3378 ponuntur
875 3297 947 3380 post
967 3297 1212 3364 fruetuosior

148 3401 320 3485 dicenda
337 3403 395 3483 (sio
416 3403 498 3469 enim
520 3401 564 3467 ibi
584 3401 749 3480 sonoriora
772 3401 913 3484 ponenda
934 3403 1008 3468 suut
1027 3403 1119 3486 paulo
1141 3406 1211 3470 ante

146 3509 205 3598 sio:
229 3508 429 3598 salubrior
449 3527 541 3594 pars
564 3505 897 3592 septentrionalis
917 3507 1107 3591 est-quam
1130 3528 1211 3576 me·

146 3615 317 3702 ridiena,
348 3613 484 3700 ibique
517 3611 655 3691 Italia,
689 3614 727 3679 et
767 3613 852 3698 'quae
885 3615 958 3689 oet,
992 3613 1053 3678 nisi
1087 3615 1211 3681 omnino

146 3720 285 3788 tollenda
305 3724 377 3788 sunt
400 3722 506 3806 obpro
529 3741 596 3784 eom
618 3717 813 3786 scribendum
835 3717 970 3782 Italiam.

247 3825 314 3894 Ibd.
353 3825 409 3903 18,
448 3827 485 3892 3:
524 3828 630 3893 extra
665 3823 869 3890 familiam
904 3824 1044 3890 debuit
1075 3824 1211 3890 dioere
1328 3814 1330 3818 ’
1394 3895 1397 3902 ,

147 3931 306 4000 vilicum
350 3933 387 3998 et
427 3933 598 4001 vilitem.
663 3930 794 4014 Neque
839 3930 958 4009 enim,
1009 3927 1041 3992 si
1085 3929 1209 3994 minue

148 4036 274 4106 CCXL
311 4039 449 4124 iugera
484 4037 621 4105 oliveti
657 4035 775 4108 coles,
808 4051 878 4099 non
914 4031 1049 4118 possis
1086 4034 1209 4101 minus

967 4143 1011 4196 rs·
