2918 4636
289 317 350 381 140
646 317 705 374 nib.
718 317 766 374 VI.
780 315 845 386 Cep.
857 315 910 373 ΠΙ.

246 519 538 602 eompuretmeum
568 515 640 582 Goeo
672 516 784 582 'titane
805 513 888 599 epud
908 513 1021 582 inferes
1041 515 1196 583 libertatis
1219 533 1309 602 spem

245 622 435 707 concipiente
457 624 488 688 et
510 639 543 688 ee
563 621 732 702 relevante,
752 623 821 688 tum
841 639 948 688 rursus
967 619 1001 686 in
1015 621 1152 690 ueterem
1163 623 1307 722 suppiieii

244 727 377 796 formem
397 727 539 794 redeete:

614 829 707 898 funde
727 829 825 902 umuti
846 851 915 900 eum
939 831 1029 898 Gneus
1048 832 1082 900 iu
1102 832 1165 904 inre
1238 889 1240 896 ,
1299 871 1302 878 ·

344 937 447 1004 vinela
467 937 548 1002 Iovis
569 936 728 1020 fructuque
750 937 877 1002 trahens
899 935 1062 1006 adamante
1083 941 1209 1012 eatenus

344 1043 510 1112 Saturnum
531 1041 719 1126 Tityumque
739 1043 831 1108 uuest
852 1060 1000 1130 spemque
1021 1043 1145 1113 estheris
1167 1063 1272 1109 emens

344 1149 483 1236 concipit,
506 1149 556 1216 est
572 1147 661 1214 illum
683 1147 785 1214 fluviis
805 1149 838 1223 et
858 1148 946 1214 nnete
967 1167 1111 1216 remense

342 1235 549 1320 Eumenidum
571 1251 654 1318 cenis
679 1253 712 1317 et
732 1271 846 1337 epareae
867 1253 941 1318 iubu
961 1253 1096 1337 reppulit
1116 1251 1231 1338 hydrae.

302 1419 303 1426 ,
331 1359 450 1443 Neque
478 1378 616 1422 remensa
647 1357 744 1424 ulium
767 1359 862 1426 habet
882 1359 1067 1428 sententium
1088 1377 1186 1446 neque
1198 1358 1311 1446 fluuit

242 1474 269 1528 et
289 1475 376 1538 noete
395 1463 458 1540 ulle
478 1465 569 1549 prete
592 1482 664 1527 eum
684 1463 819 1548 reppulit
833 1447 979 1549 eeninngi
1003 1467 1117 1558 petest.
1165 1465 1258 1533 Certe
1278 1468 1312 1533 et

241 1569 536 1643 iutilieemendetu'e
557 1569 661 1636 lenum
682 1569 821 1638 innubit:

356 1743 358 1750 ,
542 1677 594 1742 est
612 1675 702 1744 illum
723 1676 827 1745 fluviis
847 1678 879 1740 et
899 1680 990 1745 nnete
1011 1687 1156 1745 remeses

343 1781 551 1849 Eumenidum
572 1781 668 1849 esuis.

340 1919 408 1990 rur.
431 1919 503 1997 ers,
523 1921 587 1987 ere
604 1921 660 2000 <re
684 1920 792 2006 cyneo
815 1923 961 2004 separer:
1015 1965 1019 1975 ,

340 2024 422 2090 Nem
444 2027 516 2109 quia
536 2046 594 2092 nee
615 2026 715 2110 proles
737 2027 816 2092 alins
838 2021 905 2092 nee'
918 2026 1048 2111 denique
1069 2028 1205 2114 surgun,
1250 2045 1255 2082 '-
1362 2110 1364 2114 .

340 2133 407 2216 ipse
429 2130 521 2200 deens
542 2127 689 2218 regnique
711 2133 806 2198 refert
826 2133 948 2218 insigne
966 2127 1109 2228 paterni·x
1173 2169 1174 2176 κ
1196 2129 1205 2137 “’

341 2237 392 2302 Sie
424 2257 460 2306 ex
491 2238 563 2306 iieii
583 2239 717 2305 alieuius
740 2239 916 2305 unientur
938 2241 1093 2322 scribitur,
1131 2257 1191 2307 non
1221 2244 1307 2310 reete

240 2344 356 2410 emisse
377 2344 599 2428 significatione
626 2345 709 2422 eius,
742 2344 782 2410 ed
814 2360 922 2430 quern,
953 2347 1070 2424 lenire,
1102 2363 1161 2432 que
1194 2349 1305 2416 reiensi

241 2449 369 2536 Opziene
402 2450 532 2536 insigne.
563 2449 708 2516 ¹Gediees
731 2449 850 2536 eurique
871 2451 1020 2534 parente.
1064 2453 1302 2520 Restituendnm

238 2549 416 2644 igiturest:
765 2557 768 2562 ’
1202 2601 1205 2606 ·

405 2679 409 2686 ·
690 2655 787 2726 refert
807 2661 928 2748 insigne
944 2665 1077 2750 perenm
1193 2661 1197 2668 “

238 2787 256 2835 a
278 2777 336 2856 que
357 2769 424 2852 ipre
444 2770 614 2852 eeueperat.

317 2909 319 2913 ’
340 2908 407 2974 Ibd.
424 2907 485 2972 598
498 2907 549 2987 (de
560 2907 750 2992 Argonautis
763 2868 930 2974 Herculem
952 2909 1107 2976 constanti
1128 2909 1189 2979 fide
1211 2883 1302 3003 eppe

118 3035 120 3040 ·
237 3013 415 3091 rientibus):

338 3118 383 3182 At
403 3117 494 3184 seeiis
515 3118 646 3218 immota
667 3117 745 3185 fides
768 3119 941 3204 austrisque
961 3121 1104 3188 seeundis

338 3224 422 3290 eerta
452 3241 538 3290 mere
569 3223 631 3292 est:
663 3243 720 3290 nee
741 3244 855 3308 pervus
876 3225 993 3328 Hyles·
1021 3246 1209 3314 quemquem
1235 3247 1302 3296 em·

1053 3332 1143 3399 nibus
1164 3352 1251 3420 aeque

335 3436 425 3520 grate
444 3436 636 3517 rudimentn3
657 3437 810 3504 Herculeo
832 3437 890 3504 sut
911 3438 1035 3506 nemine
1055 3439 1248 3523 pentem...

240 3587 261 3608 ¹·
341 3575 394 3640 iiie
413 3575 504 3642 unito
527 3576 650 3656 edidit‚··
665 3577 900 3662 Epeseutsrdtii
928 3579 1135 3646 *meienturum
1162 3582 1301 3656 seentusr

236 3680 292 3746 sed
312 3681 432 3764 pridem
453 3683 647 3750 intellectum
668 3685 744 3759 eret,
767 3701 825 3748 nee
845 3683 1016 3774 emtionem
1037 3703 1094 3752 nee
1114 3687 1301 3754 sententiam

235 3785 360 3870 plenem
385 3806 453 3855 esse
471 3789 504 3854 in
526 3789 589 3856 iilis
610 3810 799 3872 nipparene
820 3787 930 3873 Hylas.
976 3791 1084 3876 Neque
1105 3811 1193 3860 mere
1215 3788 1301 3880 terte

235 3893 310 3970 eret,
331 3891 386 3960 sed
406 3892 493 3961 fides.
536 3893 639 3961 Oedex
659 3893 730 3960 Vnt.
751 3917 878 3961 moraes.
921 3895 1137 3965 scribendum:
1196 3967 1218 3980 A!

334 4000 378 4064 At
398 3999 489 4068 seniis
511 3999 640 4068 immota
660 4000 738 4068 fider
760 4002 934 4086 austrisque
958 4003 1101 4071 seeundis
1146 4059 1150 4068 .
1221 4063 1226 4071 .
