3018 4634
581 237 694 296 Cauris
711 239 781 296 Beli
798 239 860 296 Gir.
1149 237 1210 302 275

181 439 402 508 renasceris.
465 436 630 506 Manifeeto
668 437 855 522 significetur
887 437 1002 505 famam
1039 457 1072 504 re
1104 438 1253 506 maiorem

182 565 269 614 esse.
314 542 516 611 Scribonium
537 541 660 608 ridetur
681 541 1007 611 famacntecetlia,
1016 544 1042 628 ¹)

287 649 357 728 Ibd.
390 648 447 714 44:
490 649 614 732 Atque
657 649 699 714 ut
729 647 854 714 nostri
885 650 1090 732 perpetuas
1127 651 1255 715 muni-

189 758 318 824 tiones
342 754 529 821 videbant
550 752 756 837 perductas
780 771 831 817 er
859 755 1040 849 castellis
1060 756 1097 820 in
1120 757 1254 840 prori-

185 879 249 930 'ma
270 860 458 936 castella,
491 878 536 924 ne
558 877 632 943 quo
654 858 741 924 loco
763 862 1007 942 erumperent
1029 860 1254 944 Pompeiani

183 985 233 1034 -ac
254 969 407 1032 nostros
429 967 519 1050 post
538 966 700 1052 tergum
721 962 994 1040 adorirentur,
1025 963 1251 1050 [timebant]
1350 997 1352 1002 v

185 1072 247 1140 ita
278 1071 347 1138 illi
378 1071 565 1148 interiore
598 1069 731 1153 spatio
761 1070 969 1152 perpetuas
1004 1072 1253 1138 munitiones

185 1177 445 1248 efficiebant,
482 1192 526 1240 ne
562 1192 673 1259 quern
706 1176 829 1240 locum
860 1175 982 1240 nostri
1008 1176 1160 1242 intrare

188 1283 360 1365 possent.
415 1279 504 1361 Quod
523 1281 677 1348 inclusum
706 1281 754 1346 est
774 1279 922 1360 verbnm,
959 1280 1095 1347 Faernus
1116 1281 1254 1358 sustulit,

184 1385 330 1452 additum
352 1386 400 1469 (at
424 1384 494 1450 vide
516 1384 696 1463 licentiam),
718 1404 798 1460 oum,
830 1405 873 1450 ne
906 1386 986 1451 unde
1016 1386 1173 1469 penderet,
1195 1405 1254 1454 non

190 1491 495 1558 ursimadverteretur.
554 1489 614 1556 Sed
656 1483 830 1573 connptum
867 1509 934 1556 esse
976 1491 1160 1558 uidebant
1197 1509 1254 1556 nec

185 1597 377 1678 sententium
420 1598 580 1671 constare,
626 1594 827 1662 menifestum
869 1598 917 1660 est
952 1596 1203 1679 intellectumque
1236 1615 1255 1660 a

187 1704 324 1779 inultis,
358 1701 538 1787 corrigendo
579 1701 724 1766 aberrant
762 1703 811 1780 (nt
847 1701 939 1785 longe
959 1685 1122 1780 sKoctius,
1154 1719 1254 1788 ¹qurenr

190 1807 369 1872 Dnebnerus
391 1808 523 1878 secutus,
539 1808 610 1886 est).
671 1791 757 1872 Nihil
779 1807 890 1888 practer
909 1806 987 1872 illud
1008 1825 1104 1872 unum
1116 1806 1254 1900 'verbum

190 1911 390 1984 mutandum:
427 1911 554 1994 Atque
574 1897 616 1977 ut
636 1912 769 1978 nostri
791 1913 996 1995 perpetuas
1012 1912 1254 1978 munitiones

189 2015 367 2080 colebant
399 2016 611 2101 perductas,
645 2065 710 2096 ...,
745 2035 791 2082 ne
830 2064 895 2092 ...,
925 2017 982 2082 ita
1018 2019 1075 2110 cet.
1136 2017 1255 2084 Eodem

190 2123 290 2206 capite
321 2123 413 2205 paulo
441 2124 513 2205 post
538 2122 683 2190 scribitur
710 2122 768 2187 sic:
812 2121 900 2203 Qus
927 2141 1007 2188 cnm
1038 2123 1254 2190 erant'loca

188 2227 332 2294 Oaesnri
353 2223 557 2310 capiendo,
590 2229 665 2293 etei
697 2227 907 2310 prohibere
930 2227 1135 2311 Pompeius
1156 2229 1253 2296 totis

187 2333 324 2416 copiis'
442 2351 514 2398 non
547 2329 833 2406 constituerat,
869 2335 999 2398 tamen
1035 2333 1118 2399 suis
1153 2334 1261 2400 locis.

188 2438 426 2526 sagittarios
468 2436 771 2520 funditoresque
812 2437 1007 2516 mittebat,
1050 2439 1110 2504 cet.
1168 2438 1253 2518 Quae
1383 2431 1386 2438 ’

190 2562 250 2610 non
276 2543 387 2622 tabet·
413 2562 472 2626 quc
503 2543 666 2631 referntnr3
705 2544 776 2624 (hoc
804 2542 915 2608 vitium
949 2541 1046 2607 senui
1079 2542 1253 2627 Tcrpstru3)

189 2665 273 2714 cum
312 2651 426 2722 erant
466 2667 526 2715 non
566 2650 651 2716 recte
691 2647 804 2713 dicitur
846 2653 931 2728 (nam
972 2647 1000 2712 si
1033 2666 1112 2729 qnae
1144 2650 1255 2716 scribi-

190 2755 251 2831 tur,
273 2754 405 2820 unsis
434 2754 617 2840 significatio
640 2755 715 2834 est).
767 2751 987 2832 Scribonium:
1020 2749 1256 2840 Quocunque

190 2863 304 2926 erant
335 2860 419 2928 locs
451 2860 590 2928 caseri
622 2858 816 2943 capienda
844 2858 903 2927 cet
946 2846 1076 2924 'Eodem
1105 2857 1196 2925 moto
1222 2859 1255 2926 id

190 2983 358 3048 pronomen
394 2965 469 3032 nlibi
499 2966 698 3049 depuratum
732 2983 800 3032 esse
827 2965 860 3030 et
880 2983 899 3030 a
920 2981 972 3029 me
996 2967 1167 3030 correctum
1188 2985 1256 3032 me·

190 3070 276 3146 mini,
298 3089 355 3136 nec
376 3073 482 3138 umen
503 3088 585 3137 nunc
605 3071 707 3136 iocum
728 3071 855 3155 reperio.
900 3069 969 3156 [Sic
990 3069 1048 3134 Th.
1069 3071 1267 3158 BentlcinsJ,

291 3174 358 3240 ibt.
388 3175 444 3240 48:
487 3176 558 3242 Est
584 3177 702 3242 etiarn
734 3195 853 3262 genus
882 3176 1027 3243 radicis
1057 3176 1255 3264 inventum

142 3273 144 3278 ’
190 3277 237 3346 ab
267 3281 332 3355 iis,
364 3277 427 3364 qni
453 3281 613 3346 fuerant
646 3282 861 3361 scleribus,
899 3281 996 3366 quod
1032 3283 1257 3367 appellatur

193 3501 391 3517 kim

223 3659 244 3728 Ι)
262 3659 326 3731 Gap.
338 3656 530 3730 toreetissirne
544 3657 736 3732 Nipperdeius:
755 3659 841 3728 uncle
859 3660 958 3714 tenni
975 3661 1135 3717 naturali
1154 3664 1255 3730 (minus

262 3751 334 3804 recte
351 3750 583 3820 naturaliter)
610 3752 761 3819 obiecta,
789 3753 832 3808 cni
850 3752 897 3822 qni
915 3752 1015 3808 obiecit
1040 3754 1178 3809 tenuem
1198 3771 1255 3810 nro·

263 3840 318 3896 lenr
335 3858 384 3914 pro
401 3850 550 3915 anguste
568 3860 621 3900 non
639 3845 702 3912 dici,
731 3861 783 3900 non
803 3844 911 3900 ridetur
929 3844 1101 3900 tellurem
1119 3849 1256 3906 tenuem

263 3931 375 4003 (Orio),
418 3921 742 3994 frontsm'tennem
779 3938 885 4007 (Hor),
929 3938 1079 3994 limitem
1121 3941 1257 3998 tenuem
1302 3921 1309 3928 ³

268 4025 407 4096 (Quintil.)
426 4030 559 4087 similiave
577 4031 742 4101 cognovisse.

1012 4122 1056 4176 ἰδ’
