2978 4644
304 281 364 345 m
662 278 923 350 mmmm

262 499 333 549 curn
355 481 422 546 haec
444 479 486 546 sit
506 476 671 552 sententia,
702 475 782 542 nihil
803 475 855 556 (cri
875 494 955 558 rem,
990 473 1030 542 de
1049 493 1110 560 qua
1131 475 1244 560 egitur,
1266 477 1323 544 (10.

259 585 511 674 monstrandam)¹
525 582 639 650 certius
663 601 731 649 ease
751 582 810 648 hoc
835 581 906 660 (hac
926 599 961 645 ra
988 582 1021 646 et
1041 581 1101 647 hoo
1119 583 1325 668 argumento),
1436 624 1440 630 -

259 691 340 777 quod
364 709 470 758 omnes
492 691 551 756 cet
593 687 676 754 Nam
697 688 725 754 si
745 687 814 772 quis
834 687 1001 770 putauerit,
1021 686 1093 753 hoe
1118 735 1126 752 .
1150 733 1158 750 .
1181 693 1324 772 .'qucm

259 799 305 865 sio
328 797 405 877 dici,
427 797 472 872 ut
492 796 564 862 noto
585 811 653 868 usu,
674 793 809 878 primum
831 791 965 860 abhfivo
986 793 1191 877 pronominis,
1213 793 1325 862 deiude

258 904 410 990 particula
441 923 535 987 paam
567 902 599 968 et
642 899 796 966 sententie
825 899 957 965 alterum
991 899 1190 981 comparandi
1221 919 1324 968 mem·

259 1011 349 1078 brum
382 1006 591 1090 exprimatur,
626 1005 667 1074 ad
693 1023 762 1072 eam
788 1004 920 1071 sormam
949 1002 1114 1070 dicandum
1150 1006 1232 1072 erat:
1268 1005 1325 1072 icoc

261 1115 369 1180 certiora
389 1111 468 1176 nitri
488 1133 549 1176 cccc
566 1120 672 1198 potest,
706 1132 800 1196 quum
834 1131 935 1174 omaso
967 1119 1048 1174 antee
1074 1158 1082 1177 .
1106 1155 1116 1178 .
1138 1161 1146 1177 .
1166 1121 1324 1196 praestem,

259 1224 295 1288 ut
321 1221 378 1287 hoe
405 1219 508 1303 ipsum
530 1221 650 1284 certum
681 1235 748 1293 esse
775 1211 1023 1296 confirmaretur‚'
1050 1235 1112 1284 nou
1134 1217 1227 1302 (quod
1257 1217 1326 1285 fiori

258 1327 361 1406 debet)
383 1345 419 1391 ex
440 1343 475 1390 co
498 1323 661 1390 duceretur
682 1323 898 1408 argumentum
919 1323 1049 1390 certum.

359 1431 427 1496 Ibd.
461 1429 522 1494 252
552 1413 629 1515 'quid
651 1429 806 1496 sententie
825 1429 1005 1513 requireret,
1038 1430 1143 1514 plures
1163 1428 1326 1504 viderunt3

259 1538 446 1604 correctione
477 1536 528 1610 usi
557 1535 630 1602 sunt
655 1535 864 1618 improbabili3
897 1536 979 1620 qnod
1017 1534 1219 1614 desideratur,
1254 1534 1323 1602 ema

260 1643 357 1708 ciettu
379 1643 440 1708 sic:
477 1641 649 1707 alterum
682 1659 800 1725 genus
825 1643 896 1708 est
916 1643 955 1704 tn
981 1640 1220 1718 imitatione,
1250 1639 1323 1706 ud-

258 1748 412 1814 modum
431 1746 662 1822 ridiculum,
686 1748 745 1812 cet.

342 1853 410 1919 lbd.
432 1851 711 1919 onocentaurum
734 1853 796 1920 est:
829 1851 1020 1918 Libenter
1040 1852 1141 1918 enim
1161 1854 1216 1930 te,
1239 1871 1326 1938 cog·

259 1961 382 2026 nitum
409 1959 486 2025 ium
513 1957 729 2036 artificem,
762 1956 974 2042 aliquando
1006 1958 1207 2025 evolutum
1239 1959 1326 2026 illis
1380 1995 1384 2001 ·

258 2063 555 2150 integumentis
588 2062 935 2130 dissimulationis
967 2064 1045 2130 tuae
1068 2114 1075 2130 .
1098 2111 1107 2129 .
1131 2111 1138 2128 .
1161 2065 1327 2149 perspi·

261 2172 343 2250 cio,
366 2163 487 2238 sublato
509 2189 577 2255 pac
596 2172 668 2252 post
688 2169 914 2253 aliquando.
958 2168 1124 2257 Cognitum
1145 2171 1238 2236 anteo
1257 2171 1326 2236 An·

257 2277 378 2343 tonium
401 2276 529 2343 Crassus
550 2293 633 2341 nunc
657 2275 815 2341 evolutum
835 2274 991 2359 perspicit.

357 2382 424 2448 Ibd.
450 2381 511 2446 357
543 2397 606 2447 res
639 2429 647 2446 .
670 2429 707 2448 ..
740 2381 786 2446 ab
808 2383 1004 2463 aspectus
1026 2381 1180 2446 indicio
1200 2400 1324 2449 remo·

256 2490 316 2555 tas
351 2488 458 2555 Oicero
489 2485 667 2571 appellavit,
699 2505 776 2570 quea
809 2489 953 2570 aspectus
985 2487 1229 2567 non-indicaret,
1262 2506 1321 2554 non

257 2595 380 2660 iudicio.
472 2616 475 2624 ·

355 2702 392 2765 In
411 2699 517 2766 *erun
551 2698 572 2784 ξ
609 2698 671 2764 244
700 2698 774 2766 iude
810 2699 850 2764 eb
874 2698 990 2766 Oreliio
1026 2699 1072 2766 sic
1102 2701 1196 2766 uerba
1224 2701 1322 2766 iuter·

257 2809 416 2892 pungunt:
451 2805 546 2871 Volo
570 2807 701 2872 eutem
722 2805 793 2870 hoo
813 2805 1004 2889 perspici,
1026 2805 1205 2874 omnibus
1227 2825 1323 2872 con-

256 2911 434 2996 quisitis,
468 2912 531 2995 qui
563 2910 605 2976 in
645 2909 905 2994 multitudine
938 2895 1191 2976 dicere'ansi
1226 2912 1324 2992 sint,

254 3017 438 3083 momoria
468 3016 625 3100 quidem
656 3015 796 3100 dignos
827 3033 1057 3100 perpaucos,
1095 3035 1223 3086 uerum
1256 3019 1321 3102 qui

254 3123 408 3188 omnino
425 3120 564 3188 ‘nomen
586 3122 810 3201 habuerint,
842 3140 915 3188 non
937 3121 992 3186 ita
1012 3122 1158 3189 multos
1180 3123 1324 3204 fuisse,

254 3231 290 3296 ut
311 3248 440 3295 verum
463 3247 519 3311 pro
542 3227 692 3295 adieetivo
714 3245 785 3294 oum
812 3247 857 3306 eo,
889 3227 971 3311 quod
998 3229 1047 3293 est
1067 3245 1217 3304 nomeu,
1249 3247 1321 3294 oon-

254 3335 409 3420 iungatua
455 3333 596 3400 inaudito
638 3352 698 3400 non
736 3333 835 3399 solum
868 3333 950 3418 apud
986 3333 1161 3400 Ciceronem
1199 3333 1255 3400 sed
1284 3335 1318 3399 in

253 3439 334 3524 bona
367 3457 460 3528 prosp
496 3440 631 3506 oratioue
663 3437 823 3506 verborum
856 3438 971 3518 ordine,
1000 3459 1059 3506 usu
1087 3440 1230 3524 loquendi
1261 3458 1323 3506 non

242 3547 338 3611 ,recto
375 3555 495 3630 (neque.
519 3547 611 3624 enim,
648 3545 701 3631 qni
743 3563 853 3610 nomen
888 3545 1016 3622 meruit,
1063 3565 1171 3612 verum
1205 3564 1320 3614 nomen

252 3650 367 3718 hebere
390 3651 522 3732 dicitur),
545 3652 699 3720 sententia
716 3668 875 3734 perrersc3
901 3652 1002 3718 maius
1025 3653 1072 3718 est
1094 3653 1176 3721 anim
1192 3671 1352 3725 ‚memo-„-

253 3757 301 3824 rie
322 3757 450 3844 tignum
471 3776 549 3836 esse,
571 3777 632 3841 quo
662 3758 809 3841 perpauci
843 3759 1019 3842 pervenisse
1043 3758 1197 3838 dicuntur,
1228 3758 1322 3843 longe

251 3863 354 3930 nunus
385 3864 511 3930 omnino
545 3881 658 3930 nomon
689 3862 802 3932 habere
835 3863 868 3929 ct
907 3863 1069 3946 appellari,
1084 3899 1086 3902 ·
1099 3862 1182 3946 quod
1211 3863 1319 3930 tumen

252 3968 354 4053 ipsum
386 3989 448 4036 non
478 3969 525 4035 ita
559 3967 651 4034 multi
686 3968 842 4033 consecuti
874 3972 956 4034 sunt.
1014 3967 1215 4036 Scribonium
1252 3969 1322 4036 eat:
