3018 4634
615 256 727 314 dmm
747 257 819 317 Bell.
834 255 891 314 civ.
1184 255 1245 320 279

221 459 378 544 pedites
398 477 440 524 cx
460 455 733 542 antesignanis
767 454 912 524 electis
946 454 1101 522 milites
1134 455 1178 522 cd
1199 475 1287 540 per-

222 564 428 634 nicitatem
459 562 579 632 ermis
610 563 711 646 inter
742 561 893 644 equites
922 560 1286 644 proeliariruberet

222 669 405 738 lleds‘ssimc
415 668 548 736 editores
558 669 728 752 superiores
739 664 1284 752 delectumcdhcminespcrtiuuisse

213 776 363 844 riderent
384 775 628 859 scripseruntque
650 774 808 850 electos,
830 770 917 856 qued,
934 770 974 838 cd
1006 774 1286 858 antesignanis

191 867 320 948 verrore
355 881 621 962 accommodatum
657 882 714 946 eet
766 877 828 945 Sed
863 876 1056 944 desideratur
1090 880 1222 964 aliquid
1244 879 1285 946 cd

210 989 349 1054 ermis.
396 986 436 1051 ld·
453 987 534 1054 inest
554 986 590 1051 iu
611 985 783 1061 milites,
817 983 898 1068 quod
929 983 1044 1050 frustm
1071 985 1140 1051 tolli
1166 986 1284 1062 iubent,

221 1093 317 1169 nulle,
339 1095 463 1176 propter
484 1110 580 1175 quem·
598 1091 746 1157 additum·
771 1091 822 1170 sit,
844 1107 939 1156 consa
960 1090 1142 1176 significate.
1199 1091 1286 1158 Scri-

220 1199 355 1266 bendum
380 1201 454 1265 estu
483 1197 756 1264 adolescentes
862 1197 1024 1274 electos,
1055 1198 1213 1260 mulcete
1237 1195 1283 1262 ud

219 1305 492 1389 pernicitatem
517 1304 651 1382 ermis,
673 1303 775 1388 inter
796 1302 953 1385 equites
975 1305 1034 1368 cet.
1080 1290 1174 1368 initio
1198 1302 1285 1392 copi·

218 1406 261 1478 tis
294 1411 387 1477 scribi
418 1410 520 1488 debet,
552 1428 620 1494 que
642 1409 788 1476 correctio
804 1409 857 1474 eb
880 1407 1053 1497 ¹editoribus
1075 1408 1184 1491 primis
1206 1427 1285 1492 prm-

219 1517 310 1600 ceptc
331 1516 370 1582 sd
392 1515 642 1599 Oudendorpium
674 1514 776 1580 locum
807 1513 935 1581 tenuit.
959 1533 1069 1597 quom
1105 1517 1172 1597 (pre
1200 1521 1285 1598 quc)

220 1620 318 1688 sctis
339 1623 588 1704 perspectum
609 1621 753 1687 hebere
774 1618 943 1685 militum
964 1621 1111 1686 animos
1133 1620 1287 1688 uidere·

75 1796 80 1810 ,
194 1728 289 1792 stur.
331 1725 500 1794 Accnsilii
520 1725 746 1811 significatione
768 1725 913 1808 obhorret
940 1723 1150 1800 videretur,
1184 1743 1283 1812 neque

217 1832 401 1916 precedenti
428 1832 589 1898 sentcntiae
603 1829 816 1914 recedungi
838 1833 978 1914 possunt,
1013 1831 1157 1913 quoniam
1179 1849 1215 1898 cx
1236 1833 1283 1898 iu·

216 1937 413 2004 termissione
444 1937 623 2020 proeliorum
641 1937 771 2026 'suimus
792 1936 929 2002 militum
950 1955 1012 2002 neu
1032 1937 1281 2020 perspiciebetur.

218 2041 280 2124 (nt
294 2041 426 2110 debetct
445 2044 487 2108 ut
508 2043 629 2126 dici.)¹)

317 2171 386 2258 Ine,
415 2169 455 2234 87
488 2171 598 2238 sclcece
620 2170 778 2238 scribitur:
821 2169 907 2234 Haec
938 2187 1021 2236 cum
1053 2168 1161 2238 lecta
1197 2176 1285 2239 sunt

216 2275 253 2341 in
276 2276 460 2352 consilio,
496 2293 632 2364 magna
664 2295 734 2360 spe
766 2275 804 2342 ct
836 2273 984 2342 lustitia
1015 2278 1181 2344 omnium
1204 2278 1286 2344 dis-

217 2398 373 2448 cessum·
389 2383 465 2461 est,
491 2381 558 2448 nisi
579 2381 657 2448 forte
681 2380 874 2466 significetur
909 2399 945 2446 eo
967 2371 1033 2464 ipsc
1058 2384 1198 2466 tempore
1219 2383 1285 2448 dis-

217 2503 337 2552 cessum
359 2503 434 2563 csse,
458 2505 530 2553 cum
553 2487 619 2554 haec
639 2488 759 2554 fierent.
803 2487 864 2553 Sed
886 2487 1017 2552 licenter
1037 2487 1131 2571 primi
1152 2487 1284 2555 editores

216 2740 415 2752 ———...

214 2940 256 3010 ,1)
283 2936 346 3008 (lep.
373 2941 409 2995 82
435 2941 507 2994 recte
524 2936 699 2994 llsrklendus
726 2936 766 2992 de
797 2937 963 3007 praeturis
996 2953 1033 2993 cc
1063 2936 1281 2995 sacerdotiis.

286 3030 372 3087 Prsre
390 3031 525 3102 premis
552 3047 588 3087 cc
618 3030 814 3086 sacerdotis
831 3030 1041 3099 coniunguntur,
1072 3045 1132 3084 cum
1151 3031 1180 3084 ct
1197 3045 1281 3086 secer-

273 3122 361 3178 'dotic
377 3125 406 3178 ct
424 3119 521 3188 omnis,
540 3138 599 3192 qum
617 3123 807 3187 subiicicntnr,
826 3122 936 3192 prumic
953 3121 1015 3178 sint.
1053 3122 1118 3192 Cep.
1136 3124 1171 3180 86
1189 3123 1280 3194 indig-

241 3237 244 3244 2
284 3215 397 3270 dissime
423 3215 671 3286 negligiturccrte
696 3215 859 3284 lllberliugii
887 3213 1053 3271 emendetis:
1094 3231 1159 3270 neu
1186 3232 1279 3272 sunm

284 3323 349 3364 neu
383 3307 594 3378 reliquorum
619 3308 821 3379 opinionem
852 3307 1026 3364 fallerent
1055 3325 1104 3380 pro
1135 3325 1180 3373 ec,
1208 3309 1280 3380 quod

284 3399 387 3456 litteris
403 3399 474 3457 mdc
492 3400 630 3458 dissectis
648 3404 699 3471 (nc
725 3403 799 3471 usu)
823 3383 1005 3480 confictisque,
1030 3401 1172 3457 recedente
1199 3401 1280 3458 leuis·

285 3493 353 3548 sime
368 3493 576 3564 interpolatione
591 3496 702 3564 (meno
720 3509 768 3564 pro
785 3497 925 3564 omnen),
952 3495 1050 3568 netum
1069 3495 1123 3549 est:
1153 3509 1191 3548 ne
1218 3509 1281 3551 usu

200 3567 203 3574 ⁴
245 3627 247 3634 .
284 3569 383 3642 m'cnu
409 3584 640 3656 reliquorum,
667 3585 762 3642 relicto
788 3585 818 3640 in
836 3585 938 3656 copule
955 3585 1061 3642 delectu
1076 3585 1219 3641 manifesto
1237 3587 1279 3640 in-

284 3676 361 3754 dicio,
379 3678 451 3748 quod
469 3677 585 3734 editores
602 3678 771 3734 sustulerunt
787 3677 880 3734 cdditc
899 3695 964 3749 qne
989 3681 1181 3748 (manuque)
1200 3675 1277 3732 effec·

283 3772 365 3841 teque
382 3770 583 3842 perversissime
608 3771 737 3836 erutione,
766 3772 799 3824 ut
821 3771 925 3826 milites
951 3787 1015 3826 usu
1042 3770 1135 3826 fellere
1161 3770 1277 3839 impers-

281 3863 349 3917 tcris
366 3863 521 3934 opinionem
538 3863 698 3920 dicerentur.
733 3863 847 3919 Prorsus
864 3859 1026 3933 Nipperdeii
1053 3860 1225 3933 prudentium
1250 3861 1278 3914 iu

206 3995 209 4002 .
282 3952 333 4010 lnce
350 3954 409 4010 lccc
426 3953 557 4012 adduct
584 4005 589 4011 .
