3000 4638
614 279 737 336 Valerius
752 279 825 336 Max.
1095 232 1096 236 ἵ
1149 279 1211 342 3-19

237 485 240 492 ’
288 482 371 562 (Irib.
397 479 454 557 111,
479 479 498 542 2
520 477 555 543 E.
579 479 597 540 5
622 478 783 544 emendavi
803 479 863 544 vol.
886 476 904 541 1
925 499 955 561 p.
981 477 1099 562 113.)¹)

288 587 353 652 nie.
375 587 432 661 ΙΙΙ,
455 585 475 647 3
497 585 533 650 lo.
554 584 592 648 4:
637 584 748 648 Paene
767 585 898 665 tamen
928 583 1079 650 oceidit
1109 583 1254 668 glorio.-

186 693 275 758 sius
296 692 414 776 (lingna
435 691 622 767 Anaxarchi)
643 707 752 772 quarn
775 689 915 772 viguit,
952 689 1041 772 quia
1063 689 1140 753 tum
1160 688 1254 754 ferti

186 797 270 864 fiae
298 796 502 871 illustrem
532 795 792 878 professionis
826 795 955 859 aetum
995 794 1255 877 comprobavit

187 902 483 984 Anaxarchique
526 919 597 966 nen
638 901 759 966 vitum
802 900 909 965 mode
953 899 1146 981 desernit,
1187 899 1255 966 sed

79 1040 83 1050 r
188 1010 348 1076 mertem
379 1006 552 1073 reddidit
585 1007 797 1072 clariorem
852 1005 943 1070 Falso
980 1004 1046 1070 vila
1080 1006 1256 1071 Anaxarchi

188 1114 314 1182 deserta
352 1113 474 1183 dicitur.
527 1113 637 1196 Itaque
670 1115 816 1178 conantur
849 1110 998 1177 sonuere:
1031 1112 1151 1176 vitam
1180 1129 1254 1176 non

189 1220 299 1288 modu
321 1237 394 1288 nou
417 1218 606 1293 deseruit,
632 1219 749 1284 duabus
771 1217 878 1302 primis
900 1217 1023 1284 uocibus
1046 1215 1253 1298 tanspositis.

188 1325 375 1395 Tollendum
396 1324 497 1408 potius
519 1324 644 1403 uredo,
667 1327 704 1390 ut
721 1325 793 1392 dal:
827 1325 945 1390 ritem
967 1341 1042 1388 non
1066 1319 1256 1398 descruit,

188 1431 260 1500 sed
285 1432 443 1498 mortem
475 1430 650 1496 reddidit
680 1429 916 1497 clariorem„
947 1429 1053 1494 Vitam
1075 1425 1255 1508 comproba-

190 1537 245 1616 rit
267 1537 343 1606 fecit
363 1538 477 1612 tamen,
499 1537 535 1602 ut
556 1555 638 1604 mors
660 1536 725 1601 vite
744 1535 894 1602 illustrior
916 1535 1007 1602 esset.

292 1643 354 1726 (De
375 1643 405 1721 5,
430 1641 451 1706 4
473 1644 504 1708 et
526 1642 544 1704 7
557 1642 593 1708 E.
615 1642 634 1704 6
657 1641 775 1710 dictum
797 1642 846 1708 est
866 1641 927 1706 vol.
947 1641 965 1707 I
985 1659 1016 1723 p.
1039 1640 1077 1703 21
1102 1641 1133 1704 at
1153 1660 1182 1722 p.
1206 1637 1256 1704 20.

192 1747 397 1818 Posteriorem
418 1747 665 1814 emendationem
697 1749 882 1830 praeceptam
903 1747 998 1816 nesse
1019 1763 1116 1828 nuper
1138 1765 1157 1812 a
1178 1744 1257 1810 Gal-

194 1853 286 1920 bokio
307 1854 427 1920 Bauare
449 1854 489 1918 ab
510 1853 636 1920 Halmio
660 1853 784 1920 edoctm
806 1852 901 1936 sum.)

292 1959 358 2026 Ibd
382 1959 400 2020 7
422 1959 457 2026 Ε.
490 1959 525 2020 l:
558 1978 602 2025 ue
635 1958 916 2026 vicissitudine
946 1959 1041 2028 talis
1072 1954 1260 2022 ueneficii

192 2067 378 2148 imparem
398 2063 606 2130 iudicando
627 2065 815 2132 humilius
837 2065 885 2130 de
909 2064 1060 2148 origine
1081 2079 1151 2128 sna
1171 2079 1259 2128 sen-

193 2173 271 2237 tire
303 2171 609 2237 existimaretur.
667 2170 718 2236 Sic
749 2171 853 2238 codex.
884 2170 1029 2236 Halmius
1060 2189 1076 2235 c
1109 2166 1260 2234 Perizonii

195 2275 372 2342 coniectura
408 2275 697 2354 vicissitudini,
733 2277 765 2342 in
804 2295 864 2360 qua
903 2275 1055 2360 scriptura
1086 2273 1258 2342 necessarie

195 2381 370 2450 addendum
394 2383 461 2448 erat
491 2401 546 2460 se,
579 2381 659 2466 quod
687 2382 803 2448 hebent
819 2382 976 2448 ¹editiones
998 2381 1156 2465 vulgarem
1186 2397 1259 2444 nam

197 2487 347 2572 imparem
366 2488 468 2554 iudico
488 2506 542 2572 pre
565 2505 620 2566 eo,
642 2487 724 2570 quod
743 2490 793 2554 est
813 2488 963 2572 imparem
984 2508 1032 2550 mo
1055 2487 1167 2563 iudico,
1189 2486 1259 2550 bur-

196 2594 307 2662 barum
330 2595 387 2660 est.
432 2595 493 2660 Hic
516 2612 642 2679 quoque
667 2592 840 2660 addendum
873 2615 919 2656 m:
953 2591 1260 2657 vicissitudinem

193 2699 297 2766 talis
316 2701 508 2766 beneficii
529 2701 715 2783 imparem
738 2697 990 2776 iudicando.²)

275 2805 364 2878 ‚Ibd
397 2805 428 2885 8,
463 2805 498 2870 6:
540 2793 679 2888 itaque
710 2805 766 2884 tc,
799 2803 1039 2887 Sempronia,
1167 2817 1258 2874 non,

195 3057 394 3078 ψ

221 3235 250 3304 “)
268 3237 320 3301 ΙΙΙ,
342 3240 367 3304 2,
387 3241 403 3294 t
421 3241 523 3304 lacuna,
547 3257 605 3309 qua
624 3239 713 3293 verbis
734 3253 778 3292 ser
797 3253 811 3293 e
830 3238 965 3306 superiore
984 3237 1041 3290 loco
1059 3233 1184 3303 repetitis
1202 3234 1260 3286 orta

268 3334 322 3396 est,
357 3333 395 3386 sic
414 3331 543 3401 explenda
567 3332 686 3387 videtur:
714 3335 839 3387 ut...ot
855 3331 1056 3388 ornamenta
1073 3326 1262 3396 praeteritur

269 3423 349 3478 rita
379 3425 581 3478 retinerent
612 3427 646 3480 ot
681 3423 772 3494 plebi
800 3424 853 3478 ad¹
877 3423 1008 3493 fortius
1038 3417 1263 3476 sustinendos

268 3532 365 3572 casus
400 3535 456 3574 suo
496 3519 643 3587 [exemplo
670 3516 986 3584 animossocoront].
1037 3510 1263 3567 Venerabilis

212 3637 216 3644 ·
269 3613 321 3664 cet.
367 3611 389 3664 Ε
418 3609 551 3665 fortius
574 3613 656 3668 sust.
684 3612 726 3677 (ut
755 3610 810 3664 iam
841 3607 926 3662 Aldus
954 3605 1071 3675 scripsit)
1105 3607 1198 3658 natum
1223 3605 1264 3656 est

269 3701 392 3768 furtin,
421 3724 432 3754 s
457 3703 538 3757 semel
564 3703 671 3771 scripto,
691 3703 750 3760 tum
769 3700 927 3763 fortium,
953 3715 987 3752 ne
1005 3699 1066 3766 quis
1085 3699 1113 3750 in
1130 3713 1163 3751 oo·
1178 3695 1264 3750 ludat.

228 3801 249 3872 ²)
269 3805 320 3871 ΙΙΙ,
340 3807 364 3870 6,
385 3811 400 3864 1
420 3808 502 3860 miror
519 3809 671 3861 revocatum
682 3822 752 3860 esse:
772 3821 833 3876 quo
849 3805 929 3875 plus
948 3801 1099 3857 ree-assui
1118 3801 1264 3862 sumunt,

192 3937 195 3940 -
271 3914 330 3952 curu
347 3899 453 3970 pridem
471 3901 542 3954 reete
561 3900 689 3970 scriptum
709 3901 778 3954 esset
796 3899 875 3968 plns
894 3911 1062 3952 recessus.
1099 3892 1264 3960 Hicquoqne

271 3995 363 4046 sante
382 4014 394 4044 s
412 3993 510 4047 extrito
527 3991 650 4047 additum
669 3995 710 4046 est
727 3997 745 4048 ι’.
783 3989 847 4059 Cap.
866 3993 891 4054 8,
911 3993 925 4045 1
946 3989 1003 4044 sine
1021 3987 1078 4042 ulla
1096 3984 1265 4040 dubitatione

273 4083 442 4138 retinendum
461 4089 519 4140 erat
537 4086 693 4154 exempla.
