2938 4630
634 291 780 362 vergilius.

263 489 365 556 Morte
387 488 578 574 Neoptolemi
599 507 762 574 regnorum
784 491 905 557 reddita
930 492 1025 558 cessit

263 587 334 677 pars
356 595 484 670 Heleno,
507 596 558 678 qui
579 595 728 663 Chaonios
749 596 932 680 cognomine
955 615 1080 679 campos

264 701 490 784 Chaoniamque
511 719 632 770 omnem
657 702 788 770 Troiano
810 721 829 766 a
850 702 971 768 Chaone
993 703 1078 780 dixit,

264 806 475 892 Pergamaque
497 807 683 891 iliacamque
706 809 787 892 iugis
812 809 892 874 hano
913 808 1034 874 addidit
1057 825 1169 882 arcem,

267 931 333 994 quaa
355 912 412 978 tibi
434 914 500 980 iam
520 915 620 993 Troia,

178 1016 239 1082 hoo
268 1020 326 1096 est,
365 1037 432 1100 quae
461 1020 520 1087 tibi
549 1021 612 1088 iam
634 1021 726 1088 Troia
758 1021 878 1086 videtur
910 1021 942 1086 et
962 1019 1061 1086 Troiae
1094 1019 1159 1083 loeo
1182 1021 1241 1084 ast.

178 1121 254 1202 (Cir.
278 1121 361 1200 349).
409 1123 476 1191 Iam
498 1125 617 1202 nullum
639 1126 791 1207 supererit
809 1126 841 1190 in
863 1123 991 1192 AEneide
1012 1123 1242 1192 hemistichium

178 1227 242 1292 nisi
261 1228 423 1304 ,absoluto
448 1229 643 1312 perfectoque
665 1237 786 1306 sensu‘,
821 1230 902 1313 quod
932 1229 965 1294 in
989 1230 1046 1295 hoc
1067 1249 1127 1301 uno
1148 1230 1243 1294 mira·

178 1331 390 1410 hantunam.
412 1335 527 1400 Donati
548 1334 600 1400 uit.
623 1335 740 1419 Vergil.
762 1356 792 1418 p.
815 1337 856 1400 64
878 1334 1107 1402 Reifferscheid.

277 1439 339 1515 ΙΙΙ,
361 1438 432 1511 359,
455 1440 533 1506 360:

204 1583 206 1588 ·
313 1543 489 1628 Troiugena
509 1547 659 1628 interpres
680 1546 792 1622 divom,
815 1547 867 1630 qui
888 1548 1014 1612 numina
1037 1545 1154 1619 Phoebi,

313 1648 365 1732 qui
386 1651 530 1736 tripodas,
553 1651 647 1716 Clarii
667 1651 781 1729 laurus,
803 1653 855 1736 qui
876 1652 977 1716 sidera
998 1653 1105 1716 sentis.

278 1756 316 1820 Iu
353 1756 410 1820 hac
452 1757 604 1839 scriptura
629 1757 812 1823 numinibus
847 1758 956 1822 Phoebi
990 1760 1139 1840 tanquam
1179 1755 1243 1820 eius

178 1860 294 1941 proprii
315 1863 347 1926 et
368 1863 544 1928 numinibus
561 1865 731 1930 servientes
754 1863 998 1948 superadduntur
1018 1863 1165 1946 tripodes,
1189 1861 1243 1928 sed

175 1961 227 2032 bis
264 1966 372 2037 vitiose
404 1968 562 2034 adhaerent
584 1969 678 2035 Clarii
710 1971 825 2044 laurus,
861 1971 1006 2052 tauquam
1040 1968 1118 2061 alius
1141 1966 1191 2031 dei
1213 1969 1244 2031 et

177 2069 261 2144 alius
280 2073 410 2155 generis.
456 2074 554 2142 Recta
575 2075 640 2140 bae
661 2075 758 2142 matio
780 2075 856 2140 orit:

860 2180 912 2264 qui
935 2178 1061 2244 numina
1082 2177 1199 2250 Phoebi,

315 2285 367 2366 qui
388 2283 523 2366 tripodas
548 2284 643 2350 (ilarii
665 2293 692 2346 ea
711 2286 824 2360 laurus,
847 2284 900 2368 qui
922 2285 1022 2350 sidera
1043 2284 1149 2349 sentis.

205 2435 208 2442 ,
279 2389 346 2454 Iam
376 2389 483 2456 Phoebi
516 2391 691 2456 numinibus
718 2391 935 2474 adiunguntur,
969 2389 1073 2454 addito
1098 2389 1146 2452 dei
1168 2407 1242 2472 cog-

176 2493 314 2569 nomine,
346 2496 562 2572 iustrumenta,
594 2498 730 2580 tripodes
763 2500 796 2561 at
827 2496 943 2562 laurus.
985 2495 1027 2562 ut
1056 2494 1100 2564 sic
1122 2494 1241 2558 Pierius

179 2594 211 2658 in
234 2615 290 2662 suo
314 2601 414 2666 codiee
437 2601 577 2668 Medieeo
598 2601 745 2684 scriptum
766 2603 934 2666 invenerat.

279 2705 337 2778 ΙΙΙ,
361 2707 423 2770 682
444 2727 529 2792 sqq-t

280 2809 457 2896 Praecipites
482 2817 583 2879 metus
606 2832 679 2898 ager
700 2813 766 2895 agit
788 2828 976 2894 quocumque
998 2810 1134 2876 rudentis

283 2919 424 2982 excutere
447 2920 479 2984 et
503 2922 602 2984 ventis
624 2919 783 2984 intendere
805 2919 874 2982 uela
894 2915 1044 2981 secundis.

282 3019 396 3088 Contra
427 3025 511 3090 iussa
543 3027 670 3090 monent
697 3024 810 3090 Heleni
842 3023 977 3106 Scyllam
1009 3023 1101 3104 eiquo
1124 3021 1204 3086 (lha-

592 3131 712 3216 rybdim
736 3131 852 3214 (Scylla
871 3130 962 3212 atque
985 3126 1166 3210 Charybdis)
1177 3126 1201 3202 1)

281 3232 362 3302 inter
383 3239 546 3320 utramque
569 3238 651 3302 viam
672 3237 728 3302 leti
751 3235 927 3300 discrimine
948 3245 1042 3316 parvo

281 3339 314 3402 ni
325 3340 392 3424 (ne)
400 3342 426 3420 ²)
446 3338 582 3408 teneant'
598 3360 721 3416 cursus3
744 3343 861 3406 certum
884 3342 932 3406 est
954 3339 1025 3404 dare
1039 3339 1134 3404 lintea
1151 3339 1245 3402 retro.

176 3507 333 3519 *wi-

340 3517 380 3524 ,-

208 3630 232 3700 1)
250 3634 440 3691 Accusativnm
469 3639 498 3692 in
518 3638 605 3708 priore
623 3625 729 3690 uomir're
759 3635 859 3689 hahent
887 3651 917 3690 ex
937 3631 1084 3688 =Ribheclrii
1109 3629 1245 3686 codicibus

252 3725 322 3782 Mar
338 3729 380 3795 ab,
399 3731 514 3794 Servius,
537 3731 566 3784 in
588 3730 673 3785 altero
691 3727 894 3798 turpantem
927 3725 1120 3782 nominativum
1140 3723 1170 3776 in
1189 3722 1245 3790 pri·

253 3835 297 3872 ore
315 3820 391 3886 FPl,
416 3823 445 3876 in
471 3823 556 3876 altero
575 3821 650 3876 aar.

205 3913 231 3981 ²)
252 3914 292 3965 Ni
315 3913 416 3968 habent
443 3915 546 3970 codices
570 3917 666 3983 prater
683 3913 705 3966 P
725 3911 817 3980 (NEC,
842 3911 888 3963 sed
914 3910 1002 3965 deleto
1021 3910 1054 3976 C)
1074 3925 1088 3963 c
1107 3915 1246 3974 (desupra

253 4006 352 4076 scripto
374 4009 394 4075 i)
418 4009 464 4074 pl,
494 4011 553 4060 tum
576 4005 743 4076 grammatici
774 4003 939 4068 Priscianus,
967 4003 1097 4064 Donatus,
1129 3998 1245 4064 Servius,

252 4114 344 4152 omnes
361 4117 389 4151 ue
406 4100 625 4170 interpretantes.

1013 4185 1046 4235 3*
