<?xml version="1.0" encoding="UTF-8"?>
<!DOCTYPE html PUBLIC "-//W3C//DTD XHTML 1.0 Transitional//EN"
    "http://www.w3.org/TR/xhtml1/DTD/xhtml1-transitional.dtd">
<html xmlns="http://www.w3.org/1999/xhtml" xml:lang="en" lang="en">
 <head>
  <title>
</title>
<meta http-equiv="Content-Type" content="text/html;charset=utf-8" />
  <meta name='ocr-system' content='tesseract 3.04.00' />
  <meta name='ocr-capabilities' content='ocr_page ocr_carea ocr_par ocr_line ocrx_word'/>
</head>
<body>
  <div class='ocr_page' id='page_1' title='image "./adversariacriti03madvgoog/adversariacriti03madvgoog_0359.png"; bbox 0 0 3000 4638; ppageno 0'>
   <div class='ocr_carea' id='block_1_1' title="bbox 323 277 954 348">
    <p class='ocr_par' dir='ltr' id='par_1_1' title="bbox 323 277 954 348">
     <span class='ocr_line' id='line_1_1' title="bbox 323 277 954 348; baseline 0.008 -19"><span class='ocrx_word' id='word_1_1' title='bbox 323 277 385 340; x_wconf 82' lang='lat'>346</span> <span class='ocrx_word' id='word_1_2' title='bbox 683 278 744 333; x_wconf 78' lang='lat' dir='ltr'>uu.</span> <span class='ocrx_word' id='word_1_3' title='bbox 753 279 829 334; x_wconf 83' lang='lat' dir='ltr'>vm.</span> <span class='ocrx_word' id='word_1_4' title='bbox 841 279 954 348; x_wconf 57' lang='lat' dir='ltr'>casu.-</span> 
     </span>
    </p>
   </div>
   <div class='ocr_carea' id='block_1_2' title="bbox 224 474 1349 2354">
    <p class='ocr_par' dir='ltr' id='par_1_2' title="bbox 224 474 1348 1508">
     <span class='ocr_line' id='line_1_2' title="bbox 280 474 1345 557; baseline -0.004 -19"><span class='ocrx_word' id='word_1_5' title='bbox 280 493 394 557; x_wconf 80' lang='lat' dir='ltr'>quum</span> <span class='ocrx_word' id='word_1_6' title='bbox 450 492 584 556; x_wconf 81' lang='lat' dir='ltr'>purum</span> <span class='ocrx_word' id='word_1_7' title='bbox 635 475 795 542; x_wconf 81' lang='lat' dir='ltr'>decoras</span> <span class='ocrx_word' id='word_1_8' title='bbox 843 477 1009 541; x_wconf 79' lang='lat' dir='ltr'>fortunae</span> <span class='ocrx_word' id='word_1_9' title='bbox 1055 477 1128 538; x_wconf 81' lang='lat' dir='ltr'>tuoe</span> <span class='ocrx_word' id='word_1_10' title='bbox 1177 474 1345 538; x_wconf 83' lang='lat' dir='ltr'>reiioios.</span> 
     </span>
     <span class='ocr_line' id='line_1_3' title="bbox 281 579 1347 664; baseline 0.001 -20"><span class='ocrx_word' id='word_1_11' title='bbox 281 579 410 646; x_wconf 84' lang='lat' dir='ltr'>Prorsus</span> <span class='ocrx_word' id='word_1_12' title='bbox 429 579 569 663; x_wconf 86' lang='lat' dir='ltr'>ineptum</span> <span class='ocrx_word' id='word_1_13' title='bbox 591 583 648 658; x_wconf 82' lang='lat' dir='ltr'>ost,</span> <span class='ocrx_word' id='word_1_14' title='bbox 677 582 778 664; x_wconf 75' lang='lat' dir='ltr'>ipsum</span> <span class='ocrx_word' id='word_1_15' title='bbox 801 581 950 646; x_wconf 82' lang='lat' dir='ltr'>Maroiem</span> <span class='ocrx_word' id='word_1_16' title='bbox 974 597 1064 646; x_wconf 87' lang='lat' dir='ltr'>omen</span> <span class='ocrx_word' id='word_1_17' title='bbox 1084 580 1174 646; x_wconf 74' lang='lat' dir='ltr'>uisus</span> <span class='ocrx_word' id='word_1_18' title='bbox 1195 579 1347 646; x_wconf 79' lang='lat' dir='ltr'>matribus</span> 
     </span>
     <span class='ocr_line' id='line_1_4' title="bbox 281 683 1347 767; baseline 0 -17"><span class='ocrx_word' id='word_1_19' title='bbox 281 702 438 750; x_wconf 84' lang='lat' dir='ltr'>oeourrere</span> <span class='ocrx_word' id='word_1_20' title='bbox 458 702 588 767; x_wconf 81' lang='lat' dir='ltr'>eupere3</span> <span class='ocrx_word' id='word_1_21' title='bbox 624 686 861 758; x_wconf 68' lang='lat' dir='ltr'>squammoso,</span> <span class='ocrx_word' id='word_1_22' title='bbox 895 689 931 751; x_wconf 90' lang='lat' dir='ltr'>ut</span> <span class='ocrx_word' id='word_1_23' title='bbox 953 686 1053 752; x_wconf 78' lang='lat' dir='ltr'>tristis</span> <span class='ocrx_word' id='word_1_24' title='bbox 1074 684 1186 750; x_wconf 87' lang='lat' dir='ltr'>ominis</span> <span class='ocrx_word' id='word_1_25' title='bbox 1207 685 1272 750; x_wconf 87' lang='lat' dir='ltr'>looo</span> <span class='ocrx_word' id='word_1_26' title='bbox 1294 683 1347 756; x_wconf 83' lang='lat' dir='ltr'>sit,</span> 
     </span>
     <span class='ocr_line' id='line_1_5' title="bbox 282 788 1348 876; baseline -0.001 -21"><span class='ocrx_word' id='word_1_27' title='bbox 282 790 320 855; x_wconf 80' lang='lat' dir='ltr'>ad</span> <span class='ocrx_word' id='word_1_28' title='bbox 343 788 554 855; x_wconf 80' lang='lat' dir='ltr'>deterrendum</span> <span class='ocrx_word' id='word_1_29' title='bbox 588 809 658 856; x_wconf 85' lang='lat' dir='ltr'>oum</span> <span class='ocrx_word' id='word_1_30' title='bbox 688 791 807 857; x_wconf 83' lang='lat' dir='ltr'>Senoou</span> <span class='ocrx_word' id='word_1_31' title='bbox 836 792 930 876; x_wconf 74' lang='lat' dir='ltr'>ponit</span> <span class='ocrx_word' id='word_1_32' title='bbox 973 792 1010 856; x_wconf 88' lang='lat' dir='ltr'>Iu</span> <span class='ocrx_word' id='word_1_33' title='bbox 1040 792 1068 855; x_wconf 77' lang='lat' dir='ltr'>A</span> <span class='ocrx_word' id='word_1_34' title='bbox 1098 793 1161 857; x_wconf 84' lang='lat' dir='ltr'>est:</span> <span class='ocrx_word' id='word_1_35' title='bbox 1194 791 1348 873; x_wconf 82' lang='lat' dir='ltr'>ipsum·-</span> 
     </span>
     <span class='ocr_line' id='line_1_6' title="bbox 282 895 1346 979; baseline -0.003 -20"><span class='ocrx_word' id='word_1_36' title='bbox 282 913 354 977; x_wconf 92' lang='lat' dir='ltr'>que</span> <span class='ocrx_word' id='word_1_37' title='bbox 397 901 469 972; x_wconf 84' lang='lat' dir='ltr'>(ooo</span> <span class='ocrx_word' id='word_1_38' title='bbox 509 895 685 979; x_wconf 78' lang='lat' dir='ltr'>ipseque)</span> <span class='ocrx_word' id='word_1_39' title='bbox 728 897 956 964; x_wconf 73' lang='lat' dir='ltr'>desiderent</span> <span class='ocrx_word' id='word_1_40' title='bbox 1108 913 1346 962; x_wconf 80' lang='lat' dir='ltr'>occurreres.</span> 
     </span>
     <span class='ocr_line' id='line_1_7' title="bbox 283 999 1345 1086; baseline 0.002 -22"><span class='ocrx_word' id='word_1_41' title='bbox 283 999 485 1066; x_wconf 72' lang='lat' dir='ltr'>scribentum</span> <span class='ocrx_word' id='word_1_42' title='bbox 507 1003 556 1066; x_wconf 88' lang='lat' dir='ltr'>est</span> <span class='ocrx_word' id='word_1_43' title='bbox 575 1001 685 1086; x_wconf 83' lang='lat' dir='ltr'>igitur:</span> <span class='ocrx_word' id='word_1_44' title='bbox 732 1002 988 1068; x_wconf 80' lang='lat' dir='ltr'>Auorssberis</span> <span class='ocrx_word' id='word_1_45' title='bbox 1018 1004 1057 1068; x_wconf 87' lang='lat' dir='ltr'>et</span> <span class='ocrx_word' id='word_1_46' title='bbox 1077 1002 1225 1068; x_wconf 76' lang='lat' dir='ltr'>alienos</span> <span class='ocrx_word' id='word_1_47' title='bbox 1247 1001 1345 1066; x_wconf 80' lang='lat' dir='ltr'>libs-</span> 
     </span>
     <span class='ocr_line' id='line_1_8' title="bbox 282 1107 1347 1192; baseline 0 -22"><span class='ocrx_word' id='word_1_48' title='bbox 282 1125 343 1173; x_wconf 91' lang='lat' dir='ltr'>ros</span> <span class='ocrx_word' id='word_1_49' title='bbox 379 1107 420 1170; x_wconf 85' lang='lat' dir='ltr'>et</span> <span class='ocrx_word' id='word_1_50' title='bbox 456 1107 542 1171; x_wconf 85' lang='lat' dir='ltr'>tuos</span> <span class='ocrx_word' id='word_1_51' title='bbox 578 1108 794 1191; x_wconf 74' lang='lat' dir='ltr'>ipsumque,</span> <span class='ocrx_word' id='word_1_52' title='bbox 833 1129 940 1192; x_wconf 79' lang='lat' dir='ltr'>quem</span> <span class='ocrx_word' id='word_1_53' title='bbox 975 1108 1189 1184; x_wconf 56' lang='lat' dir='ltr'>desiderum</span> <span class='ocrx_word' id='word_1_54' title='bbox 1228 1107 1347 1172; x_wconf 78' lang='lat' dir='ltr'>triste</span> 
     </span>
     <span class='ocr_line' id='line_1_9' title="bbox 282 1212 1270 1296; baseline 0 -20"><span class='ocrx_word' id='word_1_55' title='bbox 282 1212 473 1276; x_wconf 82' lang='lat' dir='ltr'>matribus</span> <span class='ocrx_word' id='word_1_56' title='bbox 493 1229 600 1278; x_wconf 84' lang='lat' dir='ltr'>omen</span> <span class='ocrx_word' id='word_1_57' title='bbox 623 1233 812 1288; x_wconf 61' lang='lat' dir='ltr'>occurren</span> <span class='ocrx_word' id='word_1_58' title='bbox 833 1215 1057 1296; x_wconf 78' lang='lat' dir='ltr'>uoluptates</span> <span class='ocrx_word' id='word_1_59' title='bbox 1079 1215 1270 1280; x_wconf 80' lang='lat' dir='ltr'>honestus</span> 
     </span>
     <span class='ocr_line' id='line_1_10' title="bbox 281 1317 1347 1400; baseline -0.002 -17"><span class='ocrx_word' id='word_1_60' title='bbox 281 1319 444 1384; x_wconf 87' lang='lat' dir='ltr'>reiioies.</span> <span class='ocrx_word' id='word_1_61' title='bbox 502 1320 602 1383; x_wconf 80' lang='lat' dir='ltr'>Aoute</span> <span class='ocrx_word' id='word_1_62' title='bbox 622 1317 760 1383; x_wconf 75' lang='lat' dir='ltr'>futurum</span> <span class='ocrx_word' id='word_1_63' title='bbox 782 1318 899 1384; x_wconf 77' lang='lat' dir='ltr'>Seneca</span> <span class='ocrx_word' id='word_1_64' title='bbox 920 1319 1003 1394; x_wconf 79' lang='lat' dir='ltr'>dicit,</span> <span class='ocrx_word' id='word_1_65' title='bbox 1038 1319 1074 1382; x_wconf 82' lang='lat' dir='ltr'>ut</span> <span class='ocrx_word' id='word_1_66' title='bbox 1096 1318 1214 1384; x_wconf 78' lang='lat' dir='ltr'>Murcia</span> <span class='ocrx_word' id='word_1_67' title='bbox 1234 1319 1347 1400; x_wconf 81' lang='lat' dir='ltr'>ipsum,</span> 
     </span>
     <span class='ocr_line' id='line_1_11' title="bbox 224 1411 1347 1508; baseline -0.001 -20"><span class='ocrx_word' id='word_1_68' title='bbox 224 1411 232 1432; x_wconf 86' lang='lat'>&#39;</span> <span class='ocrx_word' id='word_1_69' title='bbox 281 1443 372 1508; x_wconf 88' lang='lat' dir='ltr'>quem</span> <span class='ocrx_word' id='word_1_70' title='bbox 395 1424 510 1507; x_wconf 77' lang='lat' dir='ltr'>lugeat,</span> <span class='ocrx_word' id='word_1_71' title='bbox 532 1426 700 1490; x_wconf 79' lang='lat' dir='ltr'>aversetur.</span> <span class='ocrx_word' id='word_1_72' title='bbox 748 1425 815 1508; x_wconf 80' lang='lat' dir='ltr'>[Sto</span> <span class='ocrx_word' id='word_1_73' title='bbox 834 1426 898 1490; x_wconf 84' lang='lat' dir='ltr'>iam</span> <span class='ocrx_word' id='word_1_74' title='bbox 920 1423 1097 1500; x_wconf 85' lang='lat' dir='ltr'>Rubenius;</span> <span class='ocrx_word' id='word_1_75' title='bbox 1117 1424 1225 1490; x_wconf 77' lang='lat' dir='ltr'>omisit</span> <span class='ocrx_word' id='word_1_76' title='bbox 1246 1423 1347 1508; x_wconf 68' lang='lat' dir='ltr'>utcu]</span> 
     </span>
    </p>

    <p class='ocr_par' dir='ltr' id='par_1_3' title="bbox 280 1529 1349 2354">
     <span class='ocr_line' id='line_1_12' title="bbox 383 1529 1347 1614; baseline 0 -20"><span class='ocrx_word' id='word_1_77' title='bbox 383 1530 448 1594; x_wconf 80' lang='lat' dir='ltr'>loo.</span> <span class='ocrx_word' id='word_1_78' title='bbox 472 1529 501 1604; x_wconf 82' lang='lat'>3,</span> <span class='ocrx_word' id='word_1_79' title='bbox 534 1529 570 1594; x_wconf 71' lang='lat'>41</span> <span class='ocrx_word' id='word_1_80' title='bbox 615 1531 731 1594; x_wconf 87' lang='lat' dir='ltr'>Illum</span> <span class='ocrx_word' id='word_1_81' title='bbox 763 1532 889 1614; x_wconf 82' lang='lat' dir='ltr'>ipsum</span> <span class='ocrx_word' id='word_1_82' title='bbox 911 1531 1085 1596; x_wconf 84' lang='lat' dir='ltr'>iuvenem</span> <span class='ocrx_word' id='word_1_83' title='bbox 1112 1529 1347 1613; x_wconf 84' lang='lat' dir='ltr'>dignissime</span> 
     </span>
     <span class='ocr_line' id='line_1_13' title="bbox 285 1635 1348 1721; baseline 0 -21"><span class='ocrx_word' id='word_1_84' title='bbox 285 1637 455 1718; x_wconf 78' lang='lat' dir='ltr'>quietam</span> <span class='ocrx_word' id='word_1_85' title='bbox 478 1655 626 1719; x_wconf 86' lang='lat' dir='ltr'>sempor</span> <span class='ocrx_word' id='word_1_86' title='bbox 657 1638 875 1702; x_wconf 75' lang='lat' dir='ltr'>nominatus</span> <span class='ocrx_word' id='word_1_87' title='bbox 908 1638 1179 1721; x_wconf 83' lang='lat' dir='ltr'>eogitutusque</span> <span class='ocrx_word' id='word_1_88' title='bbox 1212 1635 1348 1708; x_wconf 79' lang='lat' dir='ltr'>facist,</span> 
     </span>
     <span class='ocr_line' id='line_1_14' title="bbox 284 1741 1348 1825; baseline 0 -19"><span class='ocrx_word' id='word_1_89' title='bbox 284 1741 446 1806; x_wconf 87' lang='lat' dir='ltr'>meliore</span> <span class='ocrx_word' id='word_1_90' title='bbox 479 1759 598 1823; x_wconf 89' lang='lat' dir='ltr'>pones</span> <span class='ocrx_word' id='word_1_91' title='bbox 630 1742 730 1816; x_wconf 84' lang='lat' dir='ltr'>loeo,</span> <span class='ocrx_word' id='word_1_92' title='bbox 760 1744 793 1807; x_wconf 85' lang='lat' dir='ltr'>si</span> <span class='ocrx_word' id='word_1_93' title='bbox 824 1744 1051 1822; x_wconf 71' lang='lat' dir='ltr'>mattiones,</span> <span class='ocrx_word' id='word_1_94' title='bbox 1081 1743 1211 1825; x_wconf 80' lang='lat' dir='ltr'>quotie</span> <span class='ocrx_word' id='word_1_95' title='bbox 1235 1741 1348 1806; x_wconf 85' lang='lat' dir='ltr'>vivus</span> 
     </span>
     <span class='ocr_line' id='line_1_15' title="bbox 283 1845 1348 1933; baseline 0.002 -23"><span class='ocrx_word' id='word_1_96' title='bbox 283 1847 457 1924; x_wconf 78' lang='lat' dir='ltr'><strong>solebat,</strong></span> <span class='ocrx_word' id='word_1_97' title='bbox 484 1847 704 1930; x_wconf 76' lang='lat' dir='ltr'>hilarisque</span> <span class='ocrx_word' id='word_1_98' title='bbox 723 1852 766 1914; x_wconf 86' lang='lat' dir='ltr'>et</span> <span class='ocrx_word' id='word_1_99' title='bbox 787 1867 869 1914; x_wconf 83' lang='lat' dir='ltr'>oum</span> <span class='ocrx_word' id='word_1_100' title='bbox 891 1849 1029 1933; x_wconf 85' lang='lat' dir='ltr'>goudio</span> <span class='ocrx_word' id='word_1_101' title='bbox 1051 1849 1237 1914; x_wconf 79' lang='lat' dir='ltr'>occurrit.</span> <span class='ocrx_word' id='word_1_102' title='bbox 1294 1845 1348 1912; x_wconf 78' lang='lat' dir='ltr'>sie</span> 
     </span>
     <span class='ocr_line' id='line_1_16' title="bbox 283 1951 1347 2036; baseline -0.001 -20"><span class='ocrx_word' id='word_1_103' title='bbox 283 1953 408 2029; x_wconf 67' lang='lat' dir='ltr'>Atoisi</span> <span class='ocrx_word' id='word_1_104' title='bbox 428 1953 510 2035; x_wconf 82' lang='lat' dir='ltr'>quud</span> <span class='ocrx_word' id='word_1_105' title='bbox 532 1953 676 2019; x_wconf 76' lang='lat' dir='ltr'>hilario</span> <span class='ocrx_word' id='word_1_106' title='bbox 707 1963 838 2036; x_wconf 83' lang='lat' dir='ltr'>quum).</span> <span class='ocrx_word' id='word_1_107' title='bbox 881 1955 974 2020; x_wconf 89' lang='lat' dir='ltr'>Multi</span> <span class='ocrx_word' id='word_1_108' title='bbox 1008 1956 1083 2033; x_wconf 79' lang='lat' dir='ltr'>(iem</span> <span class='ocrx_word' id='word_1_109' title='bbox 1106 1953 1237 2024; x_wconf 73' lang='lat' dir='ltr'>librarii)</span> <span class='ocrx_word' id='word_1_110' title='bbox 1261 1951 1347 2034; x_wconf 81' lang='lat' dir='ltr'>dig-</span> 
     </span>
     <span class='ocr_line' id='line_1_17' title="bbox 283 2059 1349 2142; baseline 0 -20"><span class='ocrx_word' id='word_1_111' title='bbox 283 2059 507 2134; x_wconf 67' lang='lat' dir='ltr'>nissimum</span> <span class='ocrx_word' id='word_1_112' title='bbox 539 2060 673 2125; x_wconf 80' lang='lat' dir='ltr'>Hessius</span> <span class='ocrx_word' id='word_1_113' title='bbox 699 2061 794 2125; x_wconf 75' lang='lat' dir='ltr'>otium</span> <span class='ocrx_word' id='word_1_114' title='bbox 825 2061 891 2142; x_wconf 85' lang='lat' dir='ltr'>qui</span> <span class='ocrx_word' id='word_1_115' title='bbox 913 2064 952 2125; x_wconf 88' lang='lat' dir='ltr'>te</span> <span class='ocrx_word' id='word_1_116' title='bbox 975 2061 1046 2126; x_wconf 82' lang='lat' dir='ltr'>eddi</span> <span class='ocrx_word' id='word_1_117' title='bbox 1076 2060 1173 2124; x_wconf 82' lang='lat' dir='ltr'>voluit</span> <span class='ocrx_word' id='word_1_118' title='bbox 1206 2059 1284 2141; x_wconf 83' lang='lat' dir='ltr'>(qui</span> <span class='ocrx_word' id='word_1_119' title='bbox 1309 2059 1349 2122; x_wconf 80' lang='lat' dir='ltr'>te</span> 
     </span>
     <span class='ocr_line' id='line_1_18' title="bbox 284 2163 1347 2250; baseline 0.002 -21"><span class='ocrx_word' id='word_1_120' title='bbox 284 2165 455 2247; x_wconf 81' lang='lat' dir='ltr'>quietam</span> <span class='ocrx_word' id='word_1_121' title='bbox 484 2214 553 2229; x_wconf 89' lang='lat'>...</span> <span class='ocrx_word' id='word_1_122' title='bbox 581 2166 724 2235; x_wconf 67' lang='lat' dir='ltr'>faeiat).</span> <span class='ocrx_word' id='word_1_123' title='bbox 782 2166 842 2230; x_wconf 86' lang='lat' dir='ltr'>Sed</span> <span class='ocrx_word' id='word_1_124' title='bbox 871 2167 977 2250; x_wconf 75' lang='lat' dir='ltr'>inepte</span> <span class='ocrx_word' id='word_1_125' title='bbox 1004 2169 1036 2232; x_wconf 86' lang='lat' dir='ltr'>in</span> <span class='ocrx_word' id='word_1_126' title='bbox 1067 2167 1124 2231; x_wconf 81' lang='lat' dir='ltr'>hau</span> <span class='ocrx_word' id='word_1_127' title='bbox 1154 2185 1187 2230; x_wconf 91' lang='lat' dir='ltr'>re</span> <span class='ocrx_word' id='word_1_128' title='bbox 1214 2163 1347 2241; x_wconf 68' lang='lat' dir='ltr'>(latinis</span> 
     </span>
     <span class='ocr_line' id='line_1_19' title="bbox 280 2269 1347 2354; baseline 0.003 -21"><span class='ocrx_word' id='word_1_129' title='bbox 280 2270 462 2352; x_wconf 80' lang='lat' dir='ltr'>praesertim)</span> <span class='ocrx_word' id='word_1_130' title='bbox 478 2269 589 2352; x_wconf 87' lang='lat' dir='ltr'>quietis</span> <span class='ocrx_word' id='word_1_131' title='bbox 604 2272 704 2348; x_wconf 87' lang='lat' dir='ltr'>notio;</span> <span class='ocrx_word' id='word_1_132' title='bbox 726 2273 876 2338; x_wconf 81' lang='lat' dir='ltr'>verumin</span> <span class='ocrx_word' id='word_1_133' title='bbox 891 2271 1040 2338; x_wconf 78' lang='lat' dir='ltr'>vocabulo</span> <span class='ocrx_word' id='word_1_134' title='bbox 1052 2273 1155 2354; x_wconf 82' lang='lat' dir='ltr'>inepto</span> <span class='ocrx_word' id='word_1_135' title='bbox 1179 2269 1213 2336; x_wconf 85' lang='lat' dir='ltr'>id</span> <span class='ocrx_word' id='word_1_136' title='bbox 1233 2269 1347 2351; x_wconf 76' lang='lat' dir='ltr'>ipsum,</span> 
     </span>
    </p>
   </div>
   <div class='ocr_carea' id='block_1_3' title="bbox 276 2374 1350 2876">
    <p class='ocr_par' dir='ltr' id='par_1_4' title="bbox 276 2374 1350 2876">
     <span class='ocr_line' id='line_1_20' title="bbox 282 2374 1350 2462; baseline -0.007 -22"><span class='ocrx_word' id='word_1_137' title='bbox 282 2375 361 2458; x_wconf 87' lang='lat' dir='ltr'>quod</span> <span class='ocrx_word' id='word_1_138' title='bbox 392 2376 552 2458; x_wconf 74' lang='lat' dir='ltr'>quaeritur,</span> <span class='ocrx_word' id='word_1_139' title='bbox 584 2377 683 2442; x_wconf 87' lang='lat' dir='ltr'>inest:</span> <span class='ocrx_word' id='word_1_140' title='bbox 727 2379 1023 2462; x_wconf 85' lang='lat' dir='ltr'>dignissimum,</span> <span class='ocrx_word' id='word_1_141' title='bbox 1063 2379 1129 2462; x_wconf 79' lang='lat' dir='ltr'>qui</span> <span class='ocrx_word' id='word_1_142' title='bbox 1160 2386 1192 2437; x_wconf 80' lang='lat' dir='ltr'>te</span> <span class='ocrx_word' id='word_1_143' title='bbox 1224 2374 1350 2436; x_wconf 76' lang='lat' dir='ltr'>lotam</span> 
     </span>
     <span class='ocr_line' id='line_1_21' title="bbox 282 2479 1348 2568; baseline -0.003 -20"><span class='ocrx_word' id='word_1_144' title='bbox 282 2481 420 2559; x_wconf 81' lang='lat' dir='ltr'>(letam)</span> <span class='ocrx_word' id='word_1_145' title='bbox 457 2500 607 2566; x_wconf 86' lang='lat' dir='ltr'>semper</span> <span class='ocrx_word' id='word_1_146' title='bbox 646 2484 869 2552; x_wconf 84' lang='lat' dir='ltr'>nominatus</span> <span class='ocrx_word' id='word_1_147' title='bbox 902 2483 1181 2568; x_wconf 74' lang='lat' dir='ltr'>cogitatusque</span> <span class='ocrx_word' id='word_1_148' title='bbox 1213 2479 1348 2546; x_wconf 83' lang='lat' dir='ltr'>faeiat.</span> 
     </span>
     <span class='ocr_line' id='line_1_22' title="bbox 281 2586 1349 2674; baseline -0.003 -22"><span class='ocrx_word' id='word_1_149' title='bbox 281 2589 390 2671; x_wconf 70' lang='lat' dir='ltr'>Itaque</span> <span class='ocrx_word' id='word_1_150' title='bbox 422 2588 502 2670; x_wconf 87' lang='lat' dir='ltr'>quod</span> <span class='ocrx_word' id='word_1_151' title='bbox 531 2589 604 2655; x_wconf 81' lang='lat' dir='ltr'>alibi</span> <span class='ocrx_word' id='word_1_152' title='bbox 634 2589 706 2669; x_wconf 85' lang='lat' dir='ltr'>(vol.</span> <span class='ocrx_word' id='word_1_153' title='bbox 736 2591 750 2654; x_wconf 95' lang='grc' dir='ltr'>Ι</span> <span class='ocrx_word' id='word_1_154' title='bbox 779 2612 806 2668; x_wconf 87' lang='lat' dir='ltr'>p.</span> <span class='ocrx_word' id='word_1_155' title='bbox 836 2589 891 2674; x_wconf 88' lang='grc'>30)</span> <span class='ocrx_word' id='word_1_156' title='bbox 924 2610 941 2656; x_wconf 87' lang='lat' dir='ltr'>e</span> <span class='ocrx_word' id='word_1_157' title='bbox 968 2589 1111 2674; x_wconf 85' lang='lat' dir='ltr'>quietis</span> <span class='ocrx_word' id='word_1_158' title='bbox 1141 2606 1250 2654; x_wconf 89' lang='lat' dir='ltr'>nomeu</span> <span class='ocrx_word' id='word_1_159' title='bbox 1285 2586 1349 2670; x_wconf 87' lang='lat' dir='ltr'>qui</span> 
     </span>
     <span class='ocr_line' id='line_1_23' title="bbox 281 2695 1348 2776; baseline 0 -18"><span class='ocrx_word' id='word_1_160' title='bbox 281 2714 361 2776; x_wconf 81' lang='lat' dir='ltr'>saepe</span> <span class='ocrx_word' id='word_1_161' title='bbox 383 2697 485 2760; x_wconf 88' lang='lat' dir='ltr'>ortum</span> <span class='ocrx_word' id='word_1_162' title='bbox 508 2695 578 2773; x_wconf 83' lang='lat' dir='ltr'>dixi,</span> <span class='ocrx_word' id='word_1_163' title='bbox 601 2695 657 2760; x_wconf 87' lang='lat' dir='ltr'>hoo</span> <span class='ocrx_word' id='word_1_164' title='bbox 678 2697 745 2762; x_wconf 85' lang='lat' dir='ltr'>loeo</span> <span class='ocrx_word' id='word_1_165' title='bbox 766 2699 954 2764; x_wconf 75' lang='lat' dir='ltr'>eontrarium</span> <span class='ocrx_word' id='word_1_166' title='bbox 978 2695 1099 2762; x_wconf 80' lang='lat' dir='ltr'>aooidit</span> <span class='ocrx_word' id='word_1_167' title='bbox 1153 2695 1233 2760; x_wconf 81' lang='lat' dir='ltr'>Tum</span> <span class='ocrx_word' id='word_1_168' title='bbox 1257 2711 1348 2775; x_wconf 87' lang='lat' dir='ltr'>repo-</span> 
     </span>
     <span class='ocr_line' id='line_1_24' title="bbox 276 2801 1276 2876; baseline -0.003 -13"><span class='ocrx_word' id='word_1_169' title='bbox 276 2801 416 2864; x_wconf 76' lang='lat' dir='ltr'>nendum</span> <span class='ocrx_word' id='word_1_170' title='bbox 439 2819 506 2866; x_wconf 86' lang='lat' dir='ltr'>osse</span> <span class='ocrx_word' id='word_1_171' title='bbox 529 2811 713 2864; x_wconf 74' lang='lat' dir='ltr'>occurret</span> <span class='ocrx_word' id='word_1_172' title='bbox 734 2803 810 2867; x_wconf 84' lang='lat' dir='ltr'>setis</span> <span class='ocrx_word' id='word_1_173' title='bbox 835 2805 883 2867; x_wconf 88' lang='lat' dir='ltr'>est</span> <span class='ocrx_word' id='word_1_174' title='bbox 904 2803 998 2868; x_wconf 84' lang='lat' dir='ltr'>verbo</span> <span class='ocrx_word' id='word_1_175' title='bbox 1019 2801 1177 2876; x_wconf 62' lang='lat' dir='ltr'>quisquo</span> <span class='ocrx_word' id='word_1_176' title='bbox 1273 2851 1276 2860; x_wconf 80' lang='grc'>,</span> 
     </span>
    </p>
   </div>
   <div class='ocr_carea' id='block_1_4' title="bbox 321 3057 480 3070">
    <p class='ocr_par' dir='ltr' id='par_1_5' title="bbox 321 3057 480 3070">
     <span class='ocr_line' id='line_1_25' title="bbox 321 3057 480 3070; baseline 0 0"><span class='ocrx_word' id='word_1_177' title='bbox 321 3057 480 3070; x_wconf 43' lang='grc' dir='ltr'>--ῂ-</span> 
     </span>
    </p>
   </div>
   <div class='ocr_carea' id='block_1_5' title="bbox 306 3231 1348 4044">
    <p class='ocr_par' dir='ltr' id='par_1_6' title="bbox 312 3231 1348 3954">
     <span class='ocr_line' id='line_1_26' title="bbox 312 3231 1344 3302; baseline -0.006 -12"><span class='ocrx_word' id='word_1_178' title='bbox 312 3233 332 3300; x_wconf 87' lang='lat'>¹)</span> <span class='ocrx_word' id='word_1_179' title='bbox 352 3233 416 3302; x_wconf 73' lang='lat' dir='ltr'><strong>cap.</strong></span> <span class='ocrx_word' id='word_1_180' title='bbox 445 3237 471 3298; x_wconf 76' lang='lat'>4.</span> <span class='ocrx_word' id='word_1_181' title='bbox 506 3237 522 3290; x_wconf 88' lang='lat'>4</span> <span class='ocrx_word' id='word_1_182' title='bbox 557 3233 677 3290; x_wconf 75' lang='lat' dir='ltr'>sumum</span> <span class='ocrx_word' id='word_1_183' title='bbox 707 3234 823 3290; x_wconf 80' lang='lat' dir='ltr'>editores</span> <span class='ocrx_word' id='word_1_184' title='bbox 852 3235 915 3290; x_wconf 86' lang='lat' dir='ltr'>inde</span> <span class='ocrx_word' id='word_1_185' title='bbox 947 3235 981 3290; x_wconf 80' lang='lat' dir='ltr'>ab</span> <span class='ocrx_word' id='word_1_186' title='bbox 1012 3235 1122 3290; x_wconf 78' lang='lat' dir='ltr'>Erssmo</span> <span class='ocrx_word' id='word_1_187' title='bbox 1153 3231 1344 3287; x_wconf 79' lang='lat' dir='ltr'>intellexerunt</span> 
     </span>
     <span class='ocr_line' id='line_1_27' title="bbox 350 3326 1346 3402; baseline -0.001 -22"><span class='ocrx_word' id='word_1_188' title='bbox 350 3326 516 3395; x_wconf 83' lang='lat' dir='ltr'>sppollstsm</span> <span class='ocrx_word' id='word_1_189' title='bbox 535 3329 720 3382; x_wconf 77' lang='lat' dir='ltr'><strong><em>liberrimam</em></strong></span> <span class='ocrx_word' id='word_1_190' title='bbox 731 3332 799 3402; x_wconf 83' lang='lat' dir='ltr'>(ques</span> <span class='ocrx_word' id='word_1_191' title='bbox 812 3328 888 3383; x_wconf 79' lang='lat' dir='ltr'>nullo</span> <span class='ocrx_word' id='word_1_192' title='bbox 907 3332 981 3382; x_wconf 83' lang='lat' dir='ltr'>msto</span> <span class='ocrx_word' id='word_1_193' title='bbox 996 3329 1197 3396; x_wconf 77' lang='lat' dir='ltr'>comprimatur)</span> <span class='ocrx_word' id='word_1_194' title='bbox 1217 3326 1346 3395; x_wconf 81' lang='lat' dir='ltr'>prinei-</span> 
     </span>
     <span class='ocr_line' id='line_1_28' title="bbox 349 3417 1348 3493; baseline 0 -22"><span class='ocrx_word' id='word_1_195' title='bbox 349 3433 426 3488; x_wconf 87' lang='lat' dir='ltr'>pum</span> <span class='ocrx_word' id='word_1_196' title='bbox 444 3417 608 3493; x_wconf 75' lang='lat' dir='ltr'>iudieem3</span> <span class='ocrx_word' id='word_1_197' title='bbox 637 3419 779 3476; x_wconf 73' lang='lat' dir='ltr'>Ftokertus</span> <span class='ocrx_word' id='word_1_198' title='bbox 798 3425 826 3474; x_wconf 85' lang='lat' dir='ltr'>et</span> <span class='ocrx_word' id='word_1_199' title='bbox 845 3420 967 3480; x_wconf 81' lang='lat' dir='ltr'>Hessius,</span> <span class='ocrx_word' id='word_1_200' title='bbox 993 3420 1063 3488; x_wconf 88' lang='lat' dir='ltr'>quod</span> <span class='ocrx_word' id='word_1_201' title='bbox 1093 3419 1219 3474; x_wconf 75' lang='lat' dir='ltr'>librarius</span> <span class='ocrx_word' id='word_1_202' title='bbox 1238 3418 1248 3472; x_wconf 97' lang='lat' dir='ltr'>l</span> <span class='ocrx_word' id='word_1_203' title='bbox 1267 3433 1348 3488; x_wconf 74' lang='lat' dir='ltr'>supro</span> 
     </span>
     <span class='ocr_line' id='line_1_29' title="bbox 350 3510 1348 3583; baseline 0.001 -20"><span class='ocrx_word' id='word_1_204' title='bbox 350 3525 455 3566; x_wconf 84' lang='lat' dir='ltr'>versum</span> <span class='ocrx_word' id='word_1_205' title='bbox 474 3523 567 3580; x_wconf 83' lang='lat' dir='ltr'>purum</span> <span class='ocrx_word' id='word_1_206' title='bbox 586 3511 720 3582; x_wconf 81' lang='lat' dir='ltr'>produxit,</span> <span class='ocrx_word' id='word_1_207' title='bbox 748 3517 780 3568; x_wconf 90' lang='lat' dir='ltr'>ut</span> <span class='ocrx_word' id='word_1_208' title='bbox 798 3513 887 3583; x_wconf 85' lang='lat' dir='ltr'>proli</span> <span class='ocrx_word' id='word_1_209' title='bbox 911 3515 1063 3568; x_wconf 80' lang='lat' dir='ltr'>nosceretur</span> <span class='ocrx_word' id='word_1_210' title='bbox 1085 3529 1111 3575; x_wconf 86' lang='lat' dir='ltr'>u,</span> <span class='ocrx_word' id='word_1_211' title='bbox 1139 3510 1348 3565; x_wconf 79' lang='lat' dir='ltr'>uberrimum</span> 
     </span>
     <span class='ocr_line' id='line_1_30' title="bbox 352 3601 1348 3678; baseline 0 -23"><span class='ocrx_word' id='word_1_212' title='bbox 352 3602 488 3670; x_wconf 78' lang='lat' dir='ltr'>appellari</span> <span class='ocrx_word' id='word_1_213' title='bbox 511 3601 654 3662; x_wconf 74' lang='lat' dir='ltr'>iusserunt,</span> <span class='ocrx_word' id='word_1_214' title='bbox 684 3622 741 3678; x_wconf 77' lang='lat' dir='ltr'>quse</span> <span class='ocrx_word' id='word_1_215' title='bbox 769 3611 838 3662; x_wconf 88' lang='lat' dir='ltr'>esset</span> <span class='ocrx_word' id='word_1_216' title='bbox 868 3605 967 3661; x_wconf 82' lang='lat' dir='ltr'>iudicis</span> <span class='ocrx_word' id='word_1_217' title='bbox 990 3604 1110 3669; x_wconf 78' lang='lat' dir='ltr'>ubertas,</span> <span class='ocrx_word' id='word_1_218' title='bbox 1140 3603 1228 3658; x_wconf 85' lang='lat' dir='ltr'>neseio</span> <span class='ocrx_word' id='word_1_219' title='bbox 1255 3603 1348 3658; x_wconf 79' lang='lat' dir='ltr'>utrum</span> 
     </span>
     <span class='ocr_line' id='line_1_31' title="bbox 351 3693 1347 3767; baseline 0.004 -21"><span class='ocrx_word' id='word_1_220' title='bbox 351 3693 466 3748; x_wconf 79' lang='lat' dir='ltr'>seientes</span> <span class='ocrx_word' id='word_1_221' title='bbox 495 3711 532 3749; x_wconf 80' lang='lat' dir='ltr'>sn</span> <span class='ocrx_word' id='word_1_222' title='bbox 560 3711 613 3752; x_wconf 85' lang='lat' dir='ltr'>uon</span> <span class='ocrx_word' id='word_1_223' title='bbox 640 3701 771 3754; x_wconf 76' lang='lat' dir='ltr'>curantes.</span> <span class='ocrx_word' id='word_1_224' title='bbox 817 3698 1015 3754; x_wconf 75' lang='lat' dir='ltr'>Collocutus</span> <span class='ocrx_word' id='word_1_225' title='bbox 1051 3713 1098 3767; x_wconf 85' lang='lat' dir='ltr'>pro</span> <span class='ocrx_word' id='word_1_226' title='bbox 1135 3695 1347 3757; x_wconf 73' lang='lat' dir='ltr'>collocatos,</span> 
     </span>
     <span class='ocr_line' id='line_1_32' title="bbox 353 3785 1344 3861; baseline 0.002 -21"><span class='ocrx_word' id='word_1_227' title='bbox 353 3785 404 3840; x_wconf 86' lang='lat' dir='ltr'>etsi</span> <span class='ocrx_word' id='word_1_228' title='bbox 432 3788 474 3840; x_wconf 85' lang='lat' dir='ltr'>est</span> <span class='ocrx_word' id='word_1_229' title='bbox 497 3788 525 3842; x_wconf 89' lang='lat' dir='ltr'>in</span> <span class='ocrx_word' id='word_1_230' title='bbox 553 3790 585 3855; x_wconf 81' lang='grc' dir='ltr'>Δ,</span> <span class='ocrx_word' id='word_1_231' title='bbox 614 3793 704 3845; x_wconf 80' lang='lat' dir='ltr'>temen</span> <span class='ocrx_word' id='word_1_232' title='bbox 732 3791 803 3861; x_wconf 76' lang='lat' dir='ltr'>opud</span> <span class='ocrx_word' id='word_1_233' title='bbox 826 3792 956 3846; x_wconf 82' lang='lat' dir='ltr'>Heusium</span> <span class='ocrx_word' id='word_1_234' title='bbox 979 3791 1130 3861; x_wconf 82' lang='lat' dir='ltr'>typothetis</span> <span class='ocrx_word' id='word_1_235' title='bbox 1159 3788 1250 3844; x_wconf 84' lang='lat' dir='ltr'>deberi</span> <span class='ocrx_word' id='word_1_236' title='bbox 1269 3788 1344 3842; x_wconf 80' lang='lat' dir='ltr'>malo</span> 
     </span>
     <span class='ocr_line' id='line_1_33' title="bbox 350 3878 1347 3954; baseline 0.003 -23"><span class='ocrx_word' id='word_1_237' title='bbox 350 3878 463 3935; x_wconf 85' lang='lat' dir='ltr'>eredere.</span> <span class='ocrx_word' id='word_1_238' title='bbox 511 3881 545 3936; x_wconf 86' lang='lat' dir='ltr'>In</span> <span class='ocrx_word' id='word_1_239' title='bbox 570 3884 689 3954; x_wconf 75' lang='lat' dir='ltr'>generali</span> <span class='ocrx_word' id='word_1_240' title='bbox 716 3883 766 3938; x_wconf 83' lang='lat' dir='ltr'>huo</span> <span class='ocrx_word' id='word_1_241' title='bbox 800 3885 935 3938; x_wconf 77' lang='lat' dir='ltr'>sententis</span> <span class='ocrx_word' id='word_1_242' title='bbox 959 3883 1030 3938; x_wconf 86' lang='lat' dir='ltr'><strong>nihil</strong></span> <span class='ocrx_word' id='word_1_243' title='bbox 1060 3883 1111 3938; x_wconf 88' lang='lat' dir='ltr'>looi</span> <span class='ocrx_word' id='word_1_244' title='bbox 1147 3883 1190 3935; x_wconf 88' lang='lat' dir='ltr'>est</span> <span class='ocrx_word' id='word_1_245' title='bbox 1215 3881 1347 3935; x_wconf 82' lang='lat' dir='ltr'>feminino</span> 
     </span>
    </p>

    <p class='ocr_par' dir='ltr' id='par_1_7' title="bbox 306 3973 448 4044">
     <span class='ocr_line' id='line_1_34' title="bbox 306 3973 448 4044; baseline -0.028 -16"><span class='ocrx_word' id='word_1_246' title='bbox 306 4037 316 4044; x_wconf 54' lang='grc'><strong>,</strong></span> <span class='ocrx_word' id='word_1_247' title='bbox 349 3973 448 4040; x_wconf 76' lang='lat' dir='ltr'>generi.</span> 
     </span>
    </p>
   </div>
   <div class='ocr_carea' id='block_1_6' title="bbox 0 0 1506 4638">
    <p class='ocr_par' dir='ltr' id='par_1_8' title="bbox 0 0 1506 4638">
     <span class='ocr_line' id='line_1_35' title="bbox 0 0 1506 4638; baseline 0 0"><span class='ocrx_word' id='word_1_248' title='bbox 0 0 1506 4638; x_wconf 95' lang='lat' dir='ltr'> </span> 
     </span>
    </p>
   </div>
  </div>
 </body>
</html>
