3018 4634
611 249 724 308 eausa
742 249 811 306 aaa
831 247 888 306 orv.
1179 243 1240 314 263

320 449 388 515 Ibd.
420 447 461 512 35
497 449 541 528 (iu
572 447 816 515 Massiliensium
852 447 1057 550 excusatione,
1094 462 1148 515 our
1181 465 1282 533 nequo

128 578 132 584 ·
210 554 336 624 elasari
376 571 473 636 oeque
509 554 654 636 Pompeio
686 569 721 618 se
756 551 950 636 adiungunt:
993 572 1147 637 quorum
1182 554 1282 621 alter

207 659 1288 744 etPompoius)agrosVoloarumbreoomioorum...publioe'

203 764 270 830 iis
291 764 560 842 (Massiliensibus)
594 763 846 836 oouooseerita
880 764 981 830 alter
1012 765 1141 846 (caesar)
1174 763 1280 830 bello

206 869 344 934 uiolas
379 867 514 936 Gallim
549 869 609 946 (sie
643 869 713 934 Par.
739 869 769 947 2,
802 868 951 949 Vindob.‚·
976 869 1104 936 Gallie
1138 869 1223 935 Laid.
1256 871 1280 946 Ι,

213 973 370 1043 'Gallias
389 976 585 1056 recentiores)
607 974 843 1040 adtribuerit
863 973 1147 1058 vectigaliaque
1175 993 1281 1040 aure-

202 1078 280 1144 rit.
333 1079 386 1145 Sia
409 1079 529 1146 oodioes
556 1079 713 1146 mendoso.
762 1077 822 1144 Sed
850 1079 930 1162 quod
957 1098 974 1144 ο
1001 1077 1181 1164 (blandorpii
1212 1099 1283 1146 oon·

218 1185 336 1250 ieotura
356 1185 500 1250 scribitur
521 1185 624 1251 bello
646 1185 771 1250 viotos
793 1183 960 1269 Sallyas,
983 1185 1093 1250 fefellit
1111 1205 1182 1250 oum
1199 1188 1281 1252 eete-

157 1319 160 1326 ν
201 1307 327 1372 rosque
362 1290 462 1356 inanis
496 1291 625 1374 speeies.
679 1289 760 1355 Nam
784 1289 922 1374 Sallyum
947 1291 1011 1355 sivo
1036 1290 1283 1356 Salluuioruma

202 1394 341 1460 taetre
362 1394 514 1462 viatorum
535 1395 839 1477 Massiliensibusque
871 1395 1090 1462 attributorum
1122 1396 1208 1461 nulla
1229 1415 1282 1462 us-

205 1517 311 1582 --quam
333 1501 371 1564 fit
391 1501 508 1566 mentio
530 1519 630 1585 neque
650 1501 719 1566 fieri
739 1501 848 1583 potuit,
881 1502 917 1566 nt
938 1501 991 1583 qui
1011 1502 1109 1567 multo
1132 1503 1204 1567 aute
1226 1502 1282 1567 do-

216 1605 289 1670 miti
320 1606 353 1669 iu
382 1607 546 1688 provincia
567 1607 655 1690 parte
675 1608 918 1671 numerarentur.
956 1605 1108 1689 Pompeii,
1143 1609 1196 1691 qui
1210 1611 1287 1691 'per-

202 1711 354 1776 ·(lalliam
375 1711 565 1794 prouinciam
588 1712 621 1776 ia
643 1711 827 1795 Hispaniam
860 1711 936 1790 ivit,
959 1713 1081 1778 muneri
1101 1714 1183 1778 reete
1205 1731 1283 1778 oon·

201 1817 347 1882 trarium
369 1815 510 1891 retertur,
533 1817 606 1898 quid
628 1816 730 1882 Caesar
752 1815 855 1882 Gallia
876 1819 956 1892 (tota
979 1819 1012 1882 et
1035 1818 1177 1895 barbara)
1199 1819 1282 1884 vitta

199 1919 333 1988 aaran
379 1921 439 1987 Sed
470 1923 502 1986 et
532 1939 569 1987 ex
585 1921 688 2004 ¹ipsius
716 1920 845 1987 Caesaris
878 1923 1000 1988 silentio
1036 1926 1103 2006 (qai
1134 1923 1283 1991 benafioia

199 2043 273 2091 -sua
293 2027 349 2092 boo
371 2027 438 2094 looo
459 2045 521 2093 non
543 2029 712 2094 emissurus
734 2029 811 2103 erat)
834 2029 866 2092 et
886 2027 1070 2110 reliquorum
1087 2029 1165 2093 ot'sx
1180 2029 1286 2124 auimo·

215 2129 458 2198 Massiliensium
498 2132 537 2196 in·
563 2132 645 2198 bello
677 2132 761 2198 oivili
793 2132 926 2216 perspici
963 2133 1080 2216 potest,
1127 2133 1282 2198 Oaesaram
1318 2217 1320 2220 Ι

219 2236 296 2302 nibil
316 2238 422 2322 magni
443 2238 579 2303 muneris
607 2238 640 2302 in
667 2257 718 2304 eos
741 2238 906 2304 eontulisse
940 2257 996 2303 noo
1027 2239 1154 2321 populos
1186 2257 1280 2304 novos

201 2343 269 2408 -eis
299 2343 486 2409 attribuisse.
541 2343 770 2419 Massilienses,
805 2345 841 2408 ut
868 2343 1028 2426 utriusque
1061 2343 1279 2412 beneficiorum

203 2465 273 2529 ¹par
297 2450 490 2513 momentum
513 2448 669 2514 effioerent
688 2465 766 2512 nave
788 2446 942 2512 caenam
962 2447 1160 2530 deprimendo
1184 2451 1281 2516 offen·

199 2552 333 2628 nerent,
356 2573 375 2618 a
396 2553 526 2620 Oaesaris
559 2555 647 2637 parto
673 2553 811 2618 booeboii
832 2553 897 2618 looo
913 2556 1029 2642 pommt
1050 2557 1188 2634 servata,
1213 2577 1281 2639 quae

212 2658 278 2723 iam
292 2659 450 2738 habereut,
473 2663 506 2725 et
526 2659 663 2724 nonnihil
684 2658 784 2723 aneta.
818 2657 885 2722 Hoo
901 2658 986 2722 enim
998 2658 1137 2724 oodioum
1160 2678 1281 2744 qnoque

75 2769 80 2777 '
199 2763 349 2848 ¹vestigia
378 2765 554 2843 ostendunt,
588 2764 739 2847 equibus
761 2761 845 2828 otiioi
867 2763 1001 2828 videtur:
1030 2760 1144 2843 alter,
1178 2766 1279 2833 bello

218 2865 1278 2962 viatoGalla'oaoslqam)tribuerttveotigaliaquoauxerit.

198 2972 294 3047 :Cum
328 2974 413 3040 elisis
448 2977 560 3042 liboris
597 2995 653 3041 em
684 2973 802 3040 laetum
833 2974 918 3040 esset
949 2974 1078 3040 Gallia
1110 2993 1126 3039 e
1157 2975 1280 3040 adtri-

213 3077 365 3159 buerit4
393 3083 528 3164 primum
559 3081 698 3156 violas,
732 3079 844 3146 deinde
871 3079 916 3157 (iu
936 3079 1156 3146 reoentioribus
1178 3081 1280 3160 eodo)

198 3183 310 3248 ‹etium
335 3185 485 3252 Gallias
507 3188 656 3270 soriptum
678 3186 735 3254 ast.
784 3183 1235 3270 [viotatallianoromq
1370 3269 1371 3272 Ἴ

315 3289 382 3355 lbd.
406 3290 459 3354 39:
503 3293 698 3358 Erant...
725 3292 912 3372 praterea
933 3293 1096 3358 scutatae
1117 3291 1282 3357 eiterio·

205 3394 267 3460 ‘ris
300 3397 506 3478 provinciae
539 3399 577 3462 et
597 3397 753 3462 oetratae
776 3396 977 3462 ulterioris
999 3396 1191 3478 Hispania
1214 3414 1279 3461 oo·

214 3497 344 3564 hortos
371 3500 529 3567 oiroiter
548 3501 684 3567 LXXX
707 3501 951 3586 equitumque
972 3503 1175 3585 utriusque
1196 3520 1279 3584 pro-

215 3604 349 3670 viuoiae
383 3605 545 3672 oiroiter
576 3607 605 3672 V
633 3605 766 3672 millia.
816 3605 1032 3688 Nipperdeius,
1064 3606 1277 3672 animadverso

196 3727 325 3790 errore,
361 3711 441 3793 quod
462 3730 487 3778 o.
509 3711 551 3774 48
579 3713 626 3790 (et
646 3711 699 3791 75)
723 3711 828 3794 aperte
849 3711 958 3776 cetrati
977 3729 1016 3776 ex
1037 3711 1177 3776 aitoriora
1208 3729 1278 3792 pro·

214 3813 319 3880 siuoia
349 3819 628 3883 oommemorautur
654 3835 710 3882 oea
736 3817 835 3882 ullum
866 3816 941 3882 olibi
961 3816 1128 3900 vestigium
1150 3815 1198 3880 est
1220 3815 1278 3878 Hi-

193 3937 378 4002 :.spanorum
399 3920 558 4004 utriusque
579 3922 741 4004 provincia
760 3937 914 3987 armorum
935 3937 1048 4004 genere
1060 3919 1274 4000 discretorum,
