2918 4652
293 261 356 330 m
658 265 915 338 mmmm

252 464 346 530 ceteri
367 483 457 530 suum
479 464 646 546 specialem
666 465 835 548 principem
858 467 981 532 habero.
1040 466 1150 531 llultia
1169 465 1248 530 locis
1272 466 1319 530 ita

252 570 342 652 quin
364 573 618 652 corruptumcst
666 570 888 646 (Oir.s‹lt¹ic.
910 571 963 637 fin.
985 591 1016 655 p.
1038 571 1098 634 661
1122 579 1182 654 sq.)

352 677 420 741 lbd.
468 677 520 740 10:
564 676 634 741 Est
674 677 823 742 etalio
870 677 1063 760 epistola,
1106 697 1178 761 qua
1219 675 1317 740 idern

252 781 408 848 Marcus
514 781 559 846 de
591 783 661 848 hoc
690 784 822 849 eodem
844 785 1023 866 scripsit,
1060 784 1168 848 euius
1187 800 1317 848 orem·

252 888 357 972 plum
379 889 448 954 hoe
469 890 538 952 est.
582 888 678 954 Smin.
702 912 811 974 qoem
831 891 939 956 idem.

353 993 418 1058 lou
444 996 499 1058 ll:
549 995 643 1060 Nam
665 998 703 1060 et
723 996 964 1080 quingentas
983 996 1085 1060 licus
1106 995 1319 1078 passerius,

252 1098 485 1181 quaaGraeui
507 1101 811 1166 callistruthias
832 1105 981 1179 vocant,
1003 1101 1173 1166 ieiunum
1196 1119 1320 1166 come·
1433 1116 1434 1140 l

252 1204 358 1270 disse
388 1206 495 1270 dicit
549 1209 578 1271 Α
610 1225 735 1290 passere
764 1209 934 1290 appellatas
965 1209 1102 1291 apparet,
1139 1204 1320 1288 undelingi

251 1311 454 1392 passerius
488 1314 595 1394 nequit
626 1313 719 1396 (quod
756 1317 805 1378 est
841 1333 861 1380 a
891 1313 1054 1397 participio
1084 1318 1226 1396 puero),
1264 1309 1320 1375 secl

249 1437 513 1499 Ραθδθναΐῑαέ.

352 1523 418 1587 loo.
444 1526 498 1587 12:
521 1524 662 1592 Itxstat
681 1527 857 1609 epistola
875 1525 1019 1601 Severi,
1042 1543 1121 1608 quae
1143 1523 1320 1588 ostendit

251 1629 423 1693 ssimum
438 1632 692 1706 euomuisse
710 1632 757 1698 ad
778 1637 967 1698 senatum.
990 1630 1173 1716 Scrib.qou
1194 1633 1320 1695 osten·

252 1735 321 1798 dit.
376 1735 426 1798 ab
447 1735 505 1799 leae
525 1737 649 1818 quidem
672 1739 737 1802 vita
758 1743 790 1803 et
811 1740 948 1804 eiusdem
968 1739 1075 1803 forrum
1095 1738 1319 1817 ceteris'pror·

251 1858 303 1904 aus
312 1841 457 1906 abhorret
470 1861 559 1906 suus
574 1841 756 1924 simpliciter
767 1863 821 1927 pro
833 1846 913 1911 eius
928 1846 1074 1930 positum.
1086 1843 1156 1929 [Sic
1165 1841 1320 1925 Gassub]

352 1945 499 2011 Caraoall.
542 1946 578 2012 8:
636 1949 703 2013 lost
741 1953 859 2017 etiam
891 1953 970 2016 haro
1010 1950 1175 2027 fabella,
1220 1949 1321 2032 quod

251 2052 400 2116 dictare
446 2053 619 2117 noluerit
663 2057 892 2132 orationem,
944 2075 1016 2140 qua
1058 2056 1321 2120 invehendum

251 2161 333 2222 eret
374 2157 411 2221 in
455 2158 631 2237 fratrem,
670 2209 742 2234 ...‚
776 2163 890 2227 illum
935 2167 1065 2228 autom
1108 2162 1320 2245 negantem
1433 2205 1434 2208 ,

250 2264 517 2346 respondisse,
553 2266 652 2330 illud
685 2285 769 2332 esse
791 2269 1045 2352 parricidium
1067 2267 1177 2332 aliud
1198 2285 1322 2332 accu-

250 2387 337 2434 sare
358 2369 602 2435 innocentem
624 2374 804 2438 occisum.
857 2375 1057 2440 Manifestum
1080 2376 1130 2437 ost
1149 2373 1181 2437 in
1202 2373 1322 2437 illum

250 2493 294 2538 ue
301 2477 459 2558 gentem
495 2478 620 2542 uuueiri
662 2480 703 2543 ad
744 2481 837 2546 aliam
880 2497 1042 2563 personam
1075 2479 1322 2561 (Papinianum),

249 2582 334 2664 prius
369 2581 466 2666 igitur
499 2583 626 2647 verbum
670 2587 710 2652 ad
748 2587 941 2652 Caracallum
975 2586 1143 2668 pertinere.
1210 2584 1320 2668 ltaque
1434 2653 1435 2686 1

250 2688 343 2770 (quod
365 2689 458 2752 etiam
482 2705 518 2752 ox
540 2696 752 2772 nogentem
772 2695 931 2778 perspicue
946 2694 1087 2774 apparet)
1104 2690 1320 2755 scribendum:
1434 2691 1435 2702 *

249 2817 268 2856 o
303 2793 432 2858 luerit.

275 2817 293 2858 0
350 2897 471 2979 Opilius
503 2898 599 2968 Mser.
633 2901 668 2964 6:
722 2901 901 2967 dicantes
946 2906 982 2968 et
1026 2902 1120 2966 dues
1164 2903 1319 2996 statuas

250 3006 476 3087 equestres,
518 3005 858 3087 pedestresdues.
924 3007 1022 3073 Scrib.
1064 3008 1248 3072 dicantes
1287 3007 1320 3068 ei

165 3143 169 3150 ·
250 3110 344 3175 duas
365 3111 424 3174 oet.

350 3215 417 3279 lou.
460 3217 496 3277 11
541 3218 601 3282 duo
644 3221 793 3299 postremi
836 3239 941 3284 versus
986 3220 1030 3284 eie
1072 3219 1228 3284 scribendi
1271 3219 1320 3282 ri-

251 3321 362 3386 dentur
397 3322 533 3404 proxime
565 3323 606 3388 ed
643 3323 782 3400 codices,
820 3343 889 3388 com
923 3325 1047 3390 insolita
1082 3325 1164 3407 apud
1197 3327 1319 3390 veteres

251 3427 377 3492 elisione
398 3428 506 3510 primae
527 3429 668 3514 syllabae:
707 3447 710 3452 ·

384 3533 466 3597 Nom
490 3534 558 3615 pios
581 3537 613 3599 et
633 3535 704 3600 felix
726 3537 845 3618 poterat
869 3537 929 3602 dici
950 3541 1043 3620 atque
1064 3536 1179 3612 videri;

456 3641 508 3723 qui
528 3639 657 3724 imperio
678 3640 784 3708 infelix
807 3646 863 3719 est,
888 3645 947 3708 erit
966 3643 1022 3708 ilie
1043 3644 1112 3709 sibi.

351 3745 444 3810 Codd.
474 3746 629 3830 dicique
651 3747 852 3830 viderique
877 3748 1080 3831 imperium
1102 3747 1239 3812 infelix
1260 3749 1317 3811 est

251 3853 291 3916 et
312 3853 394 3917 erit
415 3854 474 3917 cot.
502 3851 582 3916 'lum
604 3853 813 3918 scribendum:
839 3854 921 3918 Hos
939 3837 1077 3919 sersus
1098 3853 1229 3918 nescio
1251 3853 1316 3935 qui

131 3979 135 3986 ⁴
252 3957 294 4018 cle
326 3956 482 4018 Latinis
525 3957 712 4030 (homiuibus
755 3960 819 4022 sive
862 3961 975 4040 poetis;
1019 3959 1105 4025 codd.
1149 3959 1316 4034 deletis)

251 4062 360 4128 iuxta
384 4081 446 4127 eos
467 4066 526 4128 cet.
594 4063 651 4147 [lot
672 4064 716 4129 sic
740 4066 839 4130 estin
863 4065 932 4130 edd.
956 4063 1050 4149 vett]
