2938 4630
585 295 731 363 Vergilius.
1116 295 1156 358 47

136 493 229 561 diosc
243 492 384 566 tracturi,
422 493 520 566 etiem,
538 492 620 575 quod
638 510 688 557 res
711 494 862 574 expositus
883 515 991 578 parum
1004 503 1206 580 'cognorumn

140 599 203 668 Sed
224 601 340 672 tumen,
364 599 568 665 numitorem
589 599 736 680 lugerem,
757 617 856 679 pouca
879 600 945 666 heec
966 601 1116 666 annotavi.

236 701 264 778 Ι,
287 701 349 767 316
364 723 454 786 sqq:

219 809 308 890 saepo
330 826 416 891 ogo„
635 847 638 854 .

222 913 327 978 omnia
347 917 710 984 ventorumiconcurrere
733 916 840 998 proelio
862 917 936 992 nidi,

222 1039 290 1102 quae
312 1019 471 1104 gravidum
491 1019 552 1087 nce
574 1023 712 1104 segelum
734 1021 773 1090 ab
794 1021 946 1088 radicibus
968 1023 1039 1088 imis

206 1126 568 1208 tenolinenenpulooor
589 1128 750 1202 troanno
762 1126 816 1194 uc
835 1129 956 1194 turbine
978 1129 1064 1211 nigro

204 1231 431 1302 ,sennonteus
455 1233 651 1312 oulurumquo
671 1231 771 1301 levem
794 1235 983 1316 stipulasque
1004 1235 1147 1301 voluntis.

237 1336 318 1400 Mire
340 1340 372 1403 et
390 1337 495 1419 inepto
511 1355 603 1419 seges
625 1338 785 1408 ventorum
808 1341 837 1408 vi
857 1341 898 1404 nb
918 1341 1077 1418 radicibus
1095 1342 1207 1408 nunna.

135 1443 168 1505 ct
200 1441 319 1508 iactata
349 1444 544 1524 comparatur
566 1444 610 1519 (et
638 1447 830 1524 comparatur
863 1446 1067 1512 condicionali
1088 1447 1200 1512 formo:

132 1545 240 1627 ferret)
271 1565 343 1616 cum
366 1549 416 1622 iis,
447 1567 515 1630 quon
547 1547 614 1628 lpse
643 1549 698 1612 toli
721 1552 834 1636 segetis
857 1553 1005 1617 evulsioni
1036 1555 1067 1616 et
1098 1550 1201 1616 deioc-

141 1651 217 1714 tioni
236 1653 345 1719 notura
365 1653 513 1719 odiunota
536 1656 617 1727 sunt,
644 1654 706 1722 elio
727 1656 863 1737 tompore
888 1657 1105 1734 accidentibus,
1141 1660 1200 1723 etsi

140 1755 208 1839 ipsa
227 1759 282 1822 illu
304 1760 382 1824 elius
404 1758 554 1840 temporis
579 1759 762 1842 significatio
784 1781 906 1844 prorsus
927 1764 1010 1831 mdle
1033 1764 1092 1838 ost,
1127 1781 1202 1844 quo-

136 1862 222 1926 niam
244 1865 407 1934 ventorum
438 1864 690 1946 denunciantium
706 1867 831 1934 «saeuitia
851 1866 919 1948 insu
937 1867 1036 1934 hionn
1061 1868 1201 1950 appella-

134 1969 202 2042 tnr;
237 1971 270 2032 et
290 1968 380 2054 (unde
414 1987 486 2040 veru
506 1969 606 2036 hieme
631 1971 751 2038 culmus
773 1972 914 2053 leuesque
935 1971 1078 2053 stipulaes
1134 1973 1201 2054 Ap·

134 2077 237 2156 peret,
268 2094 335 2156 quae
357 2055 593 2155 comparationis
615 2095 708 2140 ceusu
729 2077 833 2146 oddile
855 2078 1010 2157 putentur,
1033 2078 1211 2142 necessario.

133 2179 293 2262 portinere
308 2180 347 2244 od
370 2181 470 2260 ipsum
491 2181 541 2244 roi.
555 2181 792 2262 descriptionem
814 2182 1042 2252 absolvendum,
1064 2183 1210 2248 scribon.

135 2287 274 2367 dumque
297 2303 380 2360 osse:
437 2320 459 2334 ’Δ
524 2324 527 2353 r
665 2277 670 2288 '
842 2343 843 2350 ,

374 2391 531 2472 expulsum
552 2395 704 2468 eruerent,
727 2403 760 2454 cl
782 2392 904 2456 turbine
925 2394 1011 2476 nigro

221 2496 316 2560 ferret
336 2496 434 2562 hiems
457 2498 655 2579 culmumque
675 2499 772 2564 levem
795 2498 984 2580 stipulasque
1007 2499 1145 2564 voluntis.

239 2600 317 2666 Cum
340 2603 422 2668 inter
452 2613 486 2662 ot
508 2606 539 2666 et
560 2612 592 2662 to
614 2602 723 2666 elisum
746 2605 830 2668 esset
850 2612 891 2675 nt,
914 2621 1020 2668 vorsus
1041 2605 1202 2685 supplendi

141 2725 231 2774 conss
252 2707 393 2772 additum
415 2709 463 2774 est
484 2708 535 2770 ila.
579 2707 674 2770 Video
708 2723 799 2784 nunc,
833 2707 940 2771 mirari
960 2708 1124 2790 Hcyniunn
1147 2727 1203 2772 nc-

141 2812 254 2908 rninenr
284 2815 350 2878 torn
388 2813 534 2884 oudonem.
558 2813 661 2885 niceo,
694 2813 729 2874 ut
757 2811 801 2876 sic
823 2811 998 2894 corrigeret.
1044 2814 1121 2894 lpse,
1146 2832 1211 2895 quo.

139 2921 204 2984 erut
224 2919 349 3002 ingenio
370 2919 409 2982 nd
431 2938 512 2995 vere,
536 2918 562 2982 si
584 2919 785 2990 occurrerent,
812 2917 942 2982 firmiter
963 2918 1134 3001 arripiendo
1155 2919 1203 3002 ig·

136 3043 227 3099 navo,
249 3042 310 3090 non
333 3025 381 3088 est
402 3041 494 3088 susus
518 3023 678 3108 longisque
700 3024 860 3088 verborum
882 3024 1065 3106 ambagibus
1087 3043 1119 3090 se
1140 3024 1202 3088 inr-

136 3128 247 3211 plicuit
269 3129 347 3193 nihil
369 3130 545 3211 expediens3
569 3129 663 3195 ceteri
683 3129 833 3194 incuriose
855 3129 1059 3224 coniecturam
1080 3131 1211 3213 neglcn«

136 3236 237 3300 crunt.

240 3337 285 3412 ΙΙ,
309 3339 368 3402 266
391 3359 474 3423 sqq:

222 3447 294 3508 onte
315 3446 415 3510 locum
437 3444 570 3508 similem
592 3445 760 3526 exquirunt,
781 3447 835 3510 ubi
856 3447 957 3528 prims
978 3450 1102 3529 paretur

223 3552 381 3616 arboribus
403 3569 490 3634 seges
513 3552 545 3613 et
566 3569 624 3632 quo
646 3568 716 3614 mox
736 3550 855 3634 digesto
875 3552 999 3628 luetur,

222 3659 377 3720 mutatam
397 3656 540 3739 ignorent
562 3655 663 3720 subito
686 3675 722 3720 ne
744 3657 863 3721 semina
886 3659 1026 3722 matrem,

239 3761 369 3826 Minime
405 3781 483 3826 unus
517 3763 601 3826 locus
625 3764 681 3838 est,
714 3762 745 3825 in
777 3781 835 3845 quo
862 3763 995 3843 primurn
1016 3766 1128 3826 tenerae
1153 3782 1208 3826 ur-v

136 3868 248 3931 borum
281 3867 394 3948 plsntae
427 3872 587 3951 parantur,
634 3870 665 3931 et
696 3867 728 3931 in
768 3887 860 3949 quem
892 3871 1001 3948 posteo
1038 3867 1107 3930 inde
1155 3873 1204 3943 (ex

137 3971 318 4049 seminario)
348 3973 473 4054 digestae
506 3973 654 4050 feruntur,
689 3991 745 4036 nec
775 3973 877 4048 locus,
914 3973 966 4054 qui
1001 3971 1204 4036 conserendus

139 4079 171 4140 ot
192 4079 224 4141 in
246 4095 306 4158 quo
326 4077 394 4158 ipsa
420 4076 498 4140 silve
525 4078 628 4142 futura
656 4079 722 4155 est,
757 4077 922 4158 exquiritur
942 4077 1084 4154 (habetur
1099 4077 1204 4151 enim),
