2918 4652
282 227 344 291 me
653 227 890 300 mmmm

240 429 271 502 3,
303 429 352 506 3),
395 427 537 492 similiter
571 427 662 509 atque
696 448 731 488 ee
766 447 843 490 cono
881 429 1043 510 ceteraqne
1075 425 1140 494 eius
1170 430 1303 512 generis.

240 539 343 619 Atque
367 536 466 618 ipsum
489 534 527 598 in
549 550 685 597 vanum
706 549 799 615 prope
822 531 930 596 eodem
952 532 1042 596 modo
1059 534 1192 614 positum
1213 553 1306 617 repc-

240 644 318 706 ritur
341 641 421 724 apud
443 639 575 704 eundem
597 637 745 702 Senecam
766 637 804 704 de
825 642 945 722 tanqu
968 657 1017 704 an.
1039 640 1069 717 9,
1091 640 1112 704 3
1145 641 1197 714 (ut
1216 638 1305 705 tela

240 749 277 812 in
320 765 457 812 vanum
500 743 652 820 cadant)
706 747 738 807 et
769 745 856 827 epist
903 743 961 820 31,
1007 746 1028 806 4
1073 745 1125 822 (in
1169 764 1304 810 vanum

240 859 450 936 operosos).

342 958 408 1024 lbd
430 959 487 1022 22:
510 955 743 1020 Transactis
764 955 905 1040 igitur,
926 975 1004 1040 quse
1026 958 1073 1021 ad
1095 957 1310 1040 septiones

240 1068 363 1147 atquc
384 1063 491 1129 urbis
513 1063 662 1128 statum
686 1065 724 1126 st
751 1062 891 1127 civilis
912 1063 1181 1145 pertinebant,
1215 1082 1307 1128 con-

241 1173 305 1236 tra
327 1170 584 1253 Palmyrenos
673 1169 750 1233 iter
770 1169 892 1234 flexit.
939 1168 1087 1252 tiendum
1107 1168 1157 1234 bio
1178 1170 1307 1234 subesse

240 1276 340 1340 multa
360 1275 391 1339 in
413 1293 474 1340 nno
495 1272 644 1338 vocabulo
659 1276 803 1358 arguunt,
824 1274 1014 1357 septienis
1035 1293 1145 1340 nomen
1166 1275 1311 1340 absolute·

240 1383 318 1458 (sine
333 1380 488 1465 genetivo)
510 1379 547 1445 de
562 1379 731 1444 munitione
746 1381 779 1444 et
793 1397 879 1444 muro
893 1381 1038 1463 positum,
1061 1379 1170 1446 deinde
1192 1380 1307 1463 plurali

95 1505 106 1528 ¹
240 1505 367 1552 numero
389 1487 532 1568 positum,
568 1486 656 1568 quasi
677 1486 779 1568 pluree
800 1487 892 1552 urbes
913 1487 1062 1570 saepiusve
1093 1489 1197 1570 eaeptae
1218 1505 1306 1551 muro

240 1595 318 1667 sint,
351 1596 418 1657 tum
441 1610 502 1657 non
523 1591 562 1656 de
582 1593 658 1656 urbe
676 1591 810 1674 primurn
832 1592 1031 1658 munimentis
1051 1593 1218 1677 cingendo,
1250 1593 1307 1657 sed

242 1700 279 1764 de
300 1699 453 1764 moenibus
474 1698 558 1763 urbis
580 1697 756 1771 dilatandis,
777 1701 813 1762 ut
829 1699 983 1780 superiore
993 1700 1093 1782 capite
1104 1699 1221 1763 dictum
1245 1701 1303 1773 est,

240 1804 574 1888 postremoboototum
587 1803 625 1868 de
639 1804 715 1868 urbe
730 1805 859 1878 munita,
880 1805 960 1887 qnod
981 1805 1013 1868 in
1025 1805 1177 1886 superiore
1198 1821 1309 1868 narra-
1374 1841 1377 1848 ,

240 1912 322 1976 bone
344 1913 515 1974 extromum
537 1911 596 1983 est,
617 1909 715 1992 primo
729 1910 795 1975 loco
811 1913 1084 1976 commemoratum
1106 1913 1138 1976 ct
1159 1911 1198 1975 ab
1221 1911 1310 1975 urbis

242 2019 326 2082 statu
359 2017 545 2098 separatum,
582 2016 698 2081 omissa
728 2017 847 2080 autem.
864 2016 963 2080 omnis
996 2018 1168 2080 ceterarum
1202 2035 1306 2080 rorum

241 2123 392 2205 prioribus
427 2118 579 2203 capitibus
612 2121 817 2204 expositarum
854 2123 988 2195 mentio,
1032 2123 1141 2205 quibus
1180 2122 1305 2186 demum

243 2227 387 2311 perfectis
408 2227 448 2292 ud
470 2223 628 2290 Orientem
657 2227 796 2291 animum
821 2229 998 2293 convertere
1017 2227 1186 2292 Aureliano
1209 2227 1304 2291 licuit
1440 2303 1441 2308 .

241 2334 340 2398 Breve
351 2332 471 2398 faciam.
495 2331 844 2416 ScripseratVopiecns:
867 2352 948 2415 quae
963 2333 1011 2398 ad
1032 2335 1310 2417 septentriones

241 2441 358 2522 atque
381 2437 491 2504 urbis
513 2439 660 2505 statum
691 2439 728 2502 et
748 2438 887 2504 civilia
908 2439 1179 2522 pertinebant.
1245 2438 1307 2502 Res

240 2545 346 2610 contre
368 2543 494 2617 Suevos,
517 2544 684 2638 Sarmatas,
700 2544 935 2610 Marcomannos
951 2547 1049 2627 gestae
1064 2547 1097 2610 et
1111 2543 1212 2610 Gallia
1228 2543 1308 2609 Ger·

241 2650 403 2732 monteque
438 2651 477 2712 et
501 2649 659 2715 Pannonia
691 2667 710 2714 u
742 2648 880 2714 barbaris
914 2649 1047 2716 detonsa
1081 2651 1303 2735 significantur.

241 2755 354 2820 Nocnit
374 2754 529 2846 scribendi
550 2755 775 2837 compendium.

341 2860 438 2924 Tacit
454 2860 489 2924 2:
512 2863 552 2924 et
573 2862 779 2944 speciatim
795 2862 835 2925 in
850 2861 1112 2926 monumentis
1133 2861 1310 2944 publicis

240 2965 458 3032 inseranda
480 2965 608 3031 endem
638 2968 819 3048 posteros
847 2966 1005 3031 humani
1034 2968 1191 3050 generis
1220 2969 1306 3032 stu·

240 3072 366 3155 penda
388 3071 609 3138 moderatio.
643 3072 693 3138 Sic
715 3073 846 3138 codices.
880 3071 989 3136 Editur
1010 3071 1228 3150 inserenda,
1250 3089 1310 3137 nec

242 3177 378 3244 deterret
398 3177 560 3242 insolentia
583 3177 705 3243 dicendi
726 3179 793 3262 (pro
816 3197 862 3256 co,
885 3178 967 3261 quod
988 3181 1037 3244 est
1057 3179 1186 3240 iosuae
1200 3199 1307 3241 mone·

240 3284 346 3346 meee's
375 3285 430 3348 aut
461 3283 493 3344 in
515 3291 737 3361 monomeote);
781 3288 847 3350 tum
881 3285 1060 3367 posteris
1093 3283 1138 3362 fic,
1172 3283 1307 3349 baeretur
1440 3357 1441 3376 ἦ

240 3393 345 3456 tamen
362 3389 547 3473 (autbaereri
558 3389 703 3472 debebat)
717 3390 749 3454 in
771 3390 910 3456 eadem.
954 3388 1156 3455 scribendum
1169 3389 1309 3454 ridetur:

241 3499 280 3561 et
301 3496 336 3560 in
359 3513 451 3560 mon.
474 3494 645 3578 publicis
667 3495 855 3558 seruanda
876 3495 924 3557 ad
944 3498 1124 3578 posteros
1147 3495 1310 3560 humani

241 3601 395 3686 generis
418 3602 515 3684 stup.
538 3601 632 3666 mod.

342 3705 431 3772 Prob.
467 3706 521 3770 13:
566 3709 697 3771 contre
730 3708 840 3771 urbes
877 3707 1070 3772 Romanae
1105 3707 1237 3770 castra
1269 3706 1306 3769 in

241 3812 323 3876 solo
353 3809 559 3877 barbarico
588 3813 728 3894 posuit.
772 3811 954 3876 Tollendum
976 3812 1120 3886 castra,
1155 3812 1309 3890 nocitum,

241 3933 310 3981 cum
333 3918 467 3982 contra
488 3935 542 4000 pro
556 3918 770 4000 prepositione
784 3918 955 3994 haberetur,
977 3915 1058 4000 quod
1075 3935 1140 3982 rem
1156 3917 1309 4000 superiori
