2918 4652
547 261 646 344 ¹Sorlpt
665 261 738 318 flio.
757 261 825 332 dug-
1114 259 1174 326 637

255 459 322 526 lbd
362 458 432 524 13·.
450 461 487 526 in
520 460 681 526 annonis
711 460 932 526 tribuendis
964 461 1218 547 largissimus

150 535 254 642 fuit,
276 566 316 632 in
348 559 440 632 aare
461 566 731 647 parcissimus,
765 566 802 630 ιιι
825 567 1012 634 vorandis
1033 569 1094 666 rol
1117 570 1218 634 auli

151 673 214 736 eis
250 675 326 738 tem
358 673 519 755 impius*
554 674 630 736 tam
662 672 858 756 pertinax,
897 677 978 738 tam
1011 663 1137 759 asper
1177 677 1219 742 nt

152 777 255 841 servi
298 777 410 842 illum
454 777 514 842 sni
549 795 619 842 nou
662 777 875 850 Moerinnm
911 779 1108 857 dicerent
1152 783 1218 847 sed

154 883 422 960 Maeonidum,
457 883 553 966 qued
595 883 760 956 macelli
803 885 931 966 speeie
967 870 1098 953 demna
1134 889 1217 952 eius

151 992 431 1056 eruenterotur
452 989 639 1073 sanguino
674 991 931 1056 vernularum.
990 992 1049 1056 Pre
1081 1011 1218 1058 veran-

155 1096 216 1162 dis
237 1096 375 1162 scribunt
397 1095 594 1162 veruaelis
617 1113 633 1158 o
658 1094 803 1161 Salmasii
824 1097 1012 1176 nominatum,
1035 1097 1088 1162 sod
1111 1099 1218 1165 subeat

150 1202 185 1268 ιιι
215 1202 272 1266 beo
304 1202 487 1268 manifeste:
519 1201 558 1266 in
593 1201 866 1286 verberandim
899 1206 1001 1286 potest
1033 1203 1143 1288 aliquia
1165 1225 1218 1272 su·

150 1308 265 1392 apioari
287 1306 510 1382 uernaculis
543 1306 669 1374 subesse
691 1308 748 1372 sub
777 1307 840 1372 illis
876 1308 938 1374 vel
970 1307 1128 1386 aulioie;
1161 1313 1217 1378 sed

149 1412 312 1497 *empuli
344 1433 398 1496 pre
428 1414 526 1474 oemio
547 1429 697 1496 nusquam
719 1413 871 1481 dieantur.
930 1414 1027 1502 Credo
1058 1411 1153 1482 'fuisse
1180 1419 1253 1484 in-

152 1519 407 1582 aorberondie
428 1519 550 1582 servia
571 1514 712 1584 aulicis
734 1522 788 1584 aut
808 1519 935 1582 varaia
956 1521 1028 1586 aul.

243 1627 370 1694 ¹Antan.
384 1625 571 1690 Diadum&
589 1619 679 1690 Nam
696 1626 1017 1692 eum...audisset
1032 1630 1219 1694 auctores

150 1731 308 1815 quidem
330 1731 572 1796 defectionis
605 1733 770 1803 eooioes,
804 1732 931 1796 tamon
965 1720 1122 1816 querum
1147 1733 1219 1802 dur

154 1837 346 1902 Armeniae
369 1839 453 1920 orat
473 1840 510 1902 et
540 1837 634 1902 item
656 1839 813 1921 legatus
836 1837 937 1903 Asiae
964 1887 1031 1917 ,..,
1052 1841 1097 1906 eb
1120 1842 1219 1906 anti-

152 1961 268 2027 quam
290 1943 609 2010 familiaritatem
642 1942 842 2021 dimissos,
875 1944 933 2010 bis
955 1945 1106 2012 littoris
1128 1965 1221 2012 een·

155 2049 314 2116 vonisse
342 2053 494 2133 patrem
524 2049 690 2136 dieitur,
714 2050 770 2114 eet.
834 2049 894 2114 Pr'o
921 2069 1077 2134 quorum
1099 2053 1222 2118 Salma-

151 2157 219 2222 sius
242 2157 479 2222 otoroeontieres
502 2155 566 2238 qui
588 2173 733 2232 eorum,
759 2173 856 2238 nequo
878 2158 1015 2224 eradens
1035 2177 1132 2241 noque
1147 2177 1220 2226 son·

150 2262 254 2326 tentio
276 2263 360 2326 reeta
383 2261 541 2344 (dimissus
575 2263 657 2326 enim
690 2262 810 2336 dieitur,
838 2262 890 2345 qui
918 2263 1010 2328 fuerit
1031 2282 1067 2328 er
1087 2263 1219 2342 eooisisl.

151 2367 311 2450 seriptum
347 2367 447 2433 fuerat
482 2368 521 2432 ad
555 2367 632 2432 hano
664 2368 810 2432 formam:
848 2370 1029 2434 aneteros
1066 2369 1218 2452 quidem

150 2473 397 2540 defectionis
431 2473 599 2546 oeoires,
634 2472 764 2556 [alies]
788 2475 929 2549 tamen,
965 2494 1125 2558 querum
1148 2475 1217 2540 dux

155 2579 346 2645 Armeniae
368 2579 456 2644 orat
483 2627 549 2655 ...,
577 2627 607 2644 .,
635 2577 837 2670 dimissos,
858 2583 915 2666 eot.

256 2685 418 2770 Heliogab.
453 2683 510 2748 ab:
555 2681 695 2750 Voluit
731 2687 770 2748 et
801 2703 868 2766 por
900 2685 1077 2770 singulas
1106 2686 1221 2750 urbes

154 2792 316 2858 lenones
339 2790 542 2874 praefectos
566 2787 654 2854 urbi
675 2788 819 2864 faeere,
852 2793 892 2854 ut
914 2795 1045 2856 essent
1066 2791 1104 2856 in
1127 2792 1221 2857 urbe

36 2980 38 2984 Α
151 2895 491 2982 quattuordecim,
528 2895 769 2967 etioeisset,
801 2896 835 2962 si
864 2895 1041 2972 vixisset,
1070 2913 1221 2979 preme·
1268 2903 1271 2908 “

155 3006 269 3069 turus
295 3021 427 3070 omnes
449 3001 705 3085 turpissimos
733 3003 772 3065 et
794 3001 938 3066 ultimae
961 3001 1220 3084 professionis

152 3109 344 3174 homiues.
404 3107 538 3202 Additur
572 3126 589 3172 o
629 3106 799 3172 casauboni
832 3107 1005 3197 ooniootura
1041 3109 1220 3192 regiones

158 3214 278 3293 (urbis
311 3214 495 3297 regiones
528 3213 710 3288 lenones).
765 3212 801 3277 Id
833 3213 911 3278 latet
944 3214 1000 3279 snb
1033 3213 1100 3296 ipse
1122 3213 1218 3279 altere

153 3320 295 3385 nomine:
332 3319 604 3402 persingulas
642 3319 751 3384 urbis
796 3319 973 3401 repieooe
1014 3318 1219 3402 praefectos

158 3425 244 3491 urbi
276 3426 418 3500 faeere,
455 3428 496 3490 ut
527 3427 658 3490 essent
711 3424 877 3501 ..,XIV
913 3428 970 3490 oet
1021 3424 1161 3488 Primum
1183 3425 1220 3490 da

159 3547 284 3596 numere
306 3531 438 3606 dieitur,
472 3533 545 3613 pest
565 3533 828 3613 (promoturus
849 3533 931 3609 eet),
954 3530 1060 3614 qualos
1081 3530 1220 3596 hemines
1334 3581 1337 3585 .

158 3637 378 3722 Heliogabalus
409 3635 567 3720 praefootes
589 3638 723 3702 ιιιιιιιιιι
744 3637 850 3712 iuorit3
872 3655 928 3702 nee
949 3637 1071 3701 tontum
1094 3635 1219 3702 lenones

155 3745 227 3808 orat
247 3745 451 3825 promoturus.
1278 3751 1280 3756 ·

260 3849 327 3914 Ibd
377 3847 436 3912 32:
495 3849 559 3913 vol
611 3848 735 3914 lanam
793 3810 900 3932 oepit
950 3848 1227 3930 otappendit·
1282 3815 1285 3820 Ι

158 3957 275 4038 etque
308 3955 353 4020 ad
397 3953 480 4019 eius
523 3955 850 4038 aestimationem
847 3954 1044 4038 penderis
1087 3953 1220 4035 piooos

157 4060 298 4126 amieis
321 4060 503 4126 exhibuit
563 4061 676 4126 Mirum
700 4048 804 4122 laeam
825 4079 941 4143 euporo,
969 4058 1039 4124 miri
1059 4059 1159 4143 pisoeo
1181 4059 1224 4124 ad
