2918 4652
321 305 385 372 630
684 305 802 363 nrum
816 304 926 376 caan.

380 506 530 574 liburie
559 505 714 588 Anguste
729 504 931 590 scriptores,
953 503 1006 588 qni
1036 504 1240 586 appellantur,
1272 521 1337 569 orm

278 614 354 680 clim
382 612 591 696 particulatim
624 612 781 694 legissem,
814 612 885 675 ante
917 611 1036 694 aliquot
1067 629 1172 689 annes,
1204 610 1339 676 codicum

281 719 475 803 antiquorum
507 717 770 801 (bambergensis,
806 717 843 790 B,
876 719 907 780 et
937 715 1086 792 Palatini,
1118 715 1156 792 P)
1183 715 1341 800 scripturis

280 825 401 908 plenius
421 823 652 906 accuratiusque
679 822 719 887 ab
740 821 872 887 Iordane
896 824 929 887 et
949 821 1189 908 lipeaanbardtic
1211 821 1341 905 vulgatis

281 937 366 1010 (nam
388 930 494 995 Peteri
524 929 691 994 editionem
723 929 790 992 tum
818 947 879 994 non
912 927 1065 1004 adbibuir,
1100 928 1132 994 in
1164 941 1278 993 manus
1297 947 1343 992 re·

280 1037 399 1119 sumpsi
420 1038 452 1102 et
472 1035 576 1100 nescio
597 1032 749 1118 quomodo
772 1035 885 1115 partim
907 1034 1045 1098 tristium
1067 1035 1241 1118 temporum
1264 1035 1340 1098 ima·
1434 1025 1435 1048 ¹

279 1143 360 1227 ginis
381 1141 638 1223 contemplatione
658 1140 797 1204 animum
820 1141 903 1206 varie
919 1140 1083 1212 afficiente,
1106 1139 1220 1221 partim
1236 1157 1342 1204 emen·
1434 1129 1435 1134 ’

280 1247 374 1314 dandi
405 1247 538 1332 quodam
571 1246 671 1311 studio
695 1246 824 1311 allectus
853 1247 953 1322 totos,
976 1245 1030 1310 aed
1062 1245 1257 1320 festinanter,
1278 1244 1343 1328 legi.

280 1353 412 1418 Miratus
449 1355 481 1418 in
523 1353 573 1418 bis
616 1371 735 1436 qnoque
770 1351 936 1418 editoribus
982 1370 1050 1416 snm
1094 1352 1345 1435 superstitionem

280 1459 434 1544 quandam
471 1463 503 1526 et
539 1457 645 1524 iudicii
677 1459 914 1524 inconstantiam
945 1457 1238 1540 infirmitatemque,
1275 1457 1344 1521 dnm

280 1565 342 1630 alis
363 1567 456 1630 etiam
492 1565 590 1630 multo
623 1565 784 1630 incertiore
806 1564 924 1629 ratione
953 1565 1149 1648 corrigerent,
1186 1563 1249 1629 alia
1270 1583 1345 1646 prm·

279 1672 471 1738 tereuntibns
492 1675 546 1738 ant
567 1671 804 1748 retrahentibus,
827 1689 894 1753 quae
916 1671 948 1736 et
969 1671 1148 1736 manifestas
1164 1670 1345 1734 mendorum

279 1780 367 1842 notas
401 1781 432 1842 et
466 1777 641 1860 perspicuas
685 1795 821 1842 errorum
857 1795 964 1840 causas
999 1775 1178 1858 praeferrent
1209 1779 1244 1842 et
1279 1795 1346 1841 ccr-
1434 1841 1435 1868 ἒ

238 1927 241 1934 -
279 1883 401 1948 tissime
434 1881 629 1964 abantiquis
652 1883 820 1958 editoribus
842 1885 896 1948 ant
925 1886 1033 1966 postea
1056 1882 1219 1958 emendata
1242 1885 1346 1948 essent

281 1989 313 2052 et
344 1989 374 2054 in
407 1987 540 2072 vulgatis
573 1988 756 2053 editionibus
794 1991 879 2054 recte
917 1989 1131 2054 scriberentur.
1144 1990 1169 2064 1)
1223 1989 1347 2064 Postea,

281 2096 458 2175 comparata
480 2093 585 2160 Peteri
606 2113 708 2178 opera,
738 2095 849 2174 praeter
870 2092 958 2176 plura
979 2095 1010 2158 in
1033 2093 1185 2178 scriptura
1206 2095 1347 2160 codicum

173 2253 179 2268 .
281 2199 455 2264 accuratius
476 2199 613 2266 indicata
634 2208 701 2278 (neo
722 2202 827 2264 tamen
856 2199 918 2277 ita,
948 2200 983 2264 nt
1003 2201 1103 2264 omnis
1124 2200 1236 2282 ubique
1260 2199 1348 2264 dnbi-
1432 2193 1435 2286 i

281 2303 358 2368 tatio
382 2303 520 2383 tollatur)
554 2325 614 2372 non
637 2307 729 2388 paulo
752 2305 790 2370 ab
813 2323 848 2369 eo
870 2304 980 2369 melius
1011 2325 1076 2372 rem
1098 2305 1348 2372 administratam
1432 2305 1433 2308 ’

282 2427 350 2474 esse
372 2410 508 2476 intellexi
540 2430 596 2477 nec
618 2412 716 2476 solnm
744 2413 844 2476 rectos
874 2411 1064 2493 superiorum
1087 2413 1258 2495 scripturas
1281 2431 1348 2495 per·

281 2516 407 2591 multas,
429 2535 504 2600 quas
525 2517 572 2583 illi
594 2519 692 2582 iecere
714 2517 860 2584 sivissent
880 2518 935 2582 aut
958 2517 1154 2600 expulissent,
1177 2519 1347 2592 restitutas,
1433 2519 1434 2536 ¹

282 2622 336 2687 sed
352 2623 446 2688 etiam
460 2642 518 2688 non
539 2622 700 2706 itapauoa,
723 2643 790 2706 quae
811 2624 877 2706 ipse
898 2623 1095 2706 invenissem,
1119 2625 1158 2690 ab
1180 2643 1215 2690 ec
1237 2625 1347 2690 aliisve

281 2746 378 2810 nuper
413 2729 611 2811 praecepta.²)
673 2729 731 2794 His
773 2727 902 2794 sublatis
935 2747 1002 2812 quae
1034 2733 1266 2808 remanserunt,
1300 2731 1348 2794 hic
1433 2797 1434 2808 ,

281 2953 480 2962 m-

301 3083 322 3151 ¹)
349 3084 477 3155 Exemplo
496 3099 550 3140 nuo
568 3087 780 3143 contentusero.
832 3081 883 3138 eui
901 3099 954 3137 non
973 3081 1096 3138 mirabile
1114 3099 1144 3136 ac
1163 3099 1244 3152 prope
1264 3084 1347 3137 incre·
1433 3099 1434 3162 ᾗ

351 3176 436 3231 dibile
455 3177 586 3236 rideatur,
605 3177 634 3231 in
653 3177 718 3246 trig.
744 3178 797 3246 tyr.
817 3179 851 3230 26
871 3173 1070 3240 (Trebelliano),
1090 3191 1150 3230 cnm
1168 3175 1273 3245 pridem
1293 3175 1347 3230 edi·
1433 3167 1434 3228 l

350 3271 410 3322 tum
429 3273 501 3324 esset
518 3273 590 3324 recta
608 3271 636 3323 et
653 3267 770 3338 simplici
781 3268 920 3322 cretione:
956 3266 1069 3321 Pudet
1097 3267 1160 3320 iam
1179 3267 1347 3337 persequi,

352 3359 425 3430 qnod
442 3363 472 3416 in
489 3362 578 3416 codice
596 3361 619 3416 Β
637 3359 760 3416 conflatis
789 3359 892 3415 litteris
917 3357 1117 3440 (pudetiam)
1135 3361 1164 3414 et
1181 3357 1216 3413 ad
1233 3361 1347 3429 speciem

342 3453 454 3510 'Latine
473 3454 546 3510 vocis
564 3451 732 3508 efficiendam
751 3451 843 3508 addito
875 3473 889 3504 a
908 3451 1036 3507 scribitur
1062 3450 1259 3521 pudentiam
1279 3468 1347 3521 per·

351 3547 457 3616 sequi,
476 3545 572 3600 deinde
588 3549 680 3601 autem
698 3546 727 3599 iu
746 3545 768 3598 P
786 3547 880 3599 natum
899 3547 942 3600 eet
960 3545 1129 3614 pudentia
1152 3549 1206 3600 eet
1228 3560 1346 3615 peree-

351 3639 419 3708 qui,
447 3639 498 3694 hoc
525 3636 583 3703 cdi,
614 3637 690 3692 illius
708 3637 903 3692 emendationis
921 3654 955 3692 ne
971 3637 1105 3694 mentione
1129 3638 1239 3710 quidem
1258 3636 1346 3693 facta?

351 3731 431 3792 Recte
450 3747 508 3786 eam
527 3731 618 3785 tenuit
636 3729 723 3785 Peter.
778 3759 781 3766 ι

310 3833 332 3903 ’)
350 3835 389 3890 Ex
418 3835 461 3890 bis
490 3836 542 3890 duc
573 3834 686 3904 exempli
713 3836 742 3888 et
769 3833 979 3890 confirmationis
1007 3851 1084 3889 cansa
1111 3851 1217 3904 penam.
1274 3833 1343 3900 Sept
1432 3875 1433 3880 χ

352 3927 411 3982 Ser.
440 3927 457 3982 2
484 3929 641 3997 scripseram
674 3927 798 3981 omisso
828 3927 1015 3982 tribunatu
1054 3925 1222 3994 militari,
1267 3923 1343 3979 Prob.
1432 3975 1433 3986 ,

352 4019 533 4076 tinfitiae
550 4019 607 4074 ire.
644 4009 718 4073 lll'nd
746 4015 944 4073 Hirschfeldius
961 4019 1100 4090 occuparit
1119 4019 1225 4088 (Herm.
1244 4015 1287 4071 111
1319 4029 1344 4082 p.
1432 4001 1433 4052 3

352 4115 426 4177 280),
447 4113 497 4168 hoc
515 4113 602 4168 Peter.
1085 4125 1087 4130 ·
