3000 4638
302 213 363 277 336
661 209 924 282 nunquan.

258 415 308 480 tot
328 413 484 479 uolumina
512 411 689 492 supersunt,
722 410 755 473 et
786 425 823 474 ee
842 408 950 473 horum
982 408 1174 474 voluminum
1203 409 1327 474 fortune

261 521 330 598 luit,
361 521 399 583 nt
419 516 554 582 multum
574 513 665 580 huius
695 514 817 600 generis
850 531 906 596 ope
927 516 1061 599 egomt,
1096 533 1155 580 neo
1176 513 1327 580 dusmodi

260 625 451 709 superiorum
481 621 704 705 philolognnm
734 621 802 686 sive
833 637 927 706 opera
964 620 1029 684 sire
1061 637 1160 702 opsrae
1187 619 1327 685 subsidia

260 731 395 806 luerunt,
425 730 462 794 ut
491 745 553 792 uon
581 726 714 792 multurn
741 725 911 790 usoeoeurio
940 725 1173 810 relinqueretur.
1216 727 1327 808 ltaque

212 889 215 894 .
261 853 331 902 eurr
354 834 503 900 Senecam
523 831 701 898 adolescens
727 833 765 896 et
782 832 903 896 iuuenis
924 849 986 896 uon
1006 830 1205 916 indiligenter
1224 832 1329 916 legere
1386 887 1389 892 .

261 941 434 1025 eupissen,
462 939 576 1022 purtim
599 936 639 1002 ob
659 940 774 1003 veteris
794 937 993 1020 mulssoplriae
1007 937 1190 1002 memoriam
1203 939 1328 1020 (quum-

262 1063 356 1130 quam
378 1063 415 1109 ee
435 1063 544 1128 eampo
569 1061 631 1108 uon
658 1043 705 1108 ita
725 1042 829 1124 amplo
847 1042 1026 1110 sustinetur
1046 1043 1080 1107 et
1100 1041 1327 1108 dedanetoriis

261 1150 443 1234 ambagibus
456 1149 745 1231 ertit-quemne
761 1149 954 1228 erunustur,
976 1150 1009 1212 et
1022 1148 1179 1213 interdum
1191 1165 1328 1212 eorrum-

262 1255 361 1338 pitnr;
382 1255 449 1337 ipse
471 1256 575 1320 autern
599 1253 730 1320 eutlinde
750 1255 928 1336 resumptus
949 1254 1090 1318 eoumine
1115 1256 1154 1328 et¹
1174 1253 1327 1338 gruuiute

260 1361 487 1428 rotundarum
512 1361 654 1426 animum
686 1361 815 1425 ino’tnre
847 1362 882 1424 et
908 1357 1063 1424 obleelare
1090 1359 1213 1443 potest,
1246 1359 1330 1426 iuter

263 1467 472 1552 philosophos,
509 1465 562 1549 qui
588 1465 649 1548 ipsi
674 1483 730 1548 per
755 1483 791 1530 se
826 1483 900 1530 sura
929 1464 1137 1547 quaesiueriut,
1171 1464 1328 1530 uumemi

263 1573 391 1656 nequit),
427 1572 542 1655 pertiru
575 1587 678 1636 rerum
713 1571 747 1636 et
779 1570 897 1654 ingenii
931 1569 1178 1652 condicionisque
1203 1571 1329 1636 illorruu

263 1683 439 1762 temporum
461 1675 676 1760 mgnowende
704 1693 806 1752 eausa,
837 1675 952 1757 partius
984 1677 1021 1740 ut
1052 1675 1156 1740 latini
1177 1675 1330 1742 sermonis

262 1785 396 1850 formam
438 1781 554 1848 sensim
594 1781 751 1847 moutam
794 1781 956 1864 eopiame
998 1782 1082 1864 ipses
1125 1781 1330 1864 amplificatus

262 1893 297 1955 et
317 1891 443 1955 novatae
462 1905 669 1970 persequerer,
701 1888 764 1952 ism
794 1889 862 1952 turn
892 1886 960 1970 lpse
988 1889 1094 1954 erebra
1114 1888 1278 1954 insistendi
1299 1889 1332 1954 et

137 1978 153 2070 J
265 1994 426 2062 suumn
448 1993 486 2057 ue
504 1992 609 2057 veno
629 1995 662 2057 e
683 1993 843 2059 serenus
864 1993 1033 2058 reesa
1054 1994 1097 2072 o,
1117 1994 1171 2060 uei
1191 1995 1225 2058 n
1247 1994 1332 2060 sera

265 2099 404 2166 oodlenm
425 2099 567 2181 vestigia,
588 2097 620 2163 iu
641 2099 752 2164 ueteris
772 2097 860 2164 libris
870 2097 952 2181 apud
961 2099 1073 2182 prioris
1094 2100 1243 2183 temperis
1265 2100 1332 2165 edi-

264 2209 358 2286 tores,
381 2205 413 2269 in
425 2203 566 2286 sustolle
585 2205 692 2270 anum
716 2204 798 2288 apud
809 2204 1132 2290 Suhweighaeuserum,
1151 2205 1330 2285 inuitentur,

265 2309 410 2376 nonnulla
439 2309 552 2374 sltem
584 2309 755 2394 corrigendi
786 2309 921 2375 facilitas
942 2310 1071 2376 tenebat
1097 2329 1148 2376 me
1173 2313 1208 2376 et
1229 2313 1331 2378 neseio

165 2432 169 2441 ’
263 2413 418 2498 quomodo
438 2416 610 2493 alliciebst;
642 2416 786 2498 idemque
819 2415 897 2480 nihi
918 2415 1037 2488 assidit,
1070 2418 1289 2498 sumpseratis
1311 2435 1330 2481 a

265 2517 407 2586 iurene
440 2521 472 2586 iu
501 2521 643 2588 ommuns
671 2521 758 2586 lteris
786 2522 965 2588 uerituribus
991 2521 1146 2600 subsidiis,
1174 2539 1225 2588 ees
1251 2523 1331 2588 rele-

179 2615 181 2620 ’
263 2643 382 2710 geren.
427 2626 489 2692 Sed
515 2629 619 2692 umen
652 2627 811 2722 inaequalis
841 2628 907 2694 nac
926 2627 989 2692 fuit
1007 2629 1117 2710 oper'a;
1156 2645 1228 2694 nam
1250 2643 1332 2694 nou·

265 2731 367 2812 nullos
388 2732 511 2799 libellos
532 2733 611 2811 dues
631 2732 774 2810 marine,
809 2732 849 2797 sd
870 2732 1038 2812 Martium,
1078 2734 1115 2799 de
1146 2735 1211 2799 vitu
1230 2735 1331 2814 urea

265 2836 305 2900 do
336 2837 560 2920 tranquillitate
585 2837 706 2914 ¹animi)
744 2839 854 2921 saepius
885 2857 954 2903 eum
984 2839 1157 2923 philologiae
1185 2840 1332 2906 studiosis

264 2942 489 3008 exereitstionis
513 2959 606 3006 censa
627 2943 673 3005 ite
692 2944 893 3025 pertractavi,
921 2945 957 3008 ut
977 2945 1043 3028 ipse
1066 2963 1161 3028 prope
1186 2945 1225 3010 ad
1246 2965 1333 3011 sum-

266 3066 351 3112 mam
372 3045 558 3114 recensionis
594 3045 788 3129 diligentiam
817 3050 921 3116 omnia
941 3055 1150 3134 perscrutarer
1177 3052 1209 3117 et
1229 3054 1332 3135 temp-

264 3153 376 3230 tarem,
396 3153 428 3216 in
451 3152 531 3230 aliis,
556 3169 632 3235 quos
654 3152 752 3219 rarius
775 3153 848 3239 legi,
883 3173 919 3221 ea
941 3157 1042 3240 attigi,
1068 3176 1135 3240 quae
1156 3176 1216 3224 non
1239 3157 1334 3222 nimis

266 3258 349 3324 lente
370 3257 567 3342 progrediens
600 3257 739 3342 expedire
772 3262 920 3344 poteram.
965 3261 1089 3329 Seneeae
1111 3264 1215 3328 autem
1236 3262 1335 3329 libro-

268 3381 353 3441 rum,
375 3365 427 3447 qui
449 3361 595 3446 proximis
616 3366 686 3446 post
715 3365 780 3430 eius
802 3367 933 3432 mortem
963 3367 1074 3432 seoulis
1096 3367 1270 3434 scholarum
1302 3370 1335 3434 et

267 3469 541 3551 grammatieerum
563 3491 635 3537 oure
656 3475 830 3550 oaruerunt
852 3473 892 3537 ab
914 3473 1051 3538 eoelesiae
1074 3476 1177 3550 autem
1199 3472 1335 3539 Christi-

269 3591 334 3639 euae
356 3575 495 3656 patritus
517 3578 723 3644 commendati
743 3577 848 3642 media
869 3579 971 3654 aetate,
1003 3597 1072 3646 eum
1096 3579 1196 3644 mule
1216 3579 1279 3644 iam
1302 3581 1336 3645 et

268 3680 375 3764 gravia
406 3681 518 3747 ruenda
555 3683 757 3770 decepissent,
788 3683 821 3748 in
856 3685 969 3753 honore
1001 3683 1207 3766 habebantur,
1243 3685 1337 3768 pauni

268 3789 434 3870 supersunt
454 3789 573 3856 oodiees
594 3789 712 3874 antiqui
734 3790 767 3855 et
788 3790 827 3856 ab
848 3789 1081 3873 interpolatione
1098 3791 1215 3858 noritis
1235 3790 1335 3867 uter,

269 3910 337 3974 qnae
350 3892 466 3969 temen
490 3895 517 3960 si
543 3895 666 3978 quiden
679 3895 1337 3978 Bemtergensisqueestionumueturulium

269 3997 365 4064 ooder
386 3999 540 4066 undeoimi
561 4000 657 4065 seduli
680 4001 736 4079 est,
759 4019 818 4066 non
832 4001 977 4068 extremis
989 4002 1113 4068 demum
1125 4003 1198 4068 ante
1212 4005 1339 4070 renatas
