2956 4648
497 235 504 250 ’
619 279 649 346 c.
669 277 787 334 auarus.
1132 277 1194 342 533

173 483 294 566 primo
316 481 482 556 haesereut3
506 479 559 543 sed
581 477 660 562 quod
682 496 777 560 nuper
794 475 960 542 Hedichiua
983 479 1099 544 crudo
1122 480 1237 546 substi-

172 589 241 665 tuit,
267 587 388 671 longine
411 585 560 650 alitteris
589 583 734 659 discedit;
764 583 838 648 mihi
869 583 903 648 in
936 585 1073 649 ruentem
1094 589 1232 657 venerat,

172 695 301 759 latera
333 693 497 775 aprime
530 690 693 754 struunt
723 688 857 770 (videi
882 677 1110 768 dic.fin.111,'
1141 689 1180 753 32
1206 711 1236 774 p.

172 800 258 878 397).
316 798 375 863 Sed
396 796 507 863 deinde
530 795 705 860 offensionis
727 793 843 877 aliquid
865 795 958 860 habet
981 795 1132 862 ablativus
1154 816 1234 861 me·
1268 805 1271 810 ’

172 907 291 980 teria,
312 904 391 987 pius,
414 923 481 987 quae
504 921 564 967 non
587 902 851 971 commemoratur,
872 901 1046 984 praepositio
1067 900 1108 965 in
1132 903 1244 984 (qnasi

173 1015 239 1076 tota
261 1012 344 1094 ragio
365 1011 396 1073 in
419 1008 501 1073 nudo
527 1007 660 1083 „etiamr
683 1007 798 1072 montis
821 1006 909 1078 dorso
931 1006 995 1083 siti.
1034 1005 1235 1074 Soribcudnnr

145 1111 239 1183 'sinc
268 1116 359 1181 dubio
393 1115 459 1177 est:
494 1109 649 1178 'sterilis
684 1115 744 1178 cst
776 1114 879 1177 terra
912 1112 1095 1187 err-aterio,
1137 1114 1236 1179 nudo

174 1224 291 1288 etianr
336 1220 478 1284 montis
526 1219 641 1283 dorso
688 1216 781 1300 (quod
825 1218 918 1283 etiarn
962 1217 1074 1282 montis
1111 1218 1235 1284 dorsum

173 1330 288 1395 nudum
312 1331 450 1403 estnon
473 1324 572 1389 solum
595 1324 708 1406 plana).
732 1324 909 1388 Materiae
932 1330 980 1388 est
995 1322 1108 1388 inedd.
1122 1327 1196 1389 vett.
1210 1327 1237 1404 ¹)

100 1418 101 1422 ¹
272 1433 341 1499 Ibd.
375 1431 415 1494 23
438 1430 488 1507 (5,
520 1428 593 1506 3l):
636 1429 803 1495 Postero
841 1429 904 1494 dic
936 1430 1235 1496 occurrentibus
1279 1505 1286 1517 „

173 1524 416 1618 Branchidae
439 1554 568 1601 secum
591 1534 807 1618 procedere
828 1535 948 1600 iubet.
1013 1534 1073 1614 Qui
1097 1554 1236 1601 occurre·

173 1647 250 1712 bant
268 1643 328 1708 nisi
349 1643 408 1727 ipsi
430 1642 634 1707 Branchidae?
665 1645 696 1705 ct
718 1642 770 1723 qui
790 1641 837 1705 illi
861 1639 1072 1723 procedunt
1092 1642 1124 1706 in
1147 1661 1235 1708 snam

173 1750 234 1832 ipsi
255 1750 389 1814 urbem?
432 1747 547 1812 Scrib.:
592 1747 755 1814 Postero
778 1747 837 1810 die
859 1748 1160 1814 occurrentibus
1183 1749 1235 1831 (ox

140 1897 144 1914 ·
173 1857 248 1920 urbe
271 1855 309 1919 ad
331 1852 526 1918 salutandum
554 1858 673 1936 regem)
707 1851 967 1946 Branchidis.
1000 1871 1129 1918 eccum
1152 1873 1234 1936 pro.

173 1962 312 2027 cedere
343 1959 459 2023 iubet
483 1959 652 2032 (Milesios,
686 1958 724 2022 da
753 1958 861 2040 quibus
884 1959 1018 2040 proximo
1040 1959 1155 2026 dictum
1178 1963 1236 2032 eet,

172 2067 340 2150 quibusque
364 2063 537 2129 Alexander
563 2083 615 2139 se,
648 2064 720 2148 quid
757 2064 908 2147 optimum
941 2064 1025 2130 fectu
1048 2066 1138 2137 esset
1160 2056 1235 2130 'con-

172 2173 374 2238 sideraturunr
385 2171 582 2248 ostenderat).
592 2169 726 2234 Venerat
736 2170 794 2234 hoc
805 2188 923 2253 quoquc
934 2171 1110 2236 iumentum
1119 2170 1233 2249 Medio,

171 2279 232 2362 qui,
253 2277 389 2345 ubivara
407 2276 534 2353 invonit
557 2277 620 2340 iere
637 2273 815 2340 Cassandrae
831 2295 952 2360 poeuem
972 2295 1082 2358 passus
1105 2277 1153 2342 cat
1173 2295 1234 2341 non

171 2382 432 2462 sanasineculpa.
469 2380 711 2465 [Branchidis
735 2382 828 2446 etiam
842 2382 927 2446 codd.
940 2382 1032 2466 dett]
1054 2381 1149 2446 Panlo
1165 2383 1236 2463 poet
1335 2441 1337 2444 .

171 2489 238 2568 (35)
251 2489 419 2570 permirum
431 2489 488 2563 est
502 2487 572 2551 indo
583 2507 602 2551 a
614 2487 756 2569 Zumptio
766 2506 846 2550 nunc
858 2487 917 2562 cdi,
929 2487 1007 2570 quod
1020 2506 1094 2553 eane
1106 2488 1138 2552 in
1151 2488 1234 2553 codi-

172 2594 330 2661 cihuseet:
354 2592 459 2656 Nunc
476 2592 630 2684 culpam
648 2591 840 2656 maiorum
856 2592 1005 2674 pociori
1027 2593 1151 2671 luere,
1168 2593 1234 2675 qui
1291 2585 1319 2622 ’-

172 2721 217 2765 uo
239 2684 422 2786 viderunt
442 2697 592 2780 quidem
614 2697 813 2770 Miletum,
848 2697 934 2762 idco
963 2698 1002 2762 et
1023 2697 1137 2764 Xerxi
1158 2717 1232 2765 uon

171 2805 382 2886 potuerant
414 2803 582 2887 prodere.
641 2803 722 2867 Nam
759 2821 819 2866 non
848 2803 949 2868 solnrn
985 2819 1162 2886 perversum
1184 2808 1233 2870 cst

170 2911 258 2976 ideo
290 2911 343 2987 et,
376 2910 429 2975 sad
452 2910 574 2975 etiamsi
595 2908 712 2975 scribas
735 2911 774 2973 ct
794 2909 896 2987 ideo,
918 2909 995 2974 nihil
1016 2908 1232 2991 ineptiushac

171 3015 355 3086 adiectiones
390 3017 553 3099 requiritur
573 3015 748 3097 huiusmodi
770 3015 940 3080 sententia:
976 3014 1087 3076 nedum
1109 3011 1152 3078 X.
1171 3031 1233 3097 po-

171 3121 292 3184 suissent
310 3123 454 3205 prodam
482 3141 550 3187 earn
583 3122 627 3187 sic
647 3123 780 3202 positam
811 3120 904 3184 hrissc
937 3117 1098 3186 adortio:
1136 3119 1232 3182 adeo

170 3227 289 3291 Xerxi
321 3245 392 3291 non
428 3228 638 3309 potuerant
669 3226 846 3308 prodere,
879 3225 984 3290 Iunius
1014 3227 1045 3290 ct
1067 3226 1138 3307 post
1160 3243 1231 3290 snm

170 3333 263 3397 ceteri
284 3332 507 3409 intellexerant,
529 3332 687 3397 notissimo
709 3331 788 3414 apud
801 3330 1113 3411 Tacitumperticulac
1136 3330 1232 3396 adeo

170 3439 324 3522 negationi
356 3438 502 3504 subiectae
533 3457 599 3513 usu,
633 3437 686 3502 scd
723 3436 808 3504 cuius
840 3436 981 3518 exempla
1021 3435 1115 3502 etiem
1150 3436 1231 3519 apud

198 3813 220 3878 ¹)
239 3813 303 3883 Cap.
328 3817 345 3869 2
368 3816 403 3880 (1,
432 3817 476 3880 15)
502 3815 586 3870 miror
610 3815 692 3869 tacite
716 3815 848 3884 praeteriri
876 3814 1076 3884 apertissimum
1101 3814 1232 3870 orationis

238 3907 347 3961 vitium:
373 3906 412 3960 ad
431 3907 499 3961 huc
523 3901 699 3986 'accedere
727 3907 811 3977 quod
904 3907 1143 3976 reapondisse,
1170 3923 1230 3998 cunr

239 3999 387 4068 presertim
413 3999 468 4054 ism
500 3999 682 4068 Heusingerus
708 4000 948 4068 respondisset
975 3998 1143 4054 scribendum
1172 4016 1231 4054 esre

239 4092 382 4144 monuerit.
