2978 4644
575 233 661 294 virro
677 237 712 294 uo
728 237 750 294 l.
767 237 828 326 iel.
1135 237 1194 304 167

173 433 279 516 lingue
298 433 410 500 muna
424 433 647 500 excluduntur.¹
669 433 759 500 nlius
781 433 1045 519 cencequubilinc
1057 439 1237 540 moueret:

174 549 201 604 et
221 559 268 616 oa,
290 559 359 623 quc
379 540 465 624 apud
482 542 633 624 poetae¹l

275 647 342 712 Ibd.
371 666 401 729 p.
424 647 462 712 l:
495 647 542 734 nlo
572 664 613 712 co
641 664 760 730 preco
786 647 931 712 dicilnr
952 648 1097 723 locare,
1135 647 1237 732 quod

173 769 294 836 nsque
321 753 360 817 id
387 753 499 828 emit,
532 753 655 836 quood
685 753 723 816 in
754 752 887 834 aliquo
924 752 1118 820 consistit
1144 772 1237 838 prc-

173 858 281 925 linm.
323 859 429 924 Praeco
463 877 523 924 non
557 859 649 935 omil3
685 858 724 924 ic
758 877 819 924 non
850 859 952 936 hobel,
983 877 1043 942 quo
1073 859 1235 927 referatur.

173 963 329 1047 Scriptum
349 963 424 1030 olim
449 965 531 1030 orel:
568 966 670 1050 quod
702 982 821 1048 usquc
853 965 989 1042 domic,
1021 965 1144 1048 quoad
1178 967 1236 1032 ccl.

173 1067 280 1134 Pruoco
307 1068 341 1134 in
364 1069 493 1136 lucendo
524 1073 681 1136 emniorc
701 1072 799 1154 pretio
822 1068 990 1146 descendit,
1022 1071 1118 1136 donec
1138 1071 1181 1136 cd
1203 1071 1235 1138 id

172 1177 354 1256 perventum
388 1179 446 1254 est,
478 1195 537 1260 quo
570 1178 639 1261 quis
668 1178 836 1242 conducere
867 1175 951 1242 velit.
994 1176 1055 1256 (De
1076 1195 1106 1258 p.
1130 1175 1150 1238 9
1173 1175 1236 1240 vid.

173 1298 274 1362 opusc.
296 1278 383 1345 cond.
404 1283 436 1346 Π
456 1303 486 1366 p.
510 1282 572 1346 222
593 1291 638 1361 u.)

273 1387 339 1452 Ibd.
362 1407 393 1470 p.
418 1387 471 1452 14:
494 1389 592 1454 Huic
613 1393 799 1466 recture,
820 1389 884 1472 qui
905 1389 1069 1455 retibus
1093 1390 1237 1454 trenc-

174 1491 305 1570 ibent,
347 1495 548 1575 quedrcue
595 1496 692 1562 Scrib.
734 1495 834 1570 Huc,
869 1503 1043 1574 vectura,
1080 1494 1144 1578 qui
1174 1511 1239 1558 rc-

172 1597 278 1664 cinus
310 1601 546 1678 ireneibeul,
585 1603 796 1686 quadrans,
828 1599 861 1666 id
884 1603 942 1674 esi,
964 1602 1092 1666 coelura
1111 1599 1161 1678 iis,
1184 1597 1237 1681 qui

172 1701 232 1768 huc
246 1706 286 1768 tr.
333 1704 514 1784 (Muellerus
537 1710 621 1773 recle
643 1709 813 1785 vectura,
849 1707 882 1771 in
904 1706 1014 1772 celcris
1035 1706 1127 1790 louge
1148 1705 1238 1770 eber·

173 1810 276 1882 reric)

273 1915 340 1982 lbd.
363 1935 393 1999 p.
415 1915 456 1980 20
477 1917 611 1986 codices:
647 1920 881 1986 coniunctus
903 1922 1031 1996 terrae,
1061 1918 1126 1983 ubi
1161 1933 1239 1982 om·

173 2023 234 2087 nie
255 2022 446 2097 oriuntur,
480 2025 515 2088 vi
536 2025 783 2102 oboriuntur,
818 2041 991 2108 quorum,
1025 2021 1239 2106 quodfinir

109 2119 119 2138 “
174 2129 299 2194 orium
332 2129 441 2193 ortuo
476 2129 618 2204 dictus,
652 2149 670 2196 e
700 2133 812 2215 quibus
833 2129 981 2196 efficitur:
1014 2129 1080 2194 ubi
1111 2125 1240 2192 omnic

172 2234 373 2312 oriuntur,
410 2235 474 2300 ubi
514 2237 756 2312 nocticolor,
804 2253 963 2322 quorum
1002 2235 1100 2320 quoi
1142 2233 1238 2298 linio

172 2350 340 2418 coccum,
361 2359 471 2408 orcus
495 2342 634 2408 dictus.
678 2345 835 2420 (Alterum
857 2343 921 2408 ubi
944 2341 1018 2408 Aldi
1041 2342 1106 2418 esi,
1128 2357 1239 2404 orcus

172 2445 330 2516 Turncbil

273 2552 341 2620 Ibo.
371 2553 427 2616 21:
469 2554 608 2632 Abeo,
643 2555 741 2637 quod
773 2553 879 2638 iguis
914 2555 1072 2636 propter
1107 2551 1239 2634 splen-

174 2656 300 2722 dorem
321 2657 463 2743 fulget,
485 2663 523 2726 el
543 2659 674 2744 fulgor
705 2661 744 2724 cl
764 2659 913 2724 fulmen
944 2659 985 2722 cl
1004 2655 1237 2740 fulguritum

175 2761 276 2840 (codd.
298 2763 450 2848 fulgur),
472 2766 569 2847 quod
597 2765 761 2831 fulmine
782 2765 901 2830 ictum
924 2761 1140 2830 contrariis
1161 2759 1236 2824 dis.

172 2867 319 2933 Extremo
338 2870 398 2934 dno
419 2871 513 2936 verbu
532 2873 635 2954 inepte
656 2871 821 2940 edhaercni.
858 2869 1061 2936 moenium
1084 2867 1117 2932 el
1137 2864 1236 2930 cretio

175 2971 392 3058 distinguenda
412 2976 473 3040 sic:
508 2977 610 3060 qnod
636 2973 798 3042 fulmine
819 2977 947 3042 icium.
1004 2975 1051 3037 In
1073 2974 1236 3038 contre·

173 3078 253 3144 riis
274 3079 334 3144 (lis
356 3083 401 3146 cb
423 3099 527 3165 equae
547 3084 662 3165 lapsu
694 3083 851 3150 lubrico
873 3082 1058 3166 Lympha.
1116 3079 1167 3144 Ab
1188 3078 1238 3144 dir

174 3203 244 3250 cum
278 3186 349 3270 igne
382 3189 551 3255 coniunctis
579 3189 710 3256 mannire
741 3207 775 3254 ce
795 3189 893 3254 Varro
917 3185 1072 3272 significat
1102 3185 1143 3252 ed
1163 3203 1238 3250 con·

173 3291 286 3356 lrnrioe
305 3309 376 3358 cnm
406 3309 486 3375 aqua
507 3294 697 3361 coniunctos.
741 3294 781 3356 In
812 3295 988 3378 praepositio
1009 3294 1134 3376 ponitur
1165 3307 1237 3356 cum

175 3414 212 3461 ee
247 3399 350 3480 menie
383 3399 538 3480 pmiilivae
570 3401 814 3486 significationis,
844 3400 883 3466 (lo
914 3419 976 3483 qua
1007 3399 1070 3464 (lixi
1100 3397 1141 3464 ed
1172 3397 1236 3462 (lic.

173 3501 210 3567 ce
230 3503 285 3567 liu.
309 3503 363 3578 IV,
387 3505 426 3566 75
447 3523 478 3587 p.
500 3505 563 3568 594
583 3507 631 3571 ecl.
653 3507 696 3570 Π.

173 3669 372 3682 ἡξ-

202 3757 224 3823 ¹)
242 3756 272 3810 P.
300 3759 318 3812 5
334 3755 406 3826 quod
424 3755 456 3812 0.
474 3755 588 3811 Inhnius
605 3757 635 3811 in
653 3755 759 3812 Hermcc
786 3755 840 3810 vol.
868 3755 898 3810 ll
923 3771 950 3824 p.
969 3755 1021 3810 24⁷
1040 3751 1121 3808 scn'bi
1139 3753 1234 3807 iussit:

243 3847 415 3910 scientie,
442 3851 480 3902 at
504 3849 715 3918 opinionem,
747 3845 819 3902 idem
848 3849 912 3900 ente
930 3845 1032 3899 multoc
1050 3859 1134 3899 annos
1151 3857 1237 3897 anno·

241 3941 332 3994 ecum
358 3955 419 3994 cnm
437 3941 582 4010 Spengclic
609 3939 873 4002 communicaveram,
898 3939 931 3992 nt
947 3937 1037 3992 multo
1053 3953 1085 3991 ex
1102 3935 1146 4002 iic,
1176 3949 1236 4004 qna

244 4030 289 4084 hic
305 4031 364 4086 cdo.
