2918 4636
610 313 731 370 Ovidius.
1121 315 1159 380 91

129 531 231 598 ,quarn
246 531 354 578 sarum
368 511 487 590 reddat,
509 531 579 586 non,
604 513 684 596 quod
700 513 873 597 requiritur,
895 513 1028 591 wallicere,
1051 518 1086 582 ut
1100 518 1203 603 imago

136 639 192 702 per
224 637 332 683 serum
364 618 508 683 emineat.
572 617 658 682 Nihil
689 620 814 700 propius
849 620 929 685 offici
961 627 1055 704 posse
1084 623 1206 688 videtur

138 745 231 810 quem
255 725 329 788 hoc:
673 773 676 783 ,
1109 745 1111 750 ·
1155 727 1158 732 ’

362 830 395 892 et
414 828 515 912 eipnat
536 829 687 911 serpentis
709 830 844 915 imagine
866 851 982 897 saxum.

160 958 163 968 ·
236 933 327 1010 XIII,
348 933 409 996 329
432 952 516 1016 sqq.:

280 1038 365 1102 Dure
386 1039 571 1116 Philoctete,
592 1038 667 1102 licet
688 1058 841 1106 exsecrere
864 1061 1027 1126 meumque
1067 1095 1069 1100 .

282 1143 430 1209 devoveas
452 1144 521 1230 side
539 1144 600 1207 fine
623 1146 733 1228 caput,
749 1147 913 1230 cupiasque
936 1147 1052 1214 dolent'

282 1267 332 1314 me
354 1249 411 1314 tibi
431 1251 508 1314 torte
529 1249 596 1314 deri
617 1253 815 1335 nostrumque
837 1253 958 1317 haurire
980 1271 1128 1332 eruorem,

283 1355 377 1438 utque
399 1356 446 1420 tui
467 1349 554 1425 mihi,
576 1355 621 1419 sie
641 1355 697 1420 fiat
717 1357 774 1422 tibi
796 1359 884 1440 copia
906 1360 1013 1430 nostri,

283 1463 441 1540 tetamen
464 1461 625 1545 aggrediar
647 1480 829 1546 mecumque
851 1463 996 1528 reducere
1018 1464 1108 1542 nitar,

282 1568 408 1648 tamque
429 1565 493 1630 tuis
515 1567 623 1648 pellar,
646 1568 749 1633 faveat
770 1571 901 1649 fortuna,
924 1569 1048 1652 sagittis

283 1691 377 1754 quem
396 1691 466 1735 sum
481 1673 645 1747 Dardanio,
667 1693 759 1757 quern
785 1675 861 1756 cepi,
884 1676 956 1740 vate
977 1675 1106 1762 potitus.

136 1779 255 1873 ,Venus
278 1775 339 1840 333
362 1777 420 1856 (Te
441 1787 540 1840 tameo
574 1781 667 1856 eet),
700 1781 752 1863 qui
783 1781 815 1844 in
850 1781 952 1846 codice
978 1781 1095 1862 optimc
1118 1781 1150 1845 st
1172 1797 1207 1846 ec

139 1886 215 1963 loco,
236 1903 296 1967 que
312 1883 477 1966 posuimus,
502 1885 591 1948 etita
606 1887 738 1969 scriptus
753 1888 876 1971 legitur,
898 1889 1032 1969 apparet,
1056 1886 1135 1969 quod
1151 1887 1209 1952 ali-

140 2009 201 2075 ona
221 2009 261 2054 ox
292 1991 382 2072 parte
413 1990 476 2054 iarn
504 1990 659 2075 Glorigius
684 1993 857 2075 suspicatus
881 1994 948 2068 est,
981 1992 1014 2055 in
1037 2009 1072 2056 ec
1095 1992 1207 2070 codice,

140 2113 176 2163 ex
205 2116 264 2182 quo
294 2096 471 2177 interpolati
501 2096 651 2180 originem
687 2099 831 2175 trahunt,
864 2098 1063 2180 posteriorem
1086 2099 1208 2179 partem

140 2204 203 2286 legi
225 2221 286 2266 non
307 2195 443 2284 petuisse
464 2203 606 2294 varieque
620 2195 696 2268 ess‘e
718 2205 901 2286 suppletam,
924 2217 994 2268 eum
1017 2221 1122 2268 verum
1144 2204 1205 2267 ini·

139 2311 219 2374 tium
244 2308 449 2380 retineretur;
480 2308 512 2371 in
546 2308 661 2392 aliquot
695 2312 800 2373 temen
835 2309 992 2374 codicibus
1024 2307 1065 2372 id·
1081 2325 1210 2391 qnoque,

141 2415 221 2499 quod
243 2414 361 2496 relique
381 2413 636 2492 desiderarentur,
659 2415 807 2479 omissam
831 2433 913 2492 esse;
937 2417 985 2479 est
1000 2417 1105 2479 eutem
1125 2431 1210 2496 prer-

140 2541 193 2587 sus
235 2519 443 2595 necessarium
477 2538 549 2583 nam
581 2519 646 2582 illo
666 2530 788 2602 rumpere
819 2521 878 2580 0010
904 2521 1011 2602 pocior
1033 2519 1210 2596 ostendunt,

140 2625 314 2710 praeeedere
335 2625 397 2688 iam
420 2623 521 2698 aliam,
546 2624 620 2707 quid
636 2623 773 2688 facturus
795 2626 835 2689 sit
857 2623 980 2701 Ulixes,
1013 2625 1210 2707 significatio·

140 2748 212 2797 nem
234 2731 336 2794 futuro
365 2731 501 2812 ternpore
534 2731 714 2813 conceptam
746 2731 817 2812 pest
849 2731 936 2794 illem
969 2730 1210 2810 permissionem,

142 2859 208 2922 quae
230 2839 262 2902 in
288 2835 354 2898 licet
388 2835 478 2912 (329)
500 2835 599 2917 coepta
620 2835 728 2898 finitur
755 2835 787 2899 in
806 2837 869 2922 fior
902 2835 1002 2917 (332).
1046 2835 1107 2900 Sed
1128 2837 1160 2900 in
1180 2855 1210 2900 r.

142 2944 203 3008 332
226 2943 328 3007 miuus
350 2943 433 3006 reete
460 2941 622 3024 tamqnam
646 2941 776 3023 aequalia
804 2942 974 3023 comparari
990 2940 1148 3006 uidentur
1181 2944 1213 3006 ot

140 3043 236 3116 simul
256 3047 418 3130 permitti,
451 3066 518 3130 quae
550 3047 679 3130 aequalia
705 3065 764 3111 non
786 3049 880 3125 sunt,
912 3048 1054 3130 queniam
1080 3049 1213 3113 admunt

142 3164 248 3240 (utque
270 3154 315 3216 toi
334 3153 421 3230 milri)
449 3172 510 3217 non
539 3153 730 3235 permittitur
739 3154 828 3228 ,sed
856 3155 895 3217 ab
923 3153 1012 3218 Ulixe
1041 3154 1211 3238 expetitum

142 3277 240 3342 neque
263 3260 346 3323 recte
368 3261 438 3340 post
458 3257 513 3322 illa
534 3267 625 3342 oeque
646 3257 788 3320 coemite·
808 3260 1002 3344 subiungitur
1025 3269 1134 3339 tumeo,
1157 3259 1213 3324 aut

141 3366 222 3430 inter
245 3363 325 3426 ‘lec
437 3375 536 3426 comeo
570 3365 773 3446 interponitur
815 3365 876 3429 alie
907 3365 1107 3448 permittendi
1151 3363 1214 3428 ior-

142 3490 194 3536 ma
225 3490 280 3554 per
311 3471 573 3554 particulamque
601 3469 681 3545 (licet
700 3479 956 3556 .,..otque....
977 3470 1022 3532 sc‘c
1040 3517 1111 3537 ....
1127 3470 1213 3556 fici).

141 3576 253 3662 Itaque
287 3577 434 3659 suspicor,
468 3576 549 3641 hune
571 3594 694 3640 versum
718 3575 765 3639 sie
788 3575 1003 3658 scriptumst
1024 3573 1136 3641 Ouidio
1160 3575 1209 3638 in··

142 3683 324 3768 terpositum
344 3701 414 3748 csse
433 3681 737 3764 (mopsocedopocriz
1138 3685 1139 3688 ’

293 3789 402 3869 (utque
426 3786 473 3852 tui
494 3785 573 3852 miti
593 3787 641 3865 eit,
663 3787 720 3852 liat
739 3785 798 3851 tibi
822 3786 910 3868 eopia
929 3786 1049 3865 nostri),

144 3893 201 3960 lucc
223 3895 287 3960 est:
323 3893 357 3958 et
388 3911 462 3958 sene
491 3892 550 3958 fiet
579 3891 637 3957 tibi
670 3893 756 3974 copia
784 3891 884 3956 nostri
908 3889 1156 3968 ese-condicione,
1177 3889 1215 3954 ut

143 3997 221 4064 mihi
242 3998 290 4063 tui
311 3998 361 4064 sit.
406 3997 472 4082 [Sie
495 4017 574 4062 unus
597 3997 664 4063 eod.
686 3997 833 4080 Heinsii]
922 4013 926 4023 ·
1237 4025 1240 4032 ⁴

242 4099 340 4178 XIII,
372 4101 434 4166 692
458 4104 508 4178 lde
530 4103 640 4168 effictis
669 4101 805 4168 ceelende
827 4095 950 4166 Orionis
973 4100 1112 4165 Thebani
1132 4097 1214 4163 filia·
