2918 4636
312 224 372 288 132
670 225 789 282 Libvl.
801 223 932 296 Gap-111.

691 443 753 507 qao
773 422 899 499 ferrum,
921 422 1029 501 Brute,
1049 421 1199 490 tenebas?

268 533 325 597 hee
348 532 406 611 est,
427 531 460 596 in
483 545 574 612 quern
596 525 776 612 diligebas?
836 525 997 612 Significat
1017 527 1101 594 enim
1121 531 1230 614 poeta,
1265 529 1333 597 Ge·

270 655 371 704 sarem
391 655 462 702 enm
484 633 609 719 petisse.
652 631 703 713 (V.
725 633 807 698 592:
827 631 874 694 nil
893 631 1022 716 proten
1041 633 1110 696 istie
1134 632 1265 700 Coeearts
1285 631 1333 698 ia·

269 753 365 807 tentas
385 739 513 825 rupae.)

367 846 434 912 Lib.
455 843 543 924 vul,
570 843 643 920 450,
676 843 749 907 451.
793 841 923 909 Sublata
943 859 1039 925 prava
1058 841 1171 910 littera
1192 844 1332 928 gemina-

267 955 361 1028 tione‚
398 969 466 1035 qna
499 951 592 1017 aliam
624 965 872 1033 quoquevoeenr
893 947 926 1012 in
948 947 1095 1014 mendum
1116 949 1220 1024 traxit,
1257 947 1332 1015 seri·

268 1058 401 1126 bendum
425 1055 489 1121 est:

830 1176 871 1223 ne
891 1159 959 1224 iura
979 1157 1133 1242 fidemque

417 1267 653 1349 respectumque
674 1263 767 1329 deum
788 1263 880 1326 vassi
899 1262 1071 1346 speraveris
1092 1263 1175 1331 aula.

367 1371 496 1438 Editur:
517 1369 624 1434 vetem
644 1367 813 1454 φοναυονὺ
834 1368 923 1448 nala,
959 1385 1053 1452 pravo
1074 1371 1228 1454 genetivo.
1272 1369 1332 1438 Sed

270 1479 447 1546 coniectura
477 1495 540 1543 non
564 1493 652 1559 opus,
687 1470 831 1557 quoniam
852 1473 885 1538 in
906 1473 972 1540 eod.
994 1475 1082 1542 Voss.
1107 1475 1240 1543 amande
1261 1491 1332 1560 per·

269 1583 395 1667 antiquo
417 1583 501 1649 reete
523 1581 678 1648 scribitur.

367 1687 435 1754 Ibd.
457 1687 570 1768 (vm),
593 1685 655 1749 663
677 1703 764 1770 sqq.:

395 1795 439 1859 Ae
459 1791 568 1876 Magni
590 1809 660 1856 earn
682 1793 772 1875 terga
793 1795 904 1858 sonent
925 1793 958 1858 et
976 1793 1105 1876 partera
1125 1793 1215 1866 fene,

392 1897 601 1982 permansisse
622 1896 715 1963 deens
737 1915 833 1964 saera
854 1897 1030 1965 venerabile
1048 1897 1154 1966 ferme

392 2003 565 2086 iratamque
587 2001 652 2066 ieie
674 2001 794 2082 faeiem,
815 2001 894 2068 nibil
913 2001 1026 2070 ultima
1046 2003 1157 2072 mortis

393 2127 429 2173 er
452 2107 561 2173 babitu
583 2107 731 2192 vultuque
751 2107 811 2173 viri
832 2111 972 2176 mutasse
992 2109 1136 2186 intentu,
1161 2111 1221 2176 eet.

367 2211 606 2280 Perversissime
627 2212 757 2278 immota
778 2212 811 2277 in
835 2216 934 2280 morte
954 2215 1138 2282 venerabilis
1159 2215 1280 2282 decons
1303 2215 1332 2282 ei

269 2319 444 2387 maiestatis
466 2318 560 2384 iacies
583 2318 646 2380 da's
668 2318 751 2380 irata
772 2318 895 2388 dieitur.
939 2321 1142 2388 scribendum
1163 2321 1304 2388 videbar:

396 2431 399 2438 ’
536 2418 775 2507 AEqaatampa'e
793 2423 858 2490 deis
880 2427 998 2493 faeiem.

373 2515 1334 2613 fflffimQffimfflwmm
1451 2579 1452 2590 ,

269 2657 393 2706 monem
428 2633 586 2702 musulere
618 2633 736 2700 iubenti
761 2635 941 2718 respondet
980 2639 1084 2704 omnia
1116 2652 1149 2705 ee
1185 2655 1232 2716 ee.
1268 2653 1334 2721 qne

268 2745 401 2813 heminis
428 2741 597 2827 plurimum
618 2739 742 2806 intersit
775 2738 864 2820 seire,
896 2742 959 2808 iarn
981 2743 1027 2810 ita
1054 2745 1158 2809 tenere
1193 2739 1334 2820 (decretis

269 2851 440 2917 Stoicorum
471 2845 632 2924 stabilita),
665 2845 701 2909 ut
727 2843 803 2910 nihil
824 2843 938 2912 muoso
960 2848 1096 2916 Ammon
1131 2849 1238 2932 possit,
1269 2849 1335 2916 hee

268 2957 428 3040 leguntur:

352 3058 433 3139 Quid
456 3057 561 3141 quari,
583 3055 729 3134 Labiene,
750 3055 864 3122 iubes?
885 3077 926 3124 an
947 3057 1027 3124 liber
1046 3057 1079 3123 in
1100 3057 1195 3124 armis

354 3163 534 3230 occubuisse
555 3161 650 3228 velim
671 3163 774 3245 potius
796 3178 889 3246 quam
910 3183 1007 3249 regna
1027 3161 1152 3230 videre?

353 3270 405 3335 An
427 3270 470 3336 sit
490 3269 555 3336 rita
576 3268 664 3348 nihii,
687 3267 743 3334 sed
763 3269 887 3354 longam
909 3268 1032 3334 differat
1053 3270 1151 3336 atas?

376 3373 533 3442 Posterius
554 3374 613 3439 boe
637 3373 771 3458 intelligi
798 3373 920 3457 nequit;
953 3393 1028 3440 nam
1049 3383 1149 3458 neque
1170 3373 1249 3440 nibil
1270 3389 1336 3440 esse

270 3479 368 3546 vitam
402 3480 495 3547 Steiei
518 3479 673 3558 dicebant,
708 3497 819 3563 neque,
854 3479 926 3564 qnid
961 3479 1018 3555 sit,
1053 3479 1179 3545 etatem
1215 3478 1336 3545 differre

270 3585 394 3672 longam
425 3585 534 3662 viram,
565 3584 709 3669 explicari
749 3585 853 3670 potest
884 3603 949 3664 nes,
985 3583 1139 3668 quomode
1174 3586 1232 3651 ben
1262 3603 1338 3651 eon-

270 3693 400 3758 trarium
423 3692 466 3758 sit
486 3691 590 3776 priori.
639 3691 708 3756 Hoe
735 3689 812 3757 (tate
836 3687 937 3756 disere
959 3689 1059 3769 debet,
1081 3689 1158 3755 nibil
1178 3689 1336 3764 interesse,

270 3797 363 3882 longa
386 3817 425 3863 an
447 3796 548 3864 brevis
582 3797 625 3864 sit
645 3798 724 3873 vita;
758 3795 843 3874 (vib,
876 3795 904 3861 si
925 3796 1005 3862 tanti
1027 3797 1084 3870 est,
1110 3793 1278 3890 'Ciceronis
1298 3793 1336 3860 de

271 3903 323 3968 fin.
344 3903 399 3970 lib.
420 3903 469 3968 ΙΙΙ
492 3907 511 3983 §
534 3902 575 3966 46
601 3903 633 3968 et
654 3921 721 3986 quae
742 3901 786 3967 ibi
810 3901 981 3984 adsenpsi).
1025 3902 1085 3966 Per
1108 3888 1337 3968 botum'autem
