2924 4660
560 304 647 361 Taciti
660 305 792 375 Agricola.
1110 302 1171 366 569

151 508 321 571 locorum
366 503 476 588 gnari
519 502 890 569 circumveniebant.
949 502 1041 570 Varia
1077 506 1215 570 mutetur

150 613 243 678 item
266 614 320 676 aut
342 611 469 676 aiicitur.
499 608 882 674 'Sarmentum-videtur:
916 609 1031 672 iidem
1062 611 1214 694 primos.

151 719 378 804 significantur,
401 716 440 781 da
462 716 570 800 quibus
592 714 727 797 proxime
749 717 820 779 ante
843 715 959 780 dictum
983 719 1045 782 est:
1077 719 1114 781 et
1139 718 1213 782 ali·

126 815 129 824 '
151 825 296 909 quaudo
313 824 435 906 etiam
458 821 575 887 victis
596 820 655 885 ira
675 819 891 904 virtusque.
925 822 1009 907 [Iam
1032 822 1213 909 Goebelius.]

249 931 316 997 Ibd.
337 929 378 994 38
400 931 465 994 tam
488 926 585 992 audax
607 925 703 989 videri
724 928 829 1008 potest
851 927 983 1011 suspicio
1006 947 1086 1010 mea,
1109 931 1145 994 ut
1165 931 1214 994 vix

150 1057 218 1103 eam
240 1056 377 1121 promere
399 1023 547 1110 audcam3
582 1031 635 1098 sed
667 1033 809 1115 quoniam
841 1034 953 1116 sapius
975 1035 1076 1100 locum
1098 1039 1213 1101 retrae-

150 1144 228 1208 tanti
251 1143 358 1207 renata
380 1143 437 1217 est,
459 1140 557 1205 libere
580 1129 689 1205 dicam.
718 1139 874 1223 Agricola,
895 1142 1061 1223 oum-post
1072 1143 1213 1223 proelium

150 1249 190 1314 ad
211 1251 347 1313 montem
369 1247 538 1330 Graupium
562 1247 669 1311 exacta
689 1246 751 1309 iam
774 1246 881 1312 aestate
903 1230 1077 1312 exereitum
1090 1249 1120 1312 in
1137 1247 1215 1314 fines

151 1355 344 1419 Borestorum
378 1352 511 1436 (populi
529 1350 641 1434 ignoti)
674 1351 859 1425 deduxisset,
892 1351 1026 1435 acceptis
1058 1352 1102 1417 ibi
1134 1354 1215 1420 obsi-

151 1459 253 1532 dibus,
290 1458 472 1540 praesecto
515 1457 655 1526 classis
698 1457 941 1522 circumvehi
973 1457 1214 1524 Britanniam

150 1565 344 1648 pracepit.
402 1564 505 1628 Datae
549 1563 594 1628 ad
638 1563 678 1628 id
721 1564 841 1638 vires,
885 1563 923 1626 et
957 1568 1215 1643 praecesserat

149 1675 287 1737 terror.
341 1670 389 1734 De
417 1670 485 1753 ipsa
506 1669 700 1753 navigatione
730 1667 866 1750 perfecta
887 1687 1014 1751 quaequa
1035 1670 1067 1733 in
1091 1689 1127 1736 ea
1148 1672 1215 1736 uisa

150 1777 211 1842 sint
233 1779 287 1840 aut
309 1775 485 1850 acciderint,
507 1775 584 1840 nihil
606 1778 747 1839 narratur
760 1765 806 1839 'ac
827 1793 866 1838 ne
888 1775 980 1840 verbo
1003 1775 1127 1858 quidem
1150 1776 1214 1861 sig-

149 1883 299 1948 nificatur.
353 1880 451 1946 Nemo
484 1881 644 1946 enimillo
675 1883 814 1961 tempore
850 1881 906 1945 sub
943 1881 1077 1946 hiemem
1110 1883 1215 1966 ignoto

149 1989 228 2054 mari
250 1987 288 2077 ad
310 1986 477 2061 Britannia
499 1987 745 2069 septentrionalia
779 1987 884 2051 littora
916 1987 1004 2052 evehi
1038 2006 1129 2053 ausus
1158 1993 1214 2054 est

149 2094 280 2166 Deinde,
303 2095 465 2175 postquam
488 2093 614 2160 Tacitus
636 2094 813 2178 Agricolam
836 2092 957 2175 pedites
980 2095 1073 2176 atque
1096 2083 1214 2178 equites

147 2201 457 2266 inhibernislooasse
472 2199 558 2277 dixit,
580 2201 645 2265 haec
669 2199 839 2265 adduntur:
862 2199 908 2264 nt
930 2199 1050 2264 simul
1073 2201 1214 2266 classis

150 2304 321 2371 secunda
352 2308 592 2389 tempestate
620 2325 661 2371 ao
691 2305 792 2371 fama
825 2305 1096 2371 Trutulansom
1124 2326 1216 2390 por·

149 2415 227 2475 tum
280 2411 424 2486 tenuit,
474 2411 574 2476 unde
619 2414 789 2494 proximo
833 2411 1046 2477 Britannia
1089 2414 1217 2477 latere

149 2517 256 2609 lecto·
280 2517 386 2581 omni
419 2516 603 2584 redierat.
658 2517 771 2581 Mirum
802 2517 882 2582 hano
904 2517 1073 2582 orationem
1096 2518 1140 2581 sio
1162 2536 1216 2581 ex-

150 2622 254 2706 pedire
276 2623 439 2701 conantur,
473 2624 508 2686 ut
529 2621 625 2686 uude
648 2623 835 2706 coniungant
860 2642 929 2688 cum
963 2623 1089 2687 latare
1111 2623 1215 2688 lecto

151 2729 342 2810 classemque
364 2745 400 2792 ax
422 2747 457 2793 ao
477 2729 566 2810 portu
588 2728 757 2810 proximum
781 2729 862 2793 latus
884 2730 1003 2814 legisse,
1032 2729 1102 2794 dein
1125 2729 1213 2794 rede-

150 2835 256 2898 untem
290 2834 421 2899 eundem
451 2835 587 2899 tenuisse
614 2834 774 2916 accipiant.
833 2834 895 2900 Sed
923 2855 990 2920 quae
1018 2838 1067 2901 ast
1087 2835 1212 2900 tandem

150 2938 215 3004 haec
233 2939 375 3022 loquendi
396 2941 590 3023 perversitas,
613 2942 648 3004 ut
669 2940 801 3022 primum
824 2941 905 3007 haec:
928 2943 1007 3004 unde
1028 2941 1101 3004 teoto
1124 2941 1216 3004 latera

150 3045 281 3107 redierat
302 3045 528 3130 intelligantur:
562 3046 641 3120 undo
663 3047 840 3131 onouipurat
870 3056 896 3110 et
924 3069 983 3131 quo
1012 3048 1084 3111 laeto
1102 3123 1103 3126 Ἴ
1123 3046 1215 3109 latere

151 3151 291 3224 redierat,
313 3151 422 3216 deinde
444 3153 551 3217 classis
573 3153 714 3217 narretur
735 3154 871 3218 tenuisse
896 3172 966 3218 eum
989 3155 1123 3237 portum,
1156 3171 1214 3237 quo

150 3256 212 3321 iam
235 3275 270 3321 er
291 3257 400 3323 eadem
421 3258 488 3342 ipsa
510 3258 685 3323 excursione
713 3258 836 3321 redisset
859 3260 1109 3343 (plusquamperi.
1133 3262 1214 3324 tem·
1312 3285 1316 3292 ·

152 3366 257 3446 pore)'r’
311 3363 429 3429 Omitto
474 3363 613 3441 minora,
659 3363 743 3428 velut
779 3383 887 3447 parum
929 3369 1000 3450 apta
1040 3365 1121 3432 latus
1155 3365 1215 3430 dici

152 3469 243 3535 simul
296 3470 476 3554 proximum
532 3476 565 3535 et
621 3491 714 3533 onnno.
787 3471 927 3536 Breviter
975 3472 1086 3538 dicam.
1151 3471 1214 3536 Ne-

151 3595 209 3659 que
242 3575 418 3641 radiorat
456 3575 528 3640 ferri
570 3577 691 3669 potest,
722 3594 818 3660 neque
853 3577 1016 3661 quicquam
1055 3579 1093 3642 da
1132 3579 1215 3642 facta

153 3681 347 3766 navigatione
374 3682 447 3772 (nisi
476 3682 514 3746 de
545 3681 612 3763 ipso
638 3681 745 3746 classis
777 3682 808 3746 iu
840 3685 962 3765 portum
996 3683 1214 3749 Trutulensem

60 3853 62 3857 .
152 3787 301 3868 adventu)
317 3787 364 3853 his
380 3789 480 3854 verbis
506 3789 658 3860 narratur,
681 3787 735 3852 sed
758 3787 795 3852 de
817 3787 971 3853 destinata
992 3808 1027 3853 er
1049 3789 1105 3854 hoc
1124 3791 1214 3872 portu

153 3894 191 3958 ad
210 3894 449 3976 septentrionem
461 3912 566 3960 versus
588 3891 658 3968 sito,
682 3892 938 3974 scribendumque
956 3891 1090 3960 videtur:
1113 3895 1213 3960 unde

151 4000 320 4083 proximo
362 4021 474 4076 anno,
505 3998 736 4062 'Britanniae
762 3997 906 4062 datore
949 3998 1051 4064 lecto
1090 3999 1213 4077 omni,

151 4105 327 4167 reditura
360 4115 440 4169 erat
473 4105 517 4184 (in
550 4104 656 4189 portus
682 4103 781 4187 magis
814 4101 999 4168 meridianos
1024 4104 1120 4186 ipsius
1135 4119 1212 4187 ‘pro-

1446 4208 1450 4280 t
