3018 4634
269 291 332 356 284
625 289 756 346 muru.
769 287 892 360 ospm.

227 493 286 562 est
330 490 452 574 Doinde
472 485 551 554 illud
581 487 689 553 scios
723 484 920 562 seeundo,
957 486 1037 570 quod
1068 485 1173 556 menti
1193 487 1297 556 ussi-

227 598 342 665 iestum
364 597 423 674 ost,
444 609 539 677 nuper
561 593 594 657 ot
615 589 780 658 infeliciter
811 593 844 655 et
874 590 1003 659 licenter
1036 607 1056 658 s
1087 593 1294 678 compluribus

229 703 399 770 motatum
432 701 491 778 est,
521 697 611 763 initio
632 696 716 762 fecto
747 693 987 780 sNippordoio‚
1019 696 1070 782 qui
1110 715 1153 764 ec
1183 700 1296 767 trou-

227 806 418 874 sceudere
450 799 577 886 scripsit
615 800 873 885 Duobnerumque
911 800 1019 868 hebuit
1069 803 1296 890 obsequentem.

229 911 331 977 Multo
344 908 530 995 simpliciore
543 907 595 972 vie
608 907 649 972 sd
660 901 766 971 rerum
777 906 987 989 pervenietur:
1002 906 1060 973 fos
1069 927 1084 974 s
1093 926 1149 974 cm
1163 907 1232 973 eut
1241 927 1296 974 om

98 1071 101 1078 .
226 1016 438 1082 circumire
459 1012 544 1076 acie
565 1011 626 1094 (ab
648 1005 764 1093 aciei)
799 1012 966 1074 secunda
999 1013 1141 1080 consto
1174 1015 1296 1079 osset.

231 1121 327 1206 Legio
349 1118 465 1203 duplici
485 1117 551 1184 eois
578 1116 731 1182 instructu
762 1115 889 1200 paulum
922 1116 1023 1184 fronte
1055 1117 1140 1186 hosti
1167 1117 1296 1185 obverse

227 1227 324 1294 cessit
346 1227 379 1291 et
398 1224 523 1291 interim
555 1223 628 1306 post
648 1220 794 1300 frontem,
826 1221 1057 1296 secundantis,
1090 1223 1204 1290 rosum
1235 1242 1296 1290 nou

227 1333 294 1398 tem
316 1313 458 1407 transire,
481 1347 573 1413 quom
597 1326 647 1406 (sd
679 1326 772 1392 finem
795 1326 896 1404 fossae)
919 1327 1081 1394 circumire
1102 1330 1213 1395 cenete
1234 1330 1296 1404 est;

230 1436 286 1504 sod
327 1437 469 1519 inipso
510 1433 644 1500 transitu
688 1437 771 1512 (cum
813 1435 918 1498 tomen
972 1432 1003 1514 iu
1050 1433 1168 1500 fossum
1219 1435 1296 1502 iuci-

227 1543 339 1621 dieset)
359 1558 505 1626 oppresse
527 1541 584 1606 est.
616 1537 730 1621 (Paulo
752 1538 832 1604 infru
850 1539 905 1603 eut
927 1540 998 1620 post
1026 1540 1220 1606 sustinuit
1241 1559 1296 1606 ex-

230 1647 307 1714 cidit
327 1657 373 1727 et,
395 1647 451 1714 sut
472 1664 543 1712 cum
564 1644 635 1710 uliis
656 1644 851 1712 'scribendum
873 1645 922 1710 est
943 1645 1201 1730 magnisque.)

330 1751 364 1818 G.
401 1752 443 1815 43
479 1752 550 1835 post
583 1752 763 1836 gesserat
799 1750 978 1816 exciderunt
1015 1750 1154 1833 quaederu
1190 1751 1296 1830 verbe,

227 1857 339 1942 quibus
381 1875 453 1941 spes
495 1860 528 1922 ot
568 1858 698 1922 mustus
741 1854 865 1922 Gabinii
907 1855 1179 1948 siguifieebsutun
1223 1856 1295 1922 dein

227 1962 419 2030 treusibotur
461 1962 500 2028 ed
535 1962 581 2026 rei
623 1961 838 2026 difficultates:
885 1961 982 2046 [sed]
1024 1979 1158 2045 neque
1201 1979 1297 2045 pro-

228 2068 370 2134 vinciae
389 2069 447 2134 cet.

330 2173 365 2238 0.
385 2173 444 2238 49:
477 2172 638 2240 cassius
666 2219 674 2238 .
697 2217 706 2238 .
729 2217 737 2236 .
766 2169 812 2238 ei
833 2171 893 2236 ius
915 2170 1124 2238 dicendum
1146 2172 1297 2238 Gordu-

227 2278 311 2344 bsm
332 2297 371 2345 se
393 2279 544 2362 recepit
564 2278 888 2362 contractumque
924 2277 963 2342 iu
986 2294 1030 2342 oe
1051 2293 1100 2344 aes
1122 2277 1295 2344 alienum

227 2383 479 2468 gravissimis
515 2384 696 2450 oneribus
730 2381 941 2467 proriuoiae
984 2382 1198 2450 constituit
1232 2403 1296 2450 ex·

136 2481 140 2486 ’
225 2489 389 2556 solvere.
443 2490 586 2562 Debebet
612 2490 725 2556 seltem
746 2488 865 2555 diciiu
891 2489 1063 2567 saurim
1102 2507 1208 2556 rerum
1235 2507 1294 2556 non

227 2597 295 2662 tum
306 2596 432 2662 domum
444 2614 486 2661 ces
509 2596 644 2662 alienum
667 2595 818 2662 oncant
840 2595 933 2668 simul
956 2596 988 2664 ot
1009 2596 1166 2662 exsolvero
1187 2595 1293 2674 voluit

227 2702 285 2770 sed
306 2703 408 2769 vetere
428 2721 464 2768 se
484 2701 616 2768 liberere
643 2700 748 2767 voluit.
804 2699 935 2794 Videtur
968 2701 1081 2768 fuisse:
1114 2701 1295 2766 contrac-

227 2810 383 2893 tumque
405 2815 516 2870 antea
535 2824 584 2872 ees
605 2805 791 2884 alienum,
813 2806 875 2874 uisi
896 2805 956 2872 iuit
976 2804 1069 2870 olco.

328 2912 361 2978 G.
399 2911 454 2974 53:
499 2910 753 2976 concurritur
789 2911 834 2976 ed
870 2910 1044 2978 Gessium
1080 2910 1295 2978 defenden-

227 3016 328 3094 dum;
365 3032 514 3097 semper
535 3015 632 3080 enim
654 3016 821 3082 Berones
842 3018 1134 3102 compluresque
1156 3035 1295 3084 eroes·

227 3122 287 3188 tos
320 3139 401 3188 curu
435 3119 529 3186 telis
565 3137 691 3185 secum
722 3122 861 3188 habore
894 3122 1109 3190 consueret.
1165 3123 1295 3190 Frustra

226 3224 383 3310 queritur,
406 3225 493 3289 cuius
516 3224 569 3290 hic
588 3225 694 3309 populi
714 3245 826 3294 uomou
847 3228 959 3306 lstest3
997 3228 1200 3312 nequeenim
1223 3229 1292 3297 bur·

226 3331 311 3398 beris
342 3329 473 3412 corporis
504 3330 681 3398 custodibus
713 3333 781 3398 tum
814 3332 1010 3420 magistratui
1035 3335 1174 3402 Roon
1194 3333 1242 3400 uti
1262 3333 1295 3400 in

226 3436 365 3502 mentem
391 3425 546 3513 veuisbst,
574 3423 635 3504 uec¹
662 3437 701 3518 iis
721 3437 842 3506 infinite
872 3438 1039 3506 nominetis
1068 3439 1295 3524 postposuisset

218 3540 359 3624 *scriptor
380 3537 671 3627 compluresque
694 3546 884 3609 evocatos.
924 3544 1151 3612 Dissoiutorum
1172 3563 1294 3612 morem

226 3646 319 3716 homo
339 3664 470 3730 semper,
491 3647 607 3732 opinor,
629 3667 736 3716 secum
756 3670 939 3734 perronae
959 3650 1103 3718 habebut

327 3751 362 3817 O.
395 3751 451 3817 58:
495 3754 566 3820 Sed
597 3752 638 3819 id
673 3774 744 3839 quo
779 3756 923 3834 moute,
960 3757 1174 3824 communis
1210 3756 1294 3824 erut

227 3857 461 3926 coniectore„
516 3859 701 3928 Necessum
744 3860 945 3928 scribendum
992 3861 1072 3924 erit.
1130 3859 1294 3928 Permittit

226 3961 309 4028 euim
341 3961 565 4046 scriptorius
593 3965 730 4032 lecturis.
777 3965 905 4036 Poterat
936 3966 1031 4036 etiem
1063 3968 1102 4034 de
1136 3966 1294 4034 iudimudi

216 4065 321 4136 iitcro
339 4067 403 4134 ium
424 4086 504 4136 nuuc
526 4069 649 4139 utum
670 4070 730 4136 est
747 4071 901 4150 ,scribsrm
933 4073 969 4145 ut
989 4073 1095 4145 tirius
1117 4073 1172 4154 IV,
1199 4070 1292 4152 nuc
