<?xml version="1.0" encoding="UTF-8"?>
<!DOCTYPE html PUBLIC "-//W3C//DTD XHTML 1.0 Transitional//EN"
    "http://www.w3.org/TR/xhtml1/DTD/xhtml1-transitional.dtd">
<html xmlns="http://www.w3.org/1999/xhtml" xml:lang="en" lang="en">
 <head>
  <title>
</title>
<meta http-equiv="Content-Type" content="text/html;charset=utf-8" />
  <meta name='ocr-system' content='tesseract 3.04.00' />
  <meta name='ocr-capabilities' content='ocr_page ocr_carea ocr_par ocr_line ocrx_word'/>
</head>
<body>
  <div class='ocr_page' id='page_1' title='image "./adversariacriti03madvgoog/adversariacriti03madvgoog_0568.png"; bbox 0 0 2956 4648; ppageno 0'>
   <div class='ocr_carea' id='block_1_1' title="bbox 542 313 1146 376">
    <p class='ocr_par' dir='ltr' id='par_1_1' title="bbox 542 313 1146 376">
     <span class='ocr_line' id='line_1_1' title="bbox 542 313 1146 376; baseline 0.013 -8"><span class='ocrx_word' id='word_1_1' title='bbox 542 313 631 368; x_wconf 84' lang='lat' dir='ltr'>Taciti</span> <span class='ocrx_word' id='word_1_2' title='bbox 650 313 777 370; x_wconf 79' lang='lat' dir='ltr'>Annales.</span> <span class='ocrx_word' id='word_1_3' title='bbox 1085 314 1146 376; x_wconf 82' lang='lat'>557</span> 
     </span>
    </p>
   </div>
   <div class='ocr_carea' id='block_1_2' title="bbox 38 510 1276 4190">
    <p class='ocr_par' dir='ltr' id='par_1_2' title="bbox 125 510 1276 1338">
     <span class='ocr_line' id='line_1_2' title="bbox 127 510 1189 599; baseline -0.004 -17"><span class='ocrx_word' id='word_1_4' title='bbox 127 517 221 582; x_wconf 85' lang='lat' dir='ltr'>traria</span> <span class='ocrx_word' id='word_1_5' title='bbox 242 517 372 599; x_wconf 89' lang='lat' dir='ltr'>ponatur</span> <span class='ocrx_word' id='word_1_6' title='bbox 393 511 488 594; x_wconf 86' lang='lat' dir='ltr'>copiis</span> <span class='ocrx_word' id='word_1_7' title='bbox 511 510 704 584; x_wconf 70' lang='lat' dir='ltr'>militaribus,</span> <span class='ocrx_word' id='word_1_8' title='bbox 726 511 762 572; x_wconf 92' lang='lat' dir='ltr'>ut</span> <span class='ocrx_word' id='word_1_9' title='bbox 782 512 858 578; x_wconf 86' lang='lat' dir='ltr'>satis</span> <span class='ocrx_word' id='word_1_10' title='bbox 882 515 1036 594; x_wconf 76' lang='lat' dir='ltr'>appareat,</span> <span class='ocrx_word' id='word_1_11' title='bbox 1057 513 1189 578; x_wconf 89' lang='lat' dir='ltr'>universi</span> 
     </span>
     <span class='ocr_line' id='line_1_3' title="bbox 127 618 1190 706; baseline -0.002 -20"><span class='ocrx_word' id='word_1_12' title='bbox 127 623 244 706; x_wconf 85' lang='lat' dir='ltr'>negotii</span> <span class='ocrx_word' id='word_1_13' title='bbox 268 621 382 705; x_wconf 81' lang='lat' dir='ltr'>Syriaci</span> <span class='ocrx_word' id='word_1_14' title='bbox 415 618 620 683; x_wconf 78' lang='lat' dir='ltr'>executionem</span> <span class='ocrx_word' id='word_1_15' title='bbox 650 635 707 680; x_wconf 92' lang='lat' dir='ltr'>non</span> <span class='ocrx_word' id='word_1_16' title='bbox 741 619 922 700; x_wconf 80' lang='lat' dir='ltr'>permissam</span> <span class='ocrx_word' id='word_1_17' title='bbox 945 619 1057 684; x_wconf 81' lang='lat' dir='ltr'>Cestio.</span> <span class='ocrx_word' id='word_1_18' title='bbox 1103 619 1190 684; x_wconf 87' lang='lat' dir='ltr'>Sori-</span> 
     </span>
     <span class='ocr_line' id='line_1_4' title="bbox 126 713 1276 806; baseline -0.002 -13"><span class='ocrx_word' id='word_1_19' title='bbox 126 729 261 794; x_wconf 88' lang='lat' dir='ltr'>bcndum</span> <span class='ocrx_word' id='word_1_20' title='bbox 298 727 363 792; x_wconf 90' lang='lat' dir='ltr'>sine</span> <span class='ocrx_word' id='word_1_21' title='bbox 403 725 511 789; x_wconf 88' lang='lat' dir='ltr'>dubio:</span> <span class='ocrx_word' id='word_1_22' title='bbox 556 723 673 806; x_wconf 76' lang='lat' dir='ltr'>Syria</span> <span class='ocrx_word' id='word_1_23' title='bbox 710 725 933 788; x_wconf 74' lang='lat' dir='ltr'>iurisdictio</span> <span class='ocrx_word' id='word_1_24' title='bbox 966 726 997 791; x_wconf 79' lang='lat' dir='ltr'>c.</span> <span class='ocrx_word' id='word_1_25' title='bbox 1038 727 1189 805; x_wconf 86' lang='lat' dir='ltr'>Cestio,</span> <span class='ocrx_word' id='word_1_26' title='bbox 1214 713 1227 768; x_wconf 76' lang='grc'>·’</span> <span class='ocrx_word' id='word_1_27' title='bbox 1271 741 1276 753; x_wconf 93' lang='grc'>·</span> 
     </span>
     <span class='ocr_line' id='line_1_5' title="bbox 126 830 1189 918; baseline -0.003 -18"><span class='ocrx_word' id='word_1_28' title='bbox 126 835 246 918; x_wconf 88' lang='lat' dir='ltr'>copiae</span> <span class='ocrx_word' id='word_1_29' title='bbox 281 833 474 898; x_wconf 87' lang='lat' dir='ltr'>militares</span> <span class='ocrx_word' id='word_1_30' title='bbox 507 830 721 895; x_wconf 84' lang='lat' dir='ltr'>Corbuloni</span> <span class='ocrx_word' id='word_1_31' title='bbox 748 833 960 912; x_wconf 83' lang='lat' dir='ltr'>permissae.</span> <span class='ocrx_word' id='word_1_32' title='bbox 1006 833 1082 896; x_wconf 87' lang='lat' dir='ltr'>Haec</span> <span class='ocrx_word' id='word_1_33' title='bbox 1104 836 1189 900; x_wconf 90' lang='lat' dir='ltr'>recte</span> 
     </span>
     <span class='ocr_line' id='line_1_6' title="bbox 126 939 1190 1023; baseline -0.002 -17"><span class='ocrx_word' id='word_1_34' title='bbox 126 942 279 1007; x_wconf 86' lang='lat' dir='ltr'>contraria</span> <span class='ocrx_word' id='word_1_35' title='bbox 300 943 469 1023; x_wconf 81' lang='lat' dir='ltr'>ponuntur,</span> <span class='ocrx_word' id='word_1_36' title='bbox 503 939 600 1011; x_wconf 78' lang='lat' dir='ltr'>omni,</span> <span class='ocrx_word' id='word_1_37' title='bbox 637 955 703 1018; x_wconf 85' lang='lat' dir='ltr'>quae</span> <span class='ocrx_word' id='word_1_38' title='bbox 726 939 827 1018; x_wconf 89' lang='lat' dir='ltr'>copias</span> <span class='ocrx_word' id='word_1_39' title='bbox 850 939 1001 1003; x_wconf 80' lang='lat' dir='ltr'>militares</span> <span class='ocrx_word' id='word_1_40' title='bbox 1023 958 1083 1004; x_wconf 93' lang='lat' dir='ltr'>non</span> <span class='ocrx_word' id='word_1_41' title='bbox 1106 959 1190 1004; x_wconf 88' lang='lat' dir='ltr'>oom-</span> 
     </span>
     <span class='ocr_line' id='line_1_7' title="bbox 126 1042 1188 1132; baseline -0.001 -21"><span class='ocrx_word' id='word_1_42' title='bbox 126 1049 294 1129; x_wconf 88' lang='lat' dir='ltr'>plectatur‚</span> <span class='ocrx_word' id='word_1_43' title='bbox 339 1043 602 1132; x_wconf 75' lang='lat' dir='ltr'>administratione</span> <span class='ocrx_word' id='word_1_44' title='bbox 635 1042 853 1110; x_wconf 88' lang='lat' dir='ltr'>iurisdictionis</span> <span class='ocrx_word' id='word_1_45' title='bbox 897 1046 1017 1109; x_wconf 91' lang='lat' dir='ltr'>nomine</span> <span class='ocrx_word' id='word_1_46' title='bbox 1049 1065 1188 1128; x_wconf 89' lang='lat' dir='ltr'>compro·</span> 
     </span>
     <span class='ocr_line' id='line_1_8' title="bbox 125 1149 1190 1230; baseline -0.004 -12"><span class='ocrx_word' id='word_1_47' title='bbox 125 1155 238 1230; x_wconf 80' lang='lat' dir='ltr'>hensa3</span> <span class='ocrx_word' id='word_1_48' title='bbox 263 1153 317 1216; x_wconf 82' lang='lat' dir='ltr'>of.</span> <span class='ocrx_word' id='word_1_49' title='bbox 340 1153 364 1228; x_wconf 78' lang='lat' dir='ltr'>I,</span> <span class='ocrx_word' id='word_1_50' title='bbox 388 1151 444 1214; x_wconf 84' lang='lat'>80:</span> <span class='ocrx_word' id='word_1_51' title='bbox 468 1154 500 1210; x_wconf 80' lang='lat' dir='ltr'>iro</span> <span class='ocrx_word' id='word_1_52' title='bbox 522 1149 628 1210; x_wconf 78' lang='lat' dir='ltr'>iisdem</span> <span class='ocrx_word' id='word_1_53' title='bbox 651 1151 830 1212; x_wconf 76' lang='lat' dir='ltr'>exercitibus</span> <span class='ocrx_word' id='word_1_54' title='bbox 859 1159 911 1212; x_wconf 79' lang='lat' dir='ltr'>out</span> <span class='ocrx_word' id='word_1_55' title='bbox 932 1151 1190 1215; x_wconf 76' lang='lat' dir='ltr'>iurisdictionibus</span> 
     </span>
     <span class='ocr_line' id='line_1_9' title="bbox 126 1240 1001 1338; baseline 0 -18"><span class='ocrx_word' id='word_1_56' title='bbox 126 1259 243 1322; x_wconf 74' lang='lat' dir='ltr'>babere.</span> <span class='ocrx_word' id='word_1_57' title='bbox 288 1259 333 1321; x_wconf 88' lang='lat' dir='ltr'>De</span> <span class='ocrx_word' id='word_1_58' title='bbox 357 1256 480 1320; x_wconf 88' lang='lat' dir='ltr'>nomine</span> <span class='ocrx_word' id='word_1_59' title='bbox 502 1240 634 1318; x_wconf 86' lang='lat' dir='ltr'>hominis</span> <span class='ocrx_word' id='word_1_60' title='bbox 657 1254 732 1318; x_wconf 92' lang='lat' dir='ltr'>nihil</span> <span class='ocrx_word' id='word_1_61' title='bbox 753 1259 876 1338; x_wconf 86' lang='lat' dir='ltr'>praesto.</span> <span class='ocrx_word' id='word_1_62' title='bbox 996 1261 1001 1270; x_wconf 91' lang='lat'>&#39;</span> 
     </span>
    </p>

    <p class='ocr_par' dir='ltr' id='par_1_3' title="bbox 124 1362 1190 1977">
     <span class='ocr_line' id='line_1_10' title="bbox 226 1362 1189 1446; baseline -0.001 -16"><span class='ocrx_word' id='word_1_63' title='bbox 226 1365 294 1430; x_wconf 88' lang='lat' dir='ltr'>Ibd.</span> <span class='ocrx_word' id='word_1_64' title='bbox 318 1362 374 1426; x_wconf 78' lang='lat'>28:</span> <span class='ocrx_word' id='word_1_65' title='bbox 418 1363 585 1442; x_wconf 85' lang='lat' dir='ltr'>Tempus</span> <span class='ocrx_word' id='word_1_66' title='bbox 608 1362 879 1444; x_wconf 80' lang='lat' dir='ltr'>propinquum,</span> <span class='ocrx_word' id='word_1_67' title='bbox 913 1363 1036 1440; x_wconf 77' lang='lat' dir='ltr'>loeus,</span> <span class='ocrx_word' id='word_1_68' title='bbox 1058 1363 1095 1427; x_wconf 92' lang='lat' dir='ltr'>in</span> <span class='ocrx_word' id='word_1_69' title='bbox 1118 1383 1189 1446; x_wconf 88' lang='lat' dir='ltr'>quo</span> 
     </span>
     <span class='ocr_line' id='line_1_11' title="bbox 126 1468 1189 1556; baseline -0.004 -18"><span class='ocrx_word' id='word_1_70' title='bbox 126 1492 248 1555; x_wconf 90' lang='lat' dir='ltr'>nuper</span> <span class='ocrx_word' id='word_1_71' title='bbox 282 1473 446 1556; x_wconf 84' lang='lat' dir='ltr'>obsessae</span> <span class='ocrx_word' id='word_1_72' title='bbox 479 1486 564 1530; x_wconf 90' lang='lat' dir='ltr'>cum</span> <span class='ocrx_word' id='word_1_73' title='bbox 599 1468 702 1531; x_wconf 87' lang='lat' dir='ltr'>Paete</span> <span class='ocrx_word' id='word_1_74' title='bbox 740 1468 915 1550; x_wconf 85' lang='lat' dir='ltr'>legiones</span> <span class='ocrx_word' id='word_1_75' title='bbox 948 1472 1071 1544; x_wconf 86' lang='lat' dir='ltr'>eraut,</span> <span class='ocrx_word' id='word_1_76' title='bbox 1109 1489 1189 1535; x_wconf 91' lang='lat' dir='ltr'>cum</span> 
     </span>
     <span class='ocr_line' id='line_1_12' title="bbox 125 1571 1188 1643; baseline 0 -1"><span class='ocrx_word' id='word_1_77' title='bbox 125 1577 307 1643; x_wconf 89' lang='lat' dir='ltr'>barbaris</span> <span class='ocrx_word' id='word_1_78' title='bbox 333 1574 512 1639; x_wconf 89' lang='lat' dir='ltr'>delectus</span> <span class='ocrx_word' id='word_1_79' title='bbox 537 1574 594 1636; x_wconf 89' lang='lat' dir='ltr'>est</span> <span class='ocrx_word' id='word_1_80' title='bbox 700 1571 910 1637; x_wconf 84' lang='lat' dir='ltr'>Corbuloni</span> <span class='ocrx_word' id='word_1_81' title='bbox 932 1594 1001 1640; x_wconf 94' lang='lat' dir='ltr'>non</span> <span class='ocrx_word' id='word_1_82' title='bbox 1023 1578 1188 1642; x_wconf 85' lang='lat' dir='ltr'>vitatus.</span> 
     </span>
     <span class='ocr_line' id='line_1_13' title="bbox 124 1677 1190 1768; baseline 0.001 -21"><span class='ocrx_word' id='word_1_83' title='bbox 124 1682 305 1748; x_wconf 88' lang='lat' dir='ltr'>Necessario</span> <span class='ocrx_word' id='word_1_84' title='bbox 342 1680 552 1745; x_wconf 90' lang='lat' dir='ltr'>scribendum:</span> <span class='ocrx_word' id='word_1_85' title='bbox 591 1695 676 1740; x_wconf 89' lang='lat' dir='ltr'>oum</span> <span class='ocrx_word' id='word_1_86' title='bbox 712 1677 891 1743; x_wconf 90' lang='lat' dir='ltr'>delectus</span> <span class='ocrx_word' id='word_1_87' title='bbox 925 1691 1028 1745; x_wconf 78' lang='lat' dir='ltr'>oscor.</span> <span class='ocrx_word' id='word_1_88' title='bbox 1086 1684 1190 1768; x_wconf 84' lang='lat' dir='ltr'>Longo</span> 
     </span>
     <span class='ocr_line' id='line_1_14' title="bbox 125 1783 1190 1864; baseline 0.001 -12"><span class='ocrx_word' id='word_1_89' title='bbox 125 1788 219 1852; x_wconf 87' lang='lat' dir='ltr'>aliter</span> <span class='ocrx_word' id='word_1_90' title='bbox 253 1788 362 1852; x_wconf 87' lang='lat' dir='ltr'>dicitur</span> <span class='ocrx_word' id='word_1_91' title='bbox 393 1784 551 1849; x_wconf 79' lang='lat' dir='ltr'>indicativi</span> <span class='ocrx_word' id='word_1_92' title='bbox 581 1783 751 1864; x_wconf 86' lang='lat' dir='ltr'>perfectum</span> <span class='ocrx_word' id='word_1_93' title='bbox 785 1804 853 1848; x_wconf 90' lang='lat' dir='ltr'>cum</span> <span class='ocrx_word' id='word_1_94' title='bbox 885 1785 940 1850; x_wconf 87' lang='lat' dir='ltr'>illa</span> <span class='ocrx_word' id='word_1_95' title='bbox 982 1788 1190 1854; x_wconf 90' lang='lat' dir='ltr'>coniunctione</span> 
     </span>
     <span class='ocr_line' id='line_1_15' title="bbox 125 1889 990 1977; baseline 0.005 -25"><span class='ocrx_word' id='word_1_96' title='bbox 125 1895 214 1975; x_wconf 76' lang='lat' dir='ltr'>(acm,</span> <span class='ocrx_word' id='word_1_97' title='bbox 238 1892 381 1956; x_wconf 85' lang='lat' dir='ltr'>comant</span> <span class='ocrx_word' id='word_1_98' title='bbox 404 1891 538 1974; x_wconf 78' lang='lat' dir='ltr'>quoties).</span> <span class='ocrx_word' id='word_1_99' title='bbox 588 1889 652 1971; x_wconf 89' lang='lat' dir='ltr'>[Sic</span> <span class='ocrx_word' id='word_1_100' title='bbox 674 1891 793 1953; x_wconf 90' lang='lat' dir='ltr'>veteres</span> <span class='ocrx_word' id='word_1_101' title='bbox 816 1890 990 1977; x_wconf 81' lang='lat' dir='ltr'>editiones]</span> 
     </span>
    </p>

    <p class='ocr_par' dir='ltr' id='par_1_4' title="bbox 118 1995 1245 2715">
     <span class='ocr_line' id='line_1_16' title="bbox 227 1995 1243 2078; baseline 0.005 -18"><span class='ocrx_word' id='word_1_102' title='bbox 227 1998 293 2062; x_wconf 86' lang='lat' dir='ltr'>Ibd.</span> <span class='ocrx_word' id='word_1_103' title='bbox 317 1997 356 2060; x_wconf 80' lang='lat'>36</span> <span class='ocrx_word' id='word_1_104' title='bbox 381 1996 524 2078; x_wconf 86' lang='lat' dir='ltr'>(Neronis</span> <span class='ocrx_word' id='word_1_105' title='bbox 554 1995 655 2060; x_wconf 86' lang='lat' dir='ltr'>verbis</span> <span class='ocrx_word' id='word_1_106' title='bbox 677 1996 755 2059; x_wconf 88' lang='lat' dir='ltr'>ratio</span> <span class='ocrx_word' id='word_1_107' title='bbox 779 1995 916 2064; x_wconf 88' lang='lat' dir='ltr'>redditur</span> <span class='ocrx_word' id='word_1_108' title='bbox 942 2001 1049 2064; x_wconf 88' lang='lat' dir='ltr'>omissi</span> <span class='ocrx_word' id='word_1_109' title='bbox 1071 2001 1189 2065; x_wconf 90' lang='lat' dir='ltr'>consilii</span> <span class='ocrx_word' id='word_1_110' title='bbox 1240 2019 1243 2026; x_wconf 82' lang='grc'><strong><em>’</em></strong></span> 
     </span>
     <span class='ocr_line' id='line_1_17' title="bbox 121 2085 1190 2186; baseline 0.002 -18"><span class='ocrx_word' id='word_1_111' title='bbox 121 2085 155 2168; x_wconf 87' lang='lat' dir='ltr'>in</span> <span class='ocrx_word' id='word_1_112' title='bbox 189 2103 359 2185; x_wconf 89' lang='lat' dir='ltr'>provincias</span> <span class='ocrx_word' id='word_1_113' title='bbox 381 2101 624 2186; x_wconf 79' lang='lat' dir='ltr'>proficiscendip:</span> <span class='ocrx_word' id='word_1_114' title='bbox 669 2099 821 2166; x_wconf 85' lang='lat' dir='ltr'>Vidisse</span> <span class='ocrx_word' id='word_1_115' title='bbox 853 2105 1012 2177; x_wconf 88' lang='lat' dir='ltr'>maestos</span> <span class='ocrx_word' id='word_1_116' title='bbox 1045 2106 1190 2170; x_wconf 82' lang='lat' dir='ltr'>civium</span> 
     </span>
     <span class='ocr_line' id='line_1_18' title="bbox 121 2207 1245 2292; baseline 0.003 -19"><span class='ocrx_word' id='word_1_117' title='bbox 121 2210 277 2284; x_wconf 78' lang='lat' dir='ltr'>vultus,</span> <span class='ocrx_word' id='word_1_118' title='bbox 300 2209 434 2273; x_wconf 88' lang='lat' dir='ltr'>audire</span> <span class='ocrx_word' id='word_1_119' title='bbox 457 2208 635 2272; x_wconf 89' lang='lat' dir='ltr'>secretas</span> <span class='ocrx_word' id='word_1_120' title='bbox 668 2207 952 2289; x_wconf 78' lang='lat' dir='ltr'>querimonias,</span> <span class='ocrx_word' id='word_1_121' title='bbox 982 2211 1080 2292; x_wconf 88' lang='lat' dir='ltr'>quod</span> <span class='ocrx_word' id='word_1_122' title='bbox 1102 2213 1190 2276; x_wconf 90' lang='lat' dir='ltr'>tan·</span> <span class='ocrx_word' id='word_1_123' title='bbox 1242 2287 1245 2292; x_wconf 27' lang='lat'>¹</span> 
     </span>
     <span class='ocr_line' id='line_1_19' title="bbox 121 2312 1211 2399; baseline 0.005 -21"><span class='ocrx_word' id='word_1_124' title='bbox 121 2318 203 2378; x_wconf 91' lang='lat' dir='ltr'>tum</span> <span class='ocrx_word' id='word_1_125' title='bbox 231 2314 443 2378; x_wconf 88' lang='lat' dir='ltr'>auditurus</span> <span class='ocrx_word' id='word_1_126' title='bbox 467 2314 590 2389; x_wconf 78' lang='lat' dir='ltr'>esset,</span> <span class='ocrx_word' id='word_1_127' title='bbox 625 2312 735 2377; x_wconf 90' lang='lat' dir='ltr'>ouius</span> <span class='ocrx_word' id='word_1_128' title='bbox 762 2331 808 2376; x_wconf 91' lang='lat' dir='ltr'>ne</span> <span class='ocrx_word' id='word_1_129' title='bbox 830 2313 1006 2380; x_wconf 87' lang='lat' dir='ltr'>modicos</span> <span class='ocrx_word' id='word_1_130' title='bbox 1030 2317 1211 2399; x_wconf 87' lang='lat' dir='ltr'>quidem</span> 
     </span>
     <span class='ocr_line' id='line_1_20' title="bbox 121 2418 1189 2504; baseline 0.006 -21"><span class='ocrx_word' id='word_1_131' title='bbox 121 2438 311 2504; x_wconf 86' lang='lat' dir='ltr'>egressus</span> <span class='ocrx_word' id='word_1_132' title='bbox 360 2420 600 2496; x_wconf 89' lang='lat' dir='ltr'>tolerarent,</span> <span class='ocrx_word' id='word_1_133' title='bbox 650 2421 733 2484; x_wconf 78' lang='lat' dir='ltr'>eet..</span> <span class='ocrx_word' id='word_1_134' title='bbox 766 2418 946 2501; x_wconf 72' lang='lat' dir='ltr'>&#39;corrigitur</span> <span class='ocrx_word' id='word_1_135' title='bbox 995 2423 1189 2501; x_wconf 82' lang='lat' dir='ltr'>aditurus,</span> 
     </span>
     <span class='ocr_line' id='line_1_21' title="bbox 119 2521 1190 2612; baseline 0.001 -20"><span class='ocrx_word' id='word_1_136' title='bbox 119 2526 230 2592; x_wconf 91' lang='lat' dir='ltr'>addito</span> <span class='ocrx_word' id='word_1_137' title='bbox 274 2525 355 2589; x_wconf 87' lang='lat' dir='ltr'>iter</span> <span class='ocrx_word' id='word_1_138' title='bbox 399 2525 453 2588; x_wconf 89' lang='lat' dir='ltr'>aut</span> <span class='ocrx_word' id='word_1_139' title='bbox 496 2524 664 2587; x_wconf 91' lang='lat' dir='ltr'>itineris.</span> <span class='ocrx_word' id='word_1_140' title='bbox 721 2521 921 2588; x_wconf 84' lang='lat' dir='ltr'>Scribendum</span> <span class='ocrx_word' id='word_1_141' title='bbox 966 2531 1046 2591; x_wconf 88' lang='lat' dir='ltr'>crat:</span> <span class='ocrx_word' id='word_1_142' title='bbox 1092 2531 1190 2612; x_wconf 90' lang='lat' dir='ltr'>quod</span> 
     </span>
     <span class='ocr_line' id='line_1_22' title="bbox 118 2627 1131 2715; baseline 0.003 -19"><span class='ocrx_word' id='word_1_143' title='bbox 118 2635 281 2698; x_wconf 88' lang='lat' dir='ltr'>tantum</span> <span class='ocrx_word' id='word_1_144' title='bbox 304 2629 488 2689; x_wconf 77' lang='lat' dir='ltr'>obiturus</span> <span class='ocrx_word' id='word_1_145' title='bbox 512 2629 634 2698; x_wconf 78' lang='lat' dir='ltr'>osset,</span> <span class='ocrx_word' id='word_1_146' title='bbox 657 2627 715 2692; x_wconf 89' lang='lat' dir='ltr'>hoo</span> <span class='ocrx_word' id='word_1_147' title='bbox 738 2630 794 2701; x_wconf 89' lang='lat' dir='ltr'>est,</span> <span class='ocrx_word' id='word_1_148' title='bbox 817 2631 880 2694; x_wconf 91' lang='lat' dir='ltr'>tam</span> <span class='ocrx_word' id='word_1_149' title='bbox 904 2631 994 2715; x_wconf 86' lang='lat' dir='ltr'>longo</span> <span class='ocrx_word' id='word_1_150' title='bbox 1017 2637 1049 2698; x_wconf 91' lang='lat' dir='ltr'>et</span> <span class='ocrx_word' id='word_1_151' title='bbox 1070 2634 1131 2699; x_wconf 92' lang='lat' dir='ltr'>diu.</span> 
     </span>
    </p>

    <p class='ocr_par' dir='ltr' id='par_1_5' title="bbox 38 2731 1270 3876">
     <span class='ocr_line' id='line_1_23' title="bbox 225 2731 1270 2818; baseline 0.006 -18"><span class='ocrx_word' id='word_1_152' title='bbox 225 2735 292 2800; x_wconf 87' lang='lat' dir='ltr'>Ibd.</span> <span class='ocrx_word' id='word_1_153' title='bbox 335 2734 391 2796; x_wconf 87' lang='lat'>51:</span> <span class='ocrx_word' id='word_1_154' title='bbox 448 2731 546 2815; x_wconf 78' lang='lat' dir='ltr'>Ergo</span> <span class='ocrx_word' id='word_1_155' title='bbox 584 2733 789 2814; x_wconf 80' lang='lat' dir='ltr'>Epicharis</span> <span class='ocrx_word' id='word_1_156' title='bbox 825 2735 939 2818; x_wconf 87' lang='lat' dir='ltr'>plura</span> <span class='ocrx_word' id='word_1_157' title='bbox 984 2742 1021 2803; x_wconf 89' lang='lat' dir='ltr'>et</span> <span class='ocrx_word' id='word_1_158' title='bbox 1061 2742 1189 2805; x_wconf 88' lang='lat' dir='ltr'>omnia</span> <span class='ocrx_word' id='word_1_159' title='bbox 1268 2807 1270 2811; x_wconf 79' lang='grc'>,</span> 
     </span>
     <span class='ocr_line' id='line_1_24' title="bbox 118 2838 1188 2928; baseline 0.002 -19"><span class='ocrx_word' id='word_1_160' title='bbox 118 2843 274 2910; x_wconf 85' lang='lat' dir='ltr'>scelera</span> <span class='ocrx_word' id='word_1_161' title='bbox 306 2838 500 2922; x_wconf 89' lang='lat' dir='ltr'>principis</span> <span class='ocrx_word' id='word_1_162' title='bbox 537 2839 707 2912; x_wconf 69' lang='lat' dir='ltr'>orditum¹</span> <span class='ocrx_word' id='word_1_163' title='bbox 748 2859 869 2922; x_wconf 90' lang='lat' dir='ltr'>neque</span> <span class='ocrx_word' id='word_1_164' title='bbox 906 2845 1065 2909; x_wconf 85' lang='lat' dir='ltr'>senatui</span> <span class='ocrx_word' id='word_1_165' title='bbox 1098 2845 1188 2928; x_wconf 90' lang='lat' dir='ltr'>quid</span> 
     </span>
     <span class='ocr_line' id='line_1_25' title="bbox 117 2943 1187 3036; baseline -0.002 -20"><span class='ocrx_word' id='word_1_166' title='bbox 117 2967 289 3016; x_wconf 88' lang='lat' dir='ltr'>manere.</span> <span class='ocrx_word' id='word_1_167' title='bbox 335 2943 408 3010; x_wconf 82' lang='lat' dir='ltr'>Sed</span> <span class='ocrx_word' id='word_1_168' title='bbox 431 2943 622 3026; x_wconf 89' lang='lat' dir='ltr'>provisum</span> <span class='ocrx_word' id='word_1_169' title='bbox 646 2945 705 3009; x_wconf 86' lang='lat' dir='ltr'>oet.</span> <span class='ocrx_word' id='word_1_170' title='bbox 737 3015 739 3020; x_wconf 21' lang='lat'><strong>¹</strong></span> <span class='ocrx_word' id='word_1_171' title='bbox 763 2946 869 3029; x_wconf 91' lang='lat' dir='ltr'>Neque</span> <span class='ocrx_word' id='word_1_172' title='bbox 898 2947 1066 3032; x_wconf 75' lang='lat' dir='ltr'>Epicharis</span> <span class='ocrx_word' id='word_1_173' title='bbox 1094 2951 1187 3036; x_wconf 79' lang='lat' dir='ltr'>ploro</span> 
     </span>
     <span class='ocr_line' id='line_1_26' title="bbox 116 3048 1187 3137; baseline 0.003 -18"><span class='ocrx_word' id='word_1_174' title='bbox 116 3055 255 3134; x_wconf 90' lang='lat' dir='ltr'>sicsine</span> <span class='ocrx_word' id='word_1_175' title='bbox 288 3053 379 3116; x_wconf 87' lang='lat' dir='ltr'>uerbo</span> <span class='ocrx_word' id='word_1_176' title='bbox 406 3052 487 3114; x_wconf 89' lang='lat' dir='ltr'>recte</span> <span class='ocrx_word' id='word_1_177' title='bbox 516 3048 625 3113; x_wconf 87' lang='lat' dir='ltr'>dicitur</span> <span class='ocrx_word' id='word_1_178' title='bbox 658 3053 841 3132; x_wconf 85' lang='lat' dir='ltr'>(praesertim</span> <span class='ocrx_word' id='word_1_179' title='bbox 875 3058 1018 3137; x_wconf 85' lang='lat' dir='ltr'>sequente</span> <span class='ocrx_word' id='word_1_180' title='bbox 1050 3060 1089 3121; x_wconf 90' lang='lat' dir='ltr'>et</span> <span class='ocrx_word' id='word_1_181' title='bbox 1110 3078 1187 3123; x_wconf 92' lang='lat' dir='ltr'>om-</span> 
     </span>
     <span class='ocr_line' id='line_1_27' title="bbox 115 3153 1186 3247; baseline 0.003 -21"><span class='ocrx_word' id='word_1_182' title='bbox 115 3162 183 3225; x_wconf 90' lang='lat' dir='ltr'>nia</span> <span class='ocrx_word' id='word_1_183' title='bbox 214 3163 309 3240; x_wconf 88' lang='lat' dir='ltr'>atque</span> <span class='ocrx_word' id='word_1_184' title='bbox 335 3160 374 3219; x_wconf 86' lang='lat' dir='ltr'>et</span> <span class='ocrx_word' id='word_1_185' title='bbox 501 3153 683 3237; x_wconf 84' lang='lat' dir='ltr'>orditur),</span> <span class='ocrx_word' id='word_1_186' title='bbox 720 3175 816 3241; x_wconf 85' lang='lat' dir='ltr'>nequo</span> <span class='ocrx_word' id='word_1_187' title='bbox 848 3162 1091 3242; x_wconf 79' lang='lat' dir='ltr'>comparativus,</span> <span class='ocrx_word' id='word_1_188' title='bbox 1128 3184 1186 3247; x_wconf 91' lang='lat' dir='ltr'>quo</span> 
     </span>
     <span class='ocr_line' id='line_1_28' title="bbox 114 3262 1186 3347; baseline 0.005 -16"><span class='ocrx_word' id='word_1_189' title='bbox 114 3265 282 3340; x_wconf 85' lang='lat' dir='ltr'>referatur,</span> <span class='ocrx_word' id='word_1_190' title='bbox 315 3262 419 3337; x_wconf 72' lang='lat' dir='ltr'>babet</span> <span class='ocrx_word' id='word_1_191' title='bbox 448 3279 546 3343; x_wconf 90' lang='lat' dir='ltr'>neque</span> <span class='ocrx_word' id='word_1_192' title='bbox 569 3262 667 3324; x_wconf 75' lang='lat' dir='ltr'>ordiri</span> <span class='ocrx_word' id='word_1_193' title='bbox 683 3264 835 3347; x_wconf 69' lang='lat' dir='ltr'>principis</span> <span class='ocrx_word' id='word_1_194' title='bbox 856 3264 967 3327; x_wconf 77' lang='lat' dir='ltr'>scelera</span> <span class='ocrx_word' id='word_1_195' title='bbox 990 3267 1027 3333; x_wconf 88' lang='lat' dir='ltr'>de</span> <span class='ocrx_word' id='word_1_196' title='bbox 1051 3288 1186 3335; x_wconf 89' lang='lat' dir='ltr'>comme-</span> 
     </span>
     <span class='ocr_line' id='line_1_29' title="bbox 114 3353 1183 3450; baseline 0.002 -12"><span class='ocrx_word' id='word_1_197' title='bbox 114 3369 276 3438; x_wconf 88' lang='lat' dir='ltr'>morandis</span> <span class='ocrx_word' id='word_1_198' title='bbox 300 3367 412 3431; x_wconf 89' lang='lat' dir='ltr'>usitate</span> <span class='ocrx_word' id='word_1_199' title='bbox 434 3353 565 3448; x_wconf 79' lang='lat' dir='ltr'>poinitur.</span> <span class='ocrx_word' id='word_1_200' title='bbox 623 3368 658 3431; x_wconf 94' lang='lat' dir='ltr'>ln</span> <span class='ocrx_word' id='word_1_201' title='bbox 691 3367 807 3450; x_wconf 89' lang='lat' dir='ltr'>plura</span> <span class='ocrx_word' id='word_1_202' title='bbox 840 3371 880 3434; x_wconf 87' lang='lat' dir='ltr'>et</span> <span class='ocrx_word' id='word_1_203' title='bbox 901 3371 978 3436; x_wconf 87' lang='lat' dir='ltr'>latet</span> <span class='ocrx_word' id='word_1_204' title='bbox 999 3373 1183 3440; x_wconf 87' lang='lat' dir='ltr'>infinitivus:</span> 
     </span>
     <span class='ocr_line' id='line_1_30' title="bbox 113 3471 1184 3560; baseline 0.007 -22"><span class='ocrx_word' id='word_1_205' title='bbox 113 3479 218 3560; x_wconf 82' lang='lat' dir='ltr'>Ergo</span> <span class='ocrx_word' id='word_1_206' title='bbox 259 3473 322 3554; x_wconf 81' lang='lat' dir='ltr'>Ep.</span> <span class='ocrx_word' id='word_1_207' title='bbox 367 3471 569 3555; x_wconf 80' lang='lat' dir='ltr'>deplorare</span> <span class='ocrx_word' id='word_1_208' title='bbox 602 3477 882 3554; x_wconf 73' lang='lat' dir='ltr'>(enumeraret)</span> <span class='ocrx_word' id='word_1_209' title='bbox 915 3480 1047 3544; x_wconf 91' lang='lat' dir='ltr'>omnia</span> <span class='ocrx_word' id='word_1_210' title='bbox 1093 3482 1184 3547; x_wconf 85' lang='lat' dir='ltr'>soal.</span> 
     </span>
     <span class='ocr_line' id='line_1_31' title="bbox 38 3572 1184 3666; baseline 0.003 -20"><span class='ocrx_word' id='word_1_211' title='bbox 38 3617 41 3622; x_wconf 93' lang='lat'><em>·</em></span> <span class='ocrx_word' id='word_1_212' title='bbox 114 3583 240 3666; x_wconf 88' lang='lat' dir='ltr'>princ.</span> <span class='ocrx_word' id='word_1_213' title='bbox 257 3577 432 3643; x_wconf 88' lang='lat' dir='ltr'>orditur.</span> <span class='ocrx_word' id='word_1_214' title='bbox 476 3577 593 3642; x_wconf 90' lang='lat' dir='ltr'>Deinde</span> <span class='ocrx_word' id='word_1_215' title='bbox 616 3577 654 3640; x_wconf 89' lang='lat' dir='ltr'>ad</span> <span class='ocrx_word' id='word_1_216' title='bbox 677 3578 817 3643; x_wconf 88' lang='lat' dir='ltr'>lacunam</span> <span class='ocrx_word' id='word_1_217' title='bbox 834 3572 1021 3665; x_wconf 75' lang='lat' dir='ltr'>&#39;explendam</span> <span class='ocrx_word' id='word_1_218' title='bbox 1045 3585 1184 3650; x_wconf 86' lang='lat' dir='ltr'>sufficere</span> 
     </span>
     <span class='ocr_line' id='line_1_32' title="bbox 113 3682 1183 3772; baseline 0.002 -20"><span class='ocrx_word' id='word_1_219' title='bbox 113 3691 190 3772; x_wconf 90' lang='lat' dir='ltr'>puto</span> <span class='ocrx_word' id='word_1_220' title='bbox 226 3703 394 3766; x_wconf 75' lang='lat' dir='ltr'>verumque</span> <span class='ocrx_word' id='word_1_221' title='bbox 430 3701 515 3747; x_wconf 86' lang='lat' dir='ltr'>esse:</span> <span class='ocrx_word' id='word_1_222' title='bbox 562 3682 891 3770; x_wconf 80' lang='lat' dir='ltr'>[Nequepopulo]</span> <span class='ocrx_word' id='word_1_223' title='bbox 920 3707 1042 3770; x_wconf 87' lang='lat' dir='ltr'>noque</span> <span class='ocrx_word' id='word_1_224' title='bbox 1072 3708 1183 3754; x_wconf 87' lang='lat' dir='ltr'>sena·</span> 
     </span>
     <span class='ocr_line' id='line_1_33' title="bbox 112 3789 793 3876; baseline -0.01 -17"><span class='ocrx_word' id='word_1_225' title='bbox 112 3793 172 3859; x_wconf 90' lang='lat' dir='ltr'>tui</span> <span class='ocrx_word' id='word_1_226' title='bbox 197 3789 407 3876; x_wconf 80' lang='lat' dir='ltr'>quicquum</span> <span class='ocrx_word' id='word_1_227' title='bbox 429 3807 591 3852; x_wconf 89' lang='lat' dir='ltr'>manere.</span> <span class='ocrx_word' id='word_1_228' title='bbox 791 3865 793 3872; x_wconf 15' lang='grc' dir='ltr'><em>Α</em></span> 
     </span>
    </p>

    <p class='ocr_par' dir='ltr' id='par_1_6' title="bbox 50 3892 1182 4090">
     <span class='ocr_line' id='line_1_34' title="bbox 219 3892 1182 3971; baseline 0.006 -13"><span class='ocrx_word' id='word_1_229' title='bbox 219 3894 289 3960; x_wconf 82' lang='lat' dir='ltr'>Lib.</span> <span class='ocrx_word' id='word_1_230' title='bbox 312 3892 396 3971; x_wconf 80' lang='lat' dir='ltr'>XVI,</span> <span class='ocrx_word' id='word_1_231' title='bbox 431 3895 471 3957; x_wconf 89' lang='lat'>1:</span> <span class='ocrx_word' id='word_1_232' title='bbox 496 3892 687 3964; x_wconf 78' lang='lat' dir='ltr'>Ceterum,</span> <span class='ocrx_word' id='word_1_233' title='bbox 713 3895 754 3958; x_wconf 94' lang='lat' dir='ltr'>ut</span> <span class='ocrx_word' id='word_1_234' title='bbox 776 3898 1003 3964; x_wconf 87' lang='lat' dir='ltr'>coniectura</span> <span class='ocrx_word' id='word_1_235' title='bbox 1025 3899 1182 3964; x_wconf 88' lang='lat' dir='ltr'>demon·</span> 
     </span>
     <span class='ocr_line' id='line_1_35' title="bbox 50 3998 1182 4090; baseline 0.002 -21"><span class='ocrx_word' id='word_1_236' title='bbox 50 4085 52 4090; x_wconf 17' lang='grc' dir='ltr'>ι</span> <span class='ocrx_word' id='word_1_237' title='bbox 114 4004 236 4076; x_wconf 84' lang='lat' dir='ltr'>strat,</span> <span class='ocrx_word' id='word_1_238' title='bbox 271 3998 367 4064; x_wconf 89' lang='lat' dir='ltr'>Dido</span> <span class='ocrx_word' id='word_1_239' title='bbox 389 4000 626 4064; x_wconf 79' lang='lat' dir='ltr'>Phoenissam</span> <span class='ocrx_word' id='word_1_240' title='bbox 739 4000 832 4067; x_wconf 88' lang='lat' dir='ltr'>illas</span> <span class='ocrx_word' id='word_1_241' title='bbox 855 4021 944 4087; x_wconf 89' lang='lat' dir='ltr'>opes</span> <span class='ocrx_word' id='word_1_242' title='bbox 967 4004 1182 4071; x_wconf 88' lang='lat' dir='ltr'>abdidisse.</span> 
     </span>
    </p>

    <p class='ocr_par' dir='ltr' id='par_1_7' title="bbox 83 4099 1207 4190">
     <span class='ocr_line' id='line_1_36' title="bbox 83 4099 1207 4190; baseline 0.009 -26"><span class='ocrx_word' id='word_1_243' title='bbox 83 4157 85 4164; x_wconf 93' lang='lat'><em>.</em></span> <span class='ocrx_word' id='word_1_244' title='bbox 112 4105 312 4190; x_wconf 87' lang='lat' dir='ltr'>Simpliciter</span> <span class='ocrx_word' id='word_1_245' title='bbox 336 4101 504 4170; x_wconf 89' lang='lat' dir='ltr'>tollendum</span> <span class='ocrx_word' id='word_1_246' title='bbox 527 4104 575 4170; x_wconf 89' lang='lat' dir='ltr'>ut.</span> <span class='ocrx_word' id='word_1_247' title='bbox 627 4105 769 4189; x_wconf 81' lang='lat' dir='ltr'>Exposita</span> <span class='ocrx_word' id='word_1_248' title='bbox 790 4107 914 4174; x_wconf 85' lang='lat' dir='ltr'>invento</span> <span class='ocrx_word' id='word_1_249' title='bbox 934 4108 1182 4176; x_wconf 77' lang='lat' dir='ltr'>Oaesellins&#39;con&#39;·</span> <span class='ocrx_word' id='word_1_250' title='bbox 1205 4099 1207 4102; x_wconf 57' lang='grc'>’</span> 
     </span>
    </p>
   </div>
   <div class='ocr_carea' id='block_1_3' title="bbox 0 0 1482 4648">
    <p class='ocr_par' dir='ltr' id='par_1_8' title="bbox 0 0 1482 4648">
     <span class='ocr_line' id='line_1_37' title="bbox 0 0 1482 4648; baseline 0 4"><span class='ocrx_word' id='word_1_251' title='bbox 0 0 1482 4648; x_wconf 95' lang='lat' dir='ltr'> </span> 
     </span>
    </p>
   </div>
  </div>
 </body>
</html>
