2918 4636
303 267 345 332 m
663 230 931 336 mmmm

260 467 364 532 lentur
384 469 493 534 cantm
514 469 657 550 artesque
677 483 854 551 magorum
898 465 926 530 si
955 465 1022 548 quis
1051 469 1171 542 entem,
1204 464 1325 532 sublato

260 574 329 657 post
350 595 511 657 meyerum
533 575 696 650 commate,
718 580 1029 656 cantusqueartesquc
1050 570 1240 636 accusativos
1256 588 1323 636 osse
1417 589 1419 594 ·

260 678 336 746 velit
369 681 401 745 et
433 679 472 744 ab
503 678 628 742 tutum
662 678 794 762 pendere
839 677 1038 761 (quamquam
1070 676 1103 742 id
1139 677 1205 741 fieri
1240 676 1324 742 nullo

259 789 347 871 paeto
366 787 478 869 potest,
499 786 571 869 quia
592 785 764 850 necessario
785 784 818 848 in
841 804 967 868 qusque
987 783 1114 848 demum
1136 783 1175 848 ad
1197 782 1341 872 ulterius¹

259 892 323 957 deae
344 893 530 956 mentionem
552 889 730 974 transitur),
766 889 844 956 nibil
872 890 914 956 sit
944 891 1051 956 cantus
1082 909 1243 976 magorum
1275 890 1323 954 in-

258 1002 376 1066 struere
397 998 508 1072 herbis,
541 998 784 1081 perversiusque,
816 998 843 1062 si
867 995 933 1062 fieri
954 997 1066 1078 potest,
1102 997 1323 1080 coniungantur
1398 1078 1401 1086 μ

259 1115 364 1168 cantus
396 1113 533 1188 artesque
564 1125 727 1188 nsaanum
757 1123 931 1187 maqosque.
986 1101 1054 1168 Una
1076 1101 1181 1172 littera
1203 1106 1323 1170 mutata

257 1212 443 1278 sententiam
464 1211 608 1276 restituet
631 1217 663 1274 et
687 1209 870 1274 orationem:

657 1335 724 1398 quae
746 1315 853 1398 ceptis
878 1315 1001 1382 conscia
1025 1316 1139 1382 nostris

407 1423 600 1506 adiutrixque
622 1423 707 1488 venis·
730 1430 895 1506 cautasque
911 1421 1045 1506 artisque
1066 1439 1237 1506 magorum.

356 1529 427 1608 vll,
450 1529 515 1620 223Ι
533 1528 583 1604 (de
605 1528 746 1605 Medeat:

716 1636 912 1718 subiectaque
934 1633 1083 1700 Thessala
1104 1635 1221 1718 Tempe

439 1741 568 1826 despicit
588 1743 620 1806 et
641 1729 734 1808 cretis
756 1739 835 1820 (cod.
857 1742 991 1825 optimus
1014 1747 1119 1819 mater)
1146 1741 1320 1825 regionibus
1342 1748 1345 1754 '

284 1911 285 1914 ,
939 1848 1073 1930 applicat
1094 1865 1219 1931 angues.

254 1953 350 2018 Recte
371 1953 434 2018 ism
456 1953 487 2018 in
509 1954 625 2037 aliquot
645 1952 801 2019 codicibus
826 1954 975 2035 scriptum
1003 1959 1067 2020 est:

594 2063 628 2126 et
650 2061 737 2124 coreb
758 2061 930 2144 regionibns
952 2061 1088 2142 applicat
1108 2079 1235 2145 angues.

253 2161 323 2230 Non
355 2165 473 2230 incerta
504 2165 615 2234 Medea
647 2169 787 2252 vagatur,
820 2165 874 2232 sed
896 2184 948 2232 eas
970 2167 1110 2252 regiones
1135 2169 1223 2250 petit,
1256 2171 1318 2248 nbi,

255 2289 322 2353 quae
343 2289 419 2354 opus
441 2271 514 2350 siut,
536 2291 569 2338 se
591 2275 781 2356 reperturam
804 2274 862 2340 seit
872 2275 907 2357 1).
1101 2315 1106 2328 -

353 2377 413 2454 (De
435 2378 504 2454 v11,
527 2377 587 2442 275
609 2399 675 2464 sqq.
698 2381 816 2446 dictum
838 2384 886 2446 est
907 2380 966 2446 vol.
988 2381 1004 2444 Ι
1026 2399 1057 2462 p.
1083 2380 1145 2458 79.)

352 2483 422 2562 vll,
456 2484 517 2548 509
539 2505 605 2570 sqq.
639 2487 681 2564 (in
699 2486 791 2552 AEcci
823 2487 959 2552 cretione
980 2487 1221 2553 Atheniensibus
1243 2503 1319 2554 auu·

252 2589 339 2656 ilium
361 2592 546 2674 pollicentis)
568 2595 599 2658 in
620 2593 708 2658 bonis
729 2592 886 2660 codicibus
907 2594 952 2660 sic
974 2594 1133 2660 scribitur:

402 2699 468 2764 Nee
490 2698 580 2765 dubie
603 2700 691 2775 vires,
715 2717 790 2781 ques
812 2699 878 2766 bae
899 2701 995 2768 habet
1013 2701 1125 2792 insuta,
1147 2700 1265 2766 vestras

401 2803 556 2870 ducitset
577 2805 768 2888 omnisque
791 2825 893 2872 rernm
938 2806 999 2882 (bh
1033 2807 1073 2872 b:
1107 2806 1317 2870 euomuisse

297 2903 299 2908 ’
670 2918 786 2989 neunt)
811 2912 911 2978 status
933 2913 993 2978 iste
1016 2929 1167 2990 mearum,

400 3012 506 3081 rebem
527 3035 584 3082 non
607 3017 734 3093 desunt3
759 3021 884 3100 superat
906 3017 983 3084 mibi
1005 3019 1094 3084 miles
1118 3021 1150 3082 et
1172 3018 1252 3084 hosti

399 3123 499 3205 gratia
521 3122 578 3201 dis,
603 3123 675 3188 felix
698 3125 730 3188 et·
750 3124 958 3190 inexcusabile
980 3128 1114 3208 tempus.
1193 3181 1196 3188 ,

250 3227 357 3292 Priora
379 3222 549 3294 Gronovius
570 3239 640 3294 bere
662 3230 853 3295 emendavitx
880 3263 882 3268 ·

329 3353 330 3358 ¹
398 3335 508 3411 ducite,
548 3338 580 3401 et
602 3341 644 3414 (o,
675 3346 798 3398 brancas
821 3355 921 3402 rerum
944 3339 1042 3403 status
1064 3338 1123 3404 iste
1146 3341 1313 3416 mearumt)

398 3443 507 3507 robora
529 3462 589 3508 non
613 3442 739 3518 deserum

249 3663 448 3672 ———-—.-
491 3663 493 3670 t

279 3811 300 3879 ¹)
318 3811 351 3865 In
369 3811 462 3868 multis
480 3830 511 3868 er
529 3815 564 3868 iis
582 3815 656 3880 locis,
676 3831 742 3884 quos
760 3813 908 3878 emendavi,
929 3828 1024 3882 pravas
1037 3809 1161 3867 Merkelii
1180 3814 1313 3870 coniectu·
1374 3833 1377 3842 ·

216 3959 219 3964 .
317 3921 361 3960 ηε
387 3921 591 3961 commemorare
617 3911 751 3977 poteram
783 3907 833 3961 boc
861 3907 918 3961 lece
946 3905 1017 3974 quod
1050 3897 1152 3959 Threces
1178 3911 1312 3976 reqionous

317 3999 421 4068 posuit,
450 4015 509 4068 qna
528 4002 678 4068 sequnntur
702 3999 834 4054 montium
860 3997 1055 4068 fluviorumque
1074 4000 1195 4067 nomina,
1223 4003 1311 4057 omnia

317 4090 352 4145 ad
370 4089 537 4146 Thessaliam
554 4094 719 4162 pertinent
