3000 4638
345 261 407 326 356
700 263 963 334 rruuuupm

405 464 472 530 Ibd
498 461 550 538 18,
573 465 607 528 1:
647 465 872 529 Intraturus
899 481 940 526 ee
962 463 1098 528 urbem
1119 462 1178 530 dis
1199 465 1368 532 hemini-

302 571 447 652 busque
469 585 719 644 communem,
740 568 867 634 omnin
888 569 1133 652 complerem,
1167 571 1287 636 eertis
1310 571 1367 638 le·

301 677 419 762 gibus
440 676 674 758 aternisque
707 674 939 750 derinotem,
971 675 1234 760 indefatigata
1254 677 1367 744 unle-

302 784 421 848 stinm
458 780 593 846 officie
625 780 857 846 volventem.
915 780 984 846 Nou
1022 785 1088 846 tem
1118 785 1202 847 recte
1236 782 1365 852 nrberu

301 887 462 971 legibus
493 885 709 951 devinctum
738 886 800 950 diei
835 904 928 969 quem
961 886 1092 952 omnin
1127 887 1365 970 complerem

302 994 423 1059 nertin
451 991 604 1075 legibus
720 993 912 1066 devincta,
947 992 980 1056 iu
1001 992 1125 1070 iisdem,
1161 1011 1238 1077 quus
1270 1014 1363 1078 snprn

301 1097 380 1173 dixi,
423 1098 702 1171 exercitationibus,
736 1098 956 1164 nuimndrertit
989 1097 1162 1164 Geertzius.
1215 1101 1253 1164 In
1283 1099 1304 1186 ᾖ
1343 1102 1363 1164 2

301 1205 364 1269 ism
408 1202 470 1270 rol.
513 1203 535 1266 Ι·
569 1225 599 1287 p.
642 1203 705 1265 497
745 1204 876 1269 breviter
919 1204 982 1270 dixi
1029 1203 1227 1269 scribendum
1278 1225 1364 1272 esse:

299 1309 457 1376 Videbis
488 1308 575 1374 illie
604 1308 916 1374 innumerabiles
946 1311 1091 1376 stelles
1120 1310 1279 1387 minum
1306 1313 1365 1374 ni·

301 1416 406 1480 dubie
437 1417 481 1494 (A
509 1414 651 1482 stelles
680 1413 813 1480 ridere
834 1415 1014 1500 minabis)
1042 1433 1114 1480 uno
1136 1415 1266 1480 sidere
1288 1427 1364 1482 orn·

300 1522 367 1587 nie
399 1521 570 1604 impleri,
604 1520 727 1585 solem
759 1523 828 1594 oet,
861 1539 920 1586 neo
960 1523 1048 1586 muto
1079 1521 1268 1586 sententium
1298 1522 1365 1588 risa

299 1627 429 1709 Hnuptii
450 1627 478 1706 (I
499 1647 529 1708 p.
552 1626 587 1708 5)
608 1626 793 1701 eonieetnru,
824 1626 888 1709 qui,
909 1626 945 1690 nt
970 1625 1087 1710 opinor,
1108 1627 1174 1690 iam
1197 1644 1254 1692 nee
1275 1627 1364 1694 verbo

300 1733 444 1798 micare
476 1749 580 1798 oerere
611 1732 696 1797 volet
728 1736 761 1797 et
792 1731 825 1796 in
851 1751 908 1797 sun
940 1732 1121 1797 oonieetnre'
1147 1748 1210 1796 nou
1239 1751 1363 1814 prorsum

299 1841 418 1904 rentum
439 1855 507 1903 esse
528 1838 691 1903 verborum
712 1837 850 1902 ordinem
871 1838 1034 1912 concedet,
1068 1856 1125 1902 nee
1154 1837 1364 1904 miraberis

299 1945 357 2010 hoo
376 1945 443 2010 loeo
463 1943 546 2008 inter
576 1943 639 2008 trin
666 1942 816 2008 videbis
836 1942 1102 2027 interponendum,
1133 1943 1214 2027 qnod
1246 1947 1363 2026 postes,

299 2050 389 2125 finite
420 2049 480 2114 hee
511 2048 625 2132 figure,
657 2051 743 2114 reete
772 2048 979 2131 subdinitnr.¹)
1030 2049 1206 2132 Sequuntur
1233 2048 1255 2135 ξ
1282 2050 1301 2111 5
1331 2051 1364 2116 in

301 2154 533 2222 enumeratione
554 2171 669 2230 eorum,
693 2172 762 2236 qute
775 2156 875 2218 terres
887 2154 1079 2237 despeetnuti
1088 2156 1260 2231 menmnut,
1281 2155 1362 2222 haee:

299 2259 483 2326 notiones
509 2305 545 2325 ..
565 2305 591 2336 .,
613 2277 773 2342 quarum
795 2260 880 2326 elie
907 2259 1005 2324 sein
1030 2263 1185 2326 ereetos
1207 2261 1366 2326 subtre-

299 2366 397 2430 hnnt
426 2367 588 2439 mentes,
623 2364 708 2430 eliae
737 2365 849 2447 ripis,
881 2366 982 2439 luen,
1014 2365 1191 2432 vallibus
1220 2365 1368 2450 pavidus
1468 2373 1469 2400 ¹

299 2470 680 2545 circumfunduntur,
713 2472 746 2536 iu
778 2471 888 2552 quibus
925 2473 1053 2553 apparet
1078 2472 1175 2556 ripis
1205 2473 1368 2556 ceteroque
1467 2479 1468 2495 ¹

298 2577 421 2644 datium
450 2595 537 2653 esse;
564 2594 638 2640 num
669 2577 744 2658 ripis
772 2575 1058 2642 ouonmmnduntur
1089 2577 1194 2660 populi
1215 2577 1254 2642 iis
1276 2595 1366 2644 euco-

296 2685 413 2759 lentes,
446 2681 631 2750 oneumduri
653 2681 729 2763 ripis
752 2681 898 2758 (sundro
921 2684 1008 2759 ouen)
1042 2701 1101 2747 uon
1130 2685 1274 2766 pessunt:
1311 2683 1365 2748 sed
1464 2709 1465 2712 ¹

300 2789 473 2856 eertimime
493 2790 670 2872 corruptum
694 2789 743 2853 est
762 2787 865 2866 luen,
900 2788 1046 2871 quonism
1070 2788 1235 2872 singularis
1257 2807 1366 2854 uume-
1463 2825 1464 2830 κ

298 2993 496 3004 ι--η--υ

369 3138 517 3212 proesertim
535 3137 634 3191 flumen
655 3137 825 3207 peregrinum
843 3136 896 3206 ipsi
914 3137 985 3191 fonti
1003 3139 1300 3208 contrerinmponetur,
1318 3156 1365 3195 ne-

369 3249 421 3304 qne
435 3229 749 3295 interrieflnmem
770 3229 828 3284 eod.
841 3229 1087 3285 Ahnbetsireiu
1105 3231 1216 3300 ipsum
1234 3232 1363 3297 terris).

369 3327 466 3380 Potest
494 3321 577 3377 fuine
612 3326 811 3390 interceptum
840 3322 954 3378 terris.
1003 3325 1141 3389 (Imminere
1168 3327 1238 3378 orris
1267 3327 1363 3392 stenen

368 3417 443 3472 alind
460 3419 523 3483 est.)
558 3421 573 3482 ξ
591 3420 608 3471 4
627 3418 698 3472 reete
715 3415 863 3470 Pinoinnue
889 3419 918 3470 et
939 3417 1023 3472 ueteri
1047 3419 1155 3486 (preter
1173 3415 1250 3469 nior.
1269 3419 1298 3468 et
1316 3415 1362 3484 Η)

368 3508 589 3579 tepidissime
614 3508 776 3572 hiberus,
801 3524 854 3562 nou
872 3507 1111 3578 lepidissime,
1138 3513 1154 3574 ἓ
1172 3514 1190 3568 5
1207 3507 1317 3576 Lipsius
1335 3511 1363 3561 et

368 3602 417 3656 elii
434 3604 628 3670 corrumpet
646 3617 694 3670 pro
712 3601 911 3670 corrumpit.

327 3695 349 3762 ¹)
368 3698 383 3758 ς
404 3695 421 3749 3
443 3697 513 3748 reete
533 3692 666 3749 editiones
691 3693 755 3748 iude
778 3709 794 3746 u
818 3693 924 3748 Mureto
950 3695 1012 3748 oute
1037 3691 1192 3746 Fiekertnm
1216 3692 1363 3748 collecte

367 3786 548 3855 (oonleotn)
579 3785 715 3850 nubile»,
746 3801 800 3840 nou
829 3785 998 3840 coniecta.
1053 3785 1238 3854 §doptimn
1267 3786 1361 3840 Heusii

367 3879 530 3943 couieetnre,
561 3878 634 3934 eliu
651 3877 759 3932 forme
776 3893 889 3934 rernm
908 3892 955 3946 pro
985 3876 1057 3930 eliu
1081 3876 1219 3932 fortune
1246 3893 1361 3932 rerum

366 3972 522 4034 scribentis,
541 3971 682 4026 ediuretnr
700 3986 745 4035 eo,
761 3970 833 4040 quod
850 3970 885 4024 de·
910 3967 1008 4024 brevit.
1030 3968 1080 4024 rit.
1106 3971 1132 4034 2,
1158 3969 1221 4026 uin
1248 3972 1272 4026 A
1291 3972 1320 4024 et
1338 3970 1361 4024 B

319 4099 323 4106 ·
366 4065 479 4121 formu
496 4080 545 4134 pro
563 4063 705 4120 fortune
724 4063 860 4120 seribitnr.
