2956 4648
308 285 369 348 496
671 283 944 356 Libvllldaplv.

267 484 471 567 postquam
492 483 718 564 sapientem
752 483 928 548 invenire
950 483 1113 548 doctiora
1144 487 1332 564 πέφηνε.)

267 590 429 656 Postremo
465 587 545 672 §39
567 587 598 652 in
620 587 657 665 Β,
685 607 704 652 a
735 607 794 671 quo
825 589 875 654 vix
896 591 1002 672 putem
1026 589 1188 658 dissentire
1209 593 1253 668 A,
1287 593 1332 659 sic

268 696 428 762 scribitur:
473 694 582 759 Licet
623 693 760 776 itaque
793 713 892 759 nunc
931 712 1155 772 concurrere
1184 683 1332 780 'parare

268 798 573 885 quodperdidit;
611 797 710 862 licet
741 818 852 882 agros
885 801 989 884 agris
1011 800 1197 875 adiiciat,
1233 803 1332 869 vici·

267 926 355 971 num
389 904 449 969 rel
484 905 615 987 pretio
642 904 793 986 pellens
816 905 856 981 (Β
885 905 1063 988 pelleris)
1095 907 1156 972 vel
1175 907 1332 990 iniuria,

268 1011 397 1078 Addunt
418 1011 519 1076 velit
555 1008 701 1092 (itaqua
734 1010 833 1076 velit
855 1017 982 1089 nunc);
1016 1009 1196 1093 sedparum
1225 1013 1331 1094 aptum

267 1120 367 1184 licet
394 1117 510 1190 volit,
544 1115 682 1199 ineptum
706 1133 951 1193 concurrere,
972 1134 1030 1182 neo
1053 1116 1175 1181 omnino
1196 1117 1257 1182 nisi
1278 1118 1333 1183 nni

268 1224 419 1289 infinitivo
452 1223 536 1288 locns
573 1222 636 1298 est,
679 1239 756 1298 nec,
799 1221 889 1314 qnod¹
911 1221 975 1286 iam
1010 1219 1063 1286 alii
1094 1221 1254 1302 viderunt,
1294 1223 1332 1288 dc

268 1328 418 1413 parando,
441 1328 495 1393 sed
518 1327 557 1392 de
578 1327 758 1410 reparando,
780 1327 859 1410 quod
881 1327 1018 1409 perierit,
1035 1327 1144 1412 agitur.
1190 1327 1330 1393 Scriben-

269 1436 358 1501 dum:
392 1434 488 1499 licet
509 1434 645 1516 itaque
677 1451 776 1498 nunc
801 1441 906 1496 curet
929 1453 1123 1516 reparare.
1166 1433 1331 1518 Epreeos·

270 1541 354 1606 denti
377 1561 392 1602 o
414 1540 521 1604 natum
544 1558 619 1605 con.

369 1646 416 1710 De
438 1645 527 1728 epist.
551 1646 601 1722 91,
626 1645 662 1707 11
687 1642 753 1720 (10)
778 1641 839 1708 diri
860 1643 919 1708 rol.
943 1643 958 1705 Ι
978 1663 1008 1727 p.
1031 1641 1082 1718 33,
1104 1644 1229 1727 ignarus
1254 1647 1330 1721 tum,

194 1808 198 1833 ,
270 1754 449 1834 occupatam
472 1767 539 1816 esse
553 1749 592 1814 ab
614 1748 751 1830 Hauptio
774 1748 819 1826 (ΙΙ
830 1767 860 1829 p.
876 1748 928 1827 15)
944 1748 1201 1814 emendationem.
1246 1749 1332 1815 Idem

270 1857 364 1922 etiarn
401 1854 571 1938 proximum
604 1855 669 1933 (12)
702 1854 859 1937 praeripuit
890 1872 1035 1920 casurae
1068 1857 1159 1919 sunt
1189 1874 1243 1938 pro
1271 1873 1334 1920 ca·
1466 1883 1467 1904 r

263 1979 359 2028 sura
391 1960 562 2035 exstant3
597 1958 651 2024 sed
684 1959 715 2024 in
753 1959 860 2024 eadem
889 1959 1080 2044 paragrapho
1103 1959 1218 2043 aliquid
1246 1962 1333 2027 nobis

271 2067 404 2150 reliquit.
462 2061 545 2130 Nam
578 2064 610 2128 in
647 2063 734 2130 bonis
767 2064 920 2130 codicibus
954 2064 992 2140 (Β
1024 2065 1068 2143 Α)
1102 2067 1146 2130 sic
1175 2067 1332 2132 scribitur:

271 2172 411 2238 Omnes
433 2171 548 2250 (urbes)
571 2169 632 2234 bic
654 2171 783 2254 exitus
806 2173 956 2248 manat,
993 2171 1075 2237 sive
1099 2171 1255 2236 interna
1277 2171 1332 2236 vis

272 2276 479 2359 flatusque
522 2276 716 2358 praeclusa
751 2274 920 2342 violenti
953 2275 1118 2360 pondus,
1162 2277 1233 2343 sub
1264 2295 1333 2361 quo

271 2385 474 2456 tenentur,
510 2381 775 2458 excusserint,
814 2381 897 2446 sire
933 2382 1003 2458 cet,
1038 2382 1193 2465 Hauptius
1231 2386 1334 2448 antem

270 2489 316 2554 ita
338 2487 430 2552 scribi
450 2485 554 2552 iussit:
591 2488 674 2552 siro
704 2486 864 2574 interna
899 2487 957 2552 ris
989 2486 1118 2552 flatus
1138 2490 1334 2571 preclusa

270 2592 440 2659 violenti
455 2592 630 2674 pondus,
664 2593 733 2657 sub
755 2611 824 2676 quo
846 2594 1015 2670 tenetur,
1037 2596 1269 2669 excusserit,
1302 2595 1333 2658 in

271 2718 332 2783 qua
353 2699 504 2780 scriptura
519 2700 566 2776 (nt
579 2701 759 2780 praeteream
781 2698 929 2763 omissum
951 2717 1011 2764 uon
1032 2699 1231 2782 probabiliter
1252 2699 1334 2782 que)

270 2803 505 2870 intolerabiliter
534 2804 627 2870 verba
652 2803 756 2886 positu
784 2803 953 2870 miscentur
986 2803 1057 2880 (vis
1084 2803 1215 2870 flatus
1238 2824 1334 2888 pra-

271 2909 383 2974 clusa
404 2908 593 2994 violenti),
617 2926 672 2972 nec
700 2910 894 2991 praeclusa
927 2911 1009 2975 recte
1030 2929 1084 2992 pro
1105 2930 1151 2990 eo,
1183 2911 1266 2994 quod
1288 2911 1335 2977 ost

270 3013 443 3086 inclusa,
465 3014 599 3095 ponitur.
642 3014 720 3078 Dnae
741 3015 853 3080 litterae
875 3015 907 3078 in
929 3015 1065 3080 codicum
1088 3017 1239 3100 scriptura
1265 3035 1336 3081 mu·

273 3119 375 3184 tandae
397 3119 477 3193 sunt,
501 3118 666 3184 manifesta
687 3119 795 3184 erroris
818 3121 949 3204 origine:
985 3121 1067 3186 sive
1093 3121 1334 3187 interranis

271 3224 475 3307 flatusque
511 3209 711 3305 praeclusa
742 3225 803 3288 vic
834 3225 936 3286 tenti
965 3227 1132 3308 pondus,
1164 3226 1232 3292 sub
1264 3243 1334 3308 qno

272 3330 459 3394 tenantur
480 3330 538 3408 (ris
561 3331 593 3396 et
612 3331 730 3411 flatus),
753 3331 1009 3396 excusserint.
1049 3332 1220 3415 Aptissima
1243 3331 1334 3398 flatus

271 3435 322 3498 via
343 3437 375 3498 et
396 3434 479 3500 exitu
503 3436 649 3518 praecluso
675 3435 755 3500 tenti
777 3436 913 3514 (intenti)
935 3436 1096 3514 dicuntum
1130 3435 1277 3502 facillime
1299 3453 1336 3500 ex

270 3541 331 3606 via
352 3540 451 3606 tenti
472 3541 539 3608 fieri
561 3545 681 3626 poterat
704 3541 878 3607 violenti.

271 3713 471 3724 ——0—-1-

300 3810 321 3877 ¹)
340 3812 352 3876 5
372 3813 406 3867 33
425 3807 600 3865 revocandum
619 3808 668 3872 est,
687 3807 757 3876 quod
768 3805 1024 3877 Schweighaeuserns
1041 3823 1072 3862 ex
1082 3807 1223 3876 utriusque
1238 3806 1336 3876 optimi

340 3901 440 3957 codicis
458 3901 590 3969 scriptura
608 3900 681 3967 (hoc
704 3900 825 3966 utiles)
843 3899 939 3966 effecit,
962 3901 995 3954 in
1022 3899 1083 3954 boc
1100 3899 1215 3962 utilas,
1243 3901 1338 3954 centn

340 3993 441 4048 codices
476 3991 687 4056 restituendum,
729 3991 799 4061 quod
842 3990 986 4062 prudentes
1027 3991 1143 4046 editores
1181 3993 1335 4060 posuerant,

341 4085 492 4141 videmus
519 4100 566 4153 pro
591 4083 747 4138 vidimus.
895 4072 898 4077 ’
