2918 4636
604 226 736 282 lemm-
1099 227 1158 294 181

573 471 577 482 .
688 441 750 490 nen
771 426 853 492 ultre
874 430 986 494 ennete
1007 428 1119 494 euriuae

242 529 374 596 debebis
393 529 605 614 manibusque,
626 530 748 613 inopem
771 531 894 596 ducesve
913 534 1118 614 senectem1).

240 635 307 702 lid
336 635 402 715 (V),
436 635 495 698 771
526 635 571 718 (in
604 636 737 701 oratione
768 627 915 702 Corneliae
941 636 981 702 ad
1006 637 1200 723 Pompeium)

139 742 232 809 uerba
254 743 298 807 eie
319 739 564 825 inturpungeude
585 743 672 806 eunt:

746 843 861 911 Seeura
881 844 1002 914 ridetur

289 950 362 1017 Sors
383 949 450 1030 tibi,
472 969 542 1018 eum
564 951 659 1018 fauiae
681 951 776 1029 etiam
797 969 877 1016 nene
899 953 979 1028 vete,
1001 956 1141 1038 perisset>

237 1057 314 1122 Haee
336 1056 417 1122 enim
448 1056 602 1122 sententia
624 1057 686 1123 est:
719 1056 871 1122 Seeurnne
904 1075 968 1124 sere
990 1059 1047 1126 tibi
1069 1063 1198 1146 uidetur,

137 1181 204 1247 quae
226 1163 303 1230 mihi
325 1162 457 1228 neusse
480 1161 625 1245 obtinget
649 1163 675 1228 ei
697 1181 716 1228 a
736 1162 768 1229 te
789 1161 903 1242 einero,
926 1165 961 1228 ut
980 1162 1043 1230 iam
1065 1167 1097 1232 te
1119 1167 1199 1236 vieto

135 1268 291 1352 perierim,
324 1285 394 1332 enm
426 1267 534 1351 ignara
555 1264 652 1332 eludis
682 1269 744 1333 tuse
778 1266 874 1333 etiam
895 1285 977 1334 nune
998 1271 1072 1338 ueta
1092 1293 1146 1356 pre
1168 1277 1200 1342 te

134 1373 283 1440 faeiemi·
315 1373 362 1448 (In
385 1372 523 1457 generali
553 1371 706 1438 sententie
739 1372 872 1438 secunda
905 1391 1036 1456 persone
1056 1379 1141 1460 pouit
1179 1385 1199 1459 .)

134 1481 368 1548 Aberravemut
396 1477 555 1544 Bentleiue
577 1478 691 1544 etalii

238 1585 305 1652 Lib.
327 1585 380 1662 VI,
402 1584 478 1648 663:

288 1689 321 1756 Si
343 1709 414 1757 vere
436 1690 621 1776 Stygiosque
643 1690 727 1756 laeus
752 1688 912 1774 ripamque
934 1694 1093 1760 sonantem

286 1795 413 1880 ignibus
433 1796 605 1875 ostendam,
628 1796 655 1862 ei
676 1813 727 1862 me
747 1797 900 1878 presente
921 1797 1019 1864 videri

286 1901 473 1970 Eumenides
494 1903 612 1986 possint
635 1902 801 1984 uillosaque
822 1901 903 1968 neila
922 1903 1055 1970 delubris

288 2007 438 2076 Gerberm
461 2008 628 2087 enuntiem,
650 2009 710 2074 cet.

133 2113 205 2179 Nou
228 2113 331 2199 egitur
365 2114 402 2179 de
423 2113 588 2197 praeseutia
619 2117 718 2197 magae
747 2111 919 2192 Thessalae,
951 2110 1007 2180 sed
1028 2111 1084 2179 hee
1106 2113 1197 2180 dieit:

134 2218 183 2298 „si
219 2219 342 2286 effluere
363 2221 488 2304 passim,
511 2221 547 2286 ut
567 2218 752 2286 Eumenides
787 2217 947 2286 rideatis.“
998 2217 1198 2288 Seribendum

132 2325 244 2409 igitur:

292 2510 296 2518 Ι
684 2428 711 2494 si
734 2447 785 2494 me
802 2427 955 2513 prudente
975 2429 1073 2496 rideri

333 2535 518 2602 Eumenides
539 2533 669 2619 possint,

131 2642 190 2708 hoe
212 2643 271 2721 est,
306 2642 332 2708 ei
361 2641 509 2708 videndas
538 2640 673 2722 prebere
694 2639 820 2723 poesim.
880 2639 961 2720 Quid
982 2641 1197 2724 requireretur,

131 2746 422 2828 senseretGrotiue,
443 2746 499 2814 sed
520 2747 551 2812 in
575 2745 701 2812 verbum
724 2744 837 2812 litteris
855 2743 1001 2812 remotius
1022 2763 1080 2812 nee
1093 2745 1197 2831 ipsum

132 2854 241 2937 aptum
262 2852 380 2930 inuidit,
400 2859 570 2936 prestante.

232 2956 582 3038 fflffifflm

283 3059 353 3130 issiu
373 3061 498 3145 plebeia
518 3063 677 3129 eenteetus
699 3061 946 3150 easeideuultus

282 3169 467 3253 ignotusque
487 3167 569 3234 hesti
592 3167 671 3252 qued
692 3168 818 3248 sernum,
840 3167 946 3248 Brute,
967 3169 1118 3238 tenebas?

130 3273 200 3339 Heu
227 3272 385 3356 perinepte
417 3272 641 3358 interrogatum
678 3293 768 3340 suum
798 3273 880 3340 enim
910 3274 1048 3358 gladium
1082 3275 1196 3344 Brutus

129 3379 276 3455 tenebam
298 3377 458 3463 aptissime
481 3382 605 3446 eontra:

130 3611 330 3622 m

158 3749 180 3821 ¹)
200 3749 232 3818 V,
252 3749 304 3807 375
321 3766 376 3805 nen
395 3769 516 3815 revocare,
545 3747 592 3804 sed
609 3767 708 3802 evocare
726 3745 895 3804 scribendum
913 3749 997 3811 esset,
1026 3746 1080 3801 nisi
1099 3748 1195 3818 optimi

200 3842 310 3908 cedices,
348 3842 430 3900 etiam
467 3841 611 3912 rescriptus
639 3839 833 3911 Neapolitanus
869 3837 1014 3912 (Philolog.
1047 3839 1136 3897 xxvi
1167 3857 1194 3912 p.

203 3937 274 4008 177),
294 3939 392 3991 reddere
410 3935 551 4001 heberent,
570 3933 642 4005 quod
659 3932 854 4006 restituendum
872 3935 923 3989 eet.

962 4047 995 4098 9*
