2922 4702
551 290 583 348 L.
601 290 700 348 Sericos
717 293 751 350 de
768 294 818 350 irs.
1119 293 1180 361 391

156 488 375 554 irascamur
396 486 648 554 inimieorum
670 491 708 554 et
727 490 900 558 hostium
921 485 1083 575 liberis,
1114 495 1224 563 inter

156 593 332 660 Sullana
362 592 628 661 crudelitatis
662 598 838 680 exempla
866 599 941 676 cst,
975 601 1076 682 quod
1102 620 1222 684 arcp.

155 701 310 766 liberos
331 700 659 784 proscriptorum
682 703 892 770 submovit.
938 704 1006 769 Nou
1028 725 1142 774 norum
1164 707 1223 774 hoc

155 812 343 892 preceptum
363 805 527 884 inducitur,
560 806 615 872 sed
635 808 717 874 inter
739 809 852 887 cetera,
878 829 944 894 qnae
965 810 1062 877 lenire
1084 812 1222 877 animum

156 917 189 980 et
213 913 330 980 abhoc
358 913 408 978 vcl
429 911 482 977 illo
511 912 666 979 irascendi
691 933 801 998 genere
833 915 989 991 cohibere,
1020 915 1078 984 hoc
1102 937 1222 1003 quoqne

157 1020 293 1104 ponitur.
337 1020 397 1094 (Dc
430 1017 582 1084 brevitate
615 1018 746 1098 dicendi,
783 1040 850 1104 quae
880 1023 983 1105 potest
1008 1023 1053 1089 sic
1080 1023 1221 1090 dilatari:

156 1145 216 1206 „nc
236 1125 415 1200 irascamur,
437 1127 550 1202 monet,
572 1125 686 1209 quod“‚
708 1147 767 1192 non
788 1130 862 1211 puto
884 1127 1069 1205 dicendum.)

198 1229 202 1235 ’
254 1231 320 1296 lbd.
342 1231 393 1306 35,
417 1232 454 1295 1:
477 1250 550 1296 non
573 1231 791 1298 vitabimus
813 1233 988 1318 impetus
1010 1233 1130 1299 animi
1151 1235 1220 1300 hos

158 1339 242 1418 (hos
264 1337 412 1420 scriptum
436 1356 498 1404 sec.
530 1356 623 1403 manu
656 1356 748 1422 supra
777 1358 884 1406 vocem
914 1348 1048 1416 erascm)
1080 1360 1221 1425 graves

152 1445 317 1511 iuncrcs
341 1447 396 1521 (m.
418 1444 438 1507 2
459 1445 686 1521 funerosus)
705 1447 744 1511 et
765 1446 1086 1513 irrevocabiles?
1108 1446 1158 1512 Sic
1182 1448 1220 1512 A.

152 1551 261 1635 Neque
283 1550 417 1634 alioquin
441 1550 549 1632 aptum
571 1548 758 1616 adiectirum
781 1571 817 1618 ex
836 1552 1002 1617 fureres
1026 1552 1117 1618 facilc
1139 1551 1221 1618 effici

152 1658 258 1742 potest
290 1662 375 1734 (nam
407 1655 550 1722 funebres
578 1655 712 1740 impetus
742 1657 870 1723 ridicule
892 1657 1054 1735 dicuntur,
1077 1657 1220 1743 funestos

152 1763 246 1854 longe
265 1763 373 1839 distat)
395 1763 428 1828 ct
447 1779 543 1844 prave
563 1762 715 1846 copulatio
730 1763 775 1837 lit,
798 1762 977 1846 interposito
992 1763 1073 1828 inter
1084 1764 1217 1829 alterum

152 1869 185 1936 et
215 1869 342 1936 tertium
376 1869 552 1936 membrum
585 1870 635 1934 et.
687 1868 819 1936 Omnino
853 1868 968 1934 funeris
1007 1869 1109 1951 (unius
1138 1889 1219 1954 prae-

153 1976 275 2056 sertim)
285 1975 368 2042 notio
385 1974 486 2040 aliena
500 1977 557 2047 est,
579 1975 722 2059 quoniam
744 1977 791 2041 ira
812 1993 871 2040 non
894 1993 1017 2058 semper
1036 1975 1218 2060 sanguinem
1358 2011 1361 2018 .

151 2083 241 2168 petit
285 2081 416 2149 Subesse
438 2079 615 2147 dubitanter
635 2082 788 2165 suspicor:
808 2082 983 2165 impetus
1006 2082 1128 2152 animi
1147 2081 1220 2147 hos

152 2207 297 2274 graues
311 2188 467 2273 funere
489 2187 626 2271 (damno)
648 2189 688 2253 et
708 2187 1027 2256 irrevocabiles.

252 2295 319 2360 lbd.
342 2293 391 2368 36,
415 2291 451 2358 3:
490 2293 660 2376 Speculo
685 2294 844 2378 quidem
866 2294 1064 2359 nemiuem
1088 2293 1220 2360 deter-

149 2401 273 2467 ritum
295 2400 340 2465 ab
358 2401 418 2465 ira
439 2399 584 2466 credis.
618 2401 648 2465 Δ
671 2402 817 2467 credis.
841 2399 1219 2484 Significaturcredidc-

149 2507 234 2586 ric,
257 2505 337 2592 quod
362 2506 515 2572 sententia
535 2507 682 2588 postulat.
739 2507 818 2584 (Hoc
838 2506 998 2572 libmrium
1020 2505 1218 2586 voluissem

149 2615 288 2680 mentem
310 2614 438 2678 venerat
459 2612 538 2678 Italo
560 2612 673 2678 codicis
696 2613 860 2693 collatori.)

250 2718 317 2788 Lib.
339 2719 402 2794 111,
434 2718 470 2794 2,
502 2718 521 2780 2
544 2718 706 2784 emendari
727 2719 767 2784 ad
790 2718 852 2784 Cic.
873 2719 928 2784 fin.
950 2719 1008 2793 ΙΙΙ,
1031 2717 1072 2778 74
1093 2737 1122 2801 p.
1145 2715 1217 2816 573,

149 2825 251 2892 deleto
274 2843 358 2890 non.
413 2824 486 2903 (Gir.
508 2844 533 2892 c.
558 2825 613 2900 13,
646 2823 668 2886 4
690 2823 829 2890 additum
862 2843 930 2891 nos
961 2825 1033 2909 post
1053 2825 1218 2900 contra)

150 2931 268 2998 Eodem
301 2930 402 3014 capite
429 2930 490 3015 §4
519 2930 637 2997 editur:
689 2931 798 2997 Totae
834 2948 917 2996 cum
948 2929 1078 3014 stirpe
1114 2928 1219 2993 omni

149 3039 336 3104 crematae
377 3036 512 3103 domus
551 3040 590 3104 et
621 3037 935 3121 modoeloqnio
968 3034 1218 3101 favorabilis

148 3144 315 3212 babitus
348 3144 388 3209 in
425 3143 551 3208 multo
584 3139 734 3210 honore
768 3143 868 3208 iram
899 3161 974 3208 suae
1012 3140 1217 3206 contionis

48 3274 52 3280 ·
149 3251 321 3334 excepit.
364 3247 1247 3333 Etdeestcopulainterfavor.ethabitus,et.
1321 3289 1323 3292 -

146 3351 1097 3440 abundathoc2inm.hon.habituspostfavorabilis.
1122 3352 1218 3424 Nulla

148 3463 354 3540 eritoffensio,
373 3463 400 3528 si
416 3461 593 3545 scripseris:
617 3464 656 3526 ct
677 3461 788 3528 modo
811 3461 971 3545 eloquio
984 3457 1220 3545 favorabili

146 3569 314 3636 habitus
328 3569 366 3634 in
381 3587 412 3634 m
422 3587 521 3652 agno
535 3568 619 3635 hon.
642 3567 856 3660 Additamenti
867 3567 952 3632 nulla
963 3583 1056 3632 causa
1067 3565 1153 3630 reddi
1162 3583 1218 3649 po-

145 3677 220 3741 test.
241 3675 386 3740 Extremo
397 3676 497 3758 capite
513 3675 550 3739 de
566 3675 703 3742 barbaris
723 3675 867 3741 scribitur
887 3675 945 3739 sic:
967 3673 1087 3738 ruinae
1107 3669 1218 3737 modo
1280 3747 1285 3756 Ι

146 3781 384 3864 regionibus
407 3781 598 3846 incidunt
618 3780 902 3865 incompositi,
924 3777 1130 3857 interriti,
1154 3777 1218 3842 in·

147 3888 266 3963 cauti,
286 3887 462 3971 pericula
484 3889 719 3971 appetentes
740 3906 814 3953 sua
837 3886 1015 3954 Gaudent
1035 3883 1216 3950 feriricet.

144 3995 224 4060 Huc
256 3995 359 4060 omnia
385 3994 548 4078 ipsumque
578 3993 780 4059 incidendi
806 3994 933 4059 verbnm
967 3992 1006 4056 ad
1039 3989 1217 4074 regiones

146 4101 226 4167 nihil
249 4101 414 4185 pertinent,
448 4099 485 4166 do
511 4073 729 4184 repulsans
762 4101 834 4182 apte
867 4099 1010 4164 dicuntur
1033 4094 1217 4175 (Romanis).
