3000 4638
544 281 574 336 L.
594 281 699 338 Seneca
719 283 825 354 Scripta
843 283 909 338 liin.
1073 357 1080 372 .
1158 285 1220 352 339

195 497 294 562 quoe
327 479 497 549 minoribns
517 480 606 549 initio
630 479 749 546 mendis
771 483 978 563 sumuntur.¹)
1032 484 1115 550 Nam
1136 485 1174 552 de
1197 487 1261 554 rita

196 585 288 654 besta
303 604 328 650 c.
347 585 396 663 25,
418 585 535 654 linior
551 585 687 654 numeris
699 585 834 668 capitum
848 590 879 652 et
891 589 1063 656 sectionum
1074 590 1260 671 Haasienis),

195 690 249 759 nbi
260 691 323 758 est:
347 710 427 758 oum
444 691 536 758 deus
551 691 717 774 undique
732 683 1021 770 consalutaboi,
1038 714 1107 762 cum
1119 696 1260 764 librarius

195 795 274 872 (sire
296 797 392 877 ipsius
411 797 573 864 -eodicisA
594 798 659 862 sire
680 796 859 879 antiquioris
882 800 1076 882 exemplaris)
1096 803 1215 870 obiectu
1229 805 1261 868 in
1338 831 1342 840 ·

194 903 287 970 vnto
298 909 433 968 extremo
444 901 546 983 specie
557 902 634 978 eius,
647 902 726 984 quod
739 903 789 968 est
799 903 942 981 consul,
954 906 1128 988 scripsisset
1145 926 1261 974 consu

195 1007 261 1086 (clx.
284 1007 316 1072 in
338 1008 403 1074 cod.
423 1008 506 1088 Livii
530 1007 694 1072 Veronensi
716 1007 773 1084 III,
796 1006 847 1085 35,
881 1008 900 1070 9
922 1011 1149 1076 consulibus
1171 1017 1260 1078 tan-

193 1112 351 1178 tissimo
384 1132 437 1196 pre
470 1114 688 1192 constant),
722 1112 832 1178 deinde
865 1133 897 1182 se
923 1116 969 1182 ita
997 1119 1181 1196 revocasset,
1216 1123 1258 1195 ut,

193 1219 301 1287 relicta
321 1219 419 1287 vocali
439 1241 470 1296 u,
494 1221 611 1286 ceteras
626 1218 747 1284 litteras
769 1219 983 1300 perscriberet:
1007 1223 1258 1290 consualuta-

193 1324 276 1401 bor,
297 1323 370 1390 hine
391 1325 423 1386 in
448 1323 549 1390 codice
572 1323 597 1388 B
618 1323 819 1399 (Berolinensi
838 1343 900 1390 sec.
924 1325 1023 1407 XIV),
1053 1326 1100 1392 illi
1121 1330 1258 1409 proximo

191 1430 226 1494 et
249 1429 419 1494 secuudum
439 1428 541 1502 locum
577 1428 750 1505 obtinente,
786 1428 903 1494 lactum
926 1433 984 1506 est,
1015 1431 1120 1498 addita
1141 1453 1257 1510 rursus,

192 1533 274 1616 qnod
306 1536 434 1601 verbum
467 1533 531 1598 iam
563 1551 622 1605 non
651 1533 893 1616 intelligebatur,
926 1554 988 1600 una
1015 1536 1129 1613 littera,
1168 1557 1257 1606 con·

190 1639 461 1722 sustentabor,
498 1638 605 1730 deinde
628 1658 665 1704 ex
690 1639 748 1704 hoc
785 1641 924 1722 germine
955 1642 1020 1708 baec
1052 1643 1256 1725 pullularunt:

191 1761 273 1808 cum
296 1744 392 1810 daus
413 1743 581 1826 undique
606 1743 849 1811 conscientia
876 1745 1062 1814 luctabor
1083 1750 1131 1828 (in
1154 1751 1257 1818 Guelf.

191 1853 224 1921 et
261 1850 504 1932 „exemplaribus
541 1849 744 1932 quibusdam
783 1850 932 1926 Pinciaui,
966 1869 1109 1920 consna
1147 1855 1202 1923 illo
1236 1877 1264 1922 a·

189 1955 372 2022 luctabor
394 1956 535 2038 separato
568 1957 601 2020 et
620 1955 660 2020 ad
682 1954 785 2020 Latini
808 1956 946 2022 vocabuli
973 1957 1102 2024 formam
1124 1963 1254 2044 expleto,

188 2061 295 2126 relicto
318 2079 397 2124 cum
420 2060 534 2138 deus),
561 2079 642 2125 cum
664 2059 733 2124 deo
762 2060 898 2142 utique
920 2063 958 2126 et
979 2063 1150 2132 scientia
1172 2068 1257 2134 luc·

188 2167 299 2235 luber
321 2166 399 2242 (cod.
421 2165 546 2232 Mediol.
568 2165 604 2244 4,
640 2163 775 2229 ablativo
797 2164 837 2229 ad
859 2184 940 2234 cum
967 2171 1115 2252 tanquam
1136 2192 1255 2256 praepo·

190 2273 335 2340 sitionem
358 2271 615 2350 accommodato),
648 2289 728 2336 cum
751 2270 817 2334 deo
853 2273 986 2355 utique
1015 2278 1257 2345 conscientia

188 2377 375 2446 luctabor
398 2377 485 2456 ffel.
519 2375 579 2458 l),
601 2394 685 2443 cum
719 2375 789 2440 <leo
822 2376 959 2460 utiquo
995 2380 1032 2444 et
1057 2385 1255 2449 consciam

189 2484 373 2556 luctabor
408 2483 503 2558 (Meu
526 2483 569 2561 b),
603 2499 685 2546 eum
718 2479 785 2546 deo
815 2481 955 2563 ubique
987 2485 1256 2556 conscialuc·

189 2591 301 2661 tuber
327 2588 433 2666 tenid..
451 2587 569 2672 lipsii).
608 2588 711 2668 Atque
733 2587 798 2651 brac
820 2605 858 2652 ex
878 2586 950 2675 illo,
973 2589 1053 2671 quod
1083 2591 1114 2654 in
1147 2591 1174 2656 B
1197 2599 1255 2670 est,

188 2753 390 2774 υ--όιμ-ᾳ-ι--σ-ὴ

218 2873 323 2944 JNon
343 2887 449 2942 prorsus
476 2887 573 2926 norum
600 2865 664 2924 boc
674 2869 706 2924 de
733 2871 881 2924 ceterorum
909 2870 1028 2925 codicum
1059 2873 1163 2942 origine
1188 2875 1254 2932 dico

261 2968 386 3036 quoniam
412 2965 469 3034 ipse
496 2961 637 3018 liebertus
664 2959 698 3016 ad
722 2977 793 3015 cons
819 2958 854 3016 ad
878 2961 959 3019 Marc
984 2979 1006 3018 c.
1030 2965 1064 3019 26
1088 2965 1205 3021 codicem
1232 2971 1255 3023 Α

264 3059 494 3122 ,vetustissimum
512 3059 541 3111 et
558 3057 705 3109 ceterorum
724 3056 801 3123 qnasi
819 3057 974 3123 parentem“
1000 3057 1133 3126 appellat;
1158 3059 1204 3113 sed
1222 3077 1255 3115 ne

261 3153 321 3204 tum
339 3150 456 3220 quidem,
475 3165 535 3202 cnm
562 3146 618 3202 bac
646 3147 789 3220 scriberet,
817 3163 878 3201 enm
908 3164 964 3202 rein
990 3164 1051 3203 vero
1078 3151 1255 3218 intellexisse,

261 3243 381 3298 ostendit
398 3243 511 3298 tortasse
535 3237 658 3296 additum
685 3239 800 3308 quasi;
832 3243 904 3296 certe
931 3257 1063 3310 nusquam
1090 3243 1140 3298 boc
1167 3247 1256 3300 tenuit

261 3337 401 3393 senatusue
427 3335 468 3388 ita
486 3337 543 3396 est,
571 3336 603 3386 nt
619 3332 840 3400 interpolationis
859 3333 948 3390 sordes
967 3339 1122 3407 segregaret
1146 3339 1174 3390 et
1192 3353 1255 3392 con-

261 3430 402 3481 temneret.
441 3425 471 3479 Si
491 3424 708 3495 interpolationis
718 3426 937 3494 propagationem
947 3429 976 3482 et
987 3426 1130 3484 historiam
1149 3429 1206 3483 ullu
1224 3446 1256 3484 ex

262 3522 339 3588 parte
358 3519 546 3586 intellexisset,
566 3517 608 3578 iis,
634 3531 700 3584 qnos
718 3515 762 3570 bic
780 3532 856 3586 pono,
877 3517 941 3572 locis
959 3521 988 3572 et
1005 3518 1121 3574 infinitis
1139 3520 1199 3574 eliis
1218 3522 1256 3576 sie

262 3611 401 3682 scripturas
431 3611 590 3665 varietatem
609 3609 774 3674 ordinasset,
799 3612 830 3662 ut
848 3609 964 3678 primum
983 3609 1083 3666 codicis
1101 3614 1124 3667 Δ
1141 3613 1256 3682 scriptu-

262 3721 319 3760 ram
349 3705 466 3774 poneret,
500 3703 596 3758 deinde
622 3703 735 3780 cognata
767 3701 950 3772 coniungeret.
1005 3702 1121 3758 Hessius
1151 3720 1256 3775 quoqne

262 3796 336 3866 prat
353 3797 407 3851 rol.
422 3795 436 3850 1
455 3813 482 3864 p.
501 3795 540 3850 VI
566 3795 690 3850 universe
717 3796 788 3847 recte
807 3793 922 3866 scripsit,
954 3793 1000 3848 sed
1017 3797 1108 3850 tamen
1126 3797 1154 3850 in
1172 3813 1255 3850 anno·

203 3931 207 3938 .
262 3893 325 3944 tatt.
345 3889 418 3944 criti.
439 3890 533 3955 (1853)
547 3903 573 3956 p.
593 3889 610 3942 3
628 3886 796 3956 scripturum,
816 3901 874 3953 quae
893 3887 921 3940 in
940 3888 963 3941 Δ
982 3889 1032 3952 est,
1050 3903 1064 3940 e
1083 3887 1180 3942 codicis
1198 3888 1256 3944 Col.

204 4026 210 4036 .
262 3984 292 4036 et
311 3981 490 4050 Bongarsinni
518 3979 651 4051 scriptura
675 3981 760 4036 ortam
784 3993 841 4032 essa
867 3980 948 4058 putat
965 3980 1064 4038 etnon
1083 3980 1173 4048 paucis
1191 3980 1257 4036 locis

263 4074 327 4128 aliis
345 4072 480 4128 codicibus
498 4071 600 4142 aliquid
619 4070 719 4125 tribuit
736 4069 912 4125 auctoritatis.

1009 4162 1056 4213 22⁹
