3000 4638
319 269 381 334 301
678 269 941 342 nib.v111.cep.11.

278 471 397 552 inipso
428 468 595 550 usurpandi
626 471 717 534 verbo
746 471 854 536 Latine
876 472 1038 555 quicquam
1061 491 1119 536 uon
1142 473 1218 539 recti
1242 473 1342 558 signi-

278 575 409 650 ficatur).
454 578 558 658 Atque
590 574 647 638 hoc
671 575 789 640 dixerat
819 577 948 642 Seneca:
985 595 1200 661 usurpasse
1230 577 1342 664 soleo

278 681 494 746 videretur.
518 679 854 747 Revocandnmdeinde
869 701 937 749 esse
959 685 1202 760 constabant,
1224 683 1304 770 qnod
1326 703 1343 749 e

280 788 417 854 Pinciani
447 787 622 854 coniectura
654 789 725 851 aute
746 787 921 854 Fickertum
943 789 1105 862 edebatur,
1136 795 1201 855 tem
1226 791 1342 874 perspi·

280 911 336 958 cue
367 911 417 959 res
450 893 675 976 (nequeenim
712 892 752 957 ad
774 892 899 958 Seneca
931 896 1063 979 aequales
1086 895 1179 961 Sullas
1210 915 1258 962 res
1293 916 1342 961 se-

279 999 385 1066 cunda
407 998 615 1081 pertinebant)
647 1000 679 1062 01
710 998 895 1080 respondens
929 999 999 1064 huic
1032 1003 1118 1067 erat
1140 1001 1285 1078 clamant,
1308 1003 1344 1064 ut
1471 1051 1472 1054 ,

280 1105 328 1169 vix
349 1103 445 1168 oculis
468 1103 574 1168 credas
596 1103 672 1168 talia
694 1104 733 1168 ab
755 1105 869 1168 Haasio
890 1104 1008 1170 relicta.
1019 1107 1043 1182 ¹)

382 1208 447 1274 lbd.
473 1207 521 1286 13,
545 1209 565 1270 2
586 1209 781 1276 scribendum
805 1213 853 1275 001
874 1210 967 1292 (quod
990 1210 1053 1276 iam
1077 1212 1180 1294 Lipsio
1202 1211 1234 1276 in
1257 1229 1343 1276 men·

279 1318 343 1380 tem
368 1315 480 1392 renit):
507 1314 675 1378 Putasne
696 1318 767 1395 (boc
789 1317 846 1392 001,
872 1335 973 1384 00000
994 1322 1084 1398 pules
1107 1322 1140 1383 01
1159 1317 1342 1402 iutelligis‘l)

281 1421 364 1485 eius
395 1419 523 1483 luctus
559 1423 727 1505 aliquem
764 1425 879 1490 finem
918 1441 1001 1489 esse
1041 1423 1195 1500 debere,
1234 1424 1343 1488 cuius

281 1526 427 1607 primus
449 1525 532 1590 dies
554 1529 591 1590 et
612 1530 755 1609 primur
776 1532 947 1613 impetus
969 1531 1013 1594 ab
1029 1529 1226 1595 altaribus
1249 1531 1341 1614 pub·

281 1631 376 1696 licis
402 1679 411 1696 .
438 1677 477 1695 ..
505 1649 576 1696 non
598 1633 756 1700 abduxit
776 1638 947 1719 patrem?
989 1633 1117 1700 codices
1140 1637 1172 1698 et
1193 1633 1343 1700 editiones
1472 1637 1473 1680 l

282 1733 471 1819 putasses.
528 1738 739 1822 Interrogatus
768 1742 908 1806 universe
947 1740 984 1806 de
1017 1741 1120 1805 dolore
1155 1759 1190 1804 ex
1220 1741 1343 1804 arnissis

281 1843 401 1917 liberis;
425 1841 647 1909 condicionalis
659 1845 858 1928 interrogatio
881 1847 1012 1912 absurda
1034 1849 1090 1912 est.
1134 1845 1234 1910 Simul
1257 1861 1343 1909 revo-

282 1949 412 2014 candum
425 1948 442 2030 1
457 1949 471 2008 1
485 1965 521 2012 ex
544 1949 727 2016 editionibus
750 1951 966 2036 indeeLipsio
988 1951 1266 2017 antelliclrertum:
1289 1951 1342 2016 Ne

282 2053 400 2119 nimis
435 2055 650 2120 admiretur
670 2056 817 2122 Graecia
839 2057 947 2122 illum
975 2062 1120 2140 patrem
1161 2105 1225 2133 ...,
1253 2053 1343 2121 Pul·

282 2158 400 2223 villus
423 2158 555 2244 efficit
577 2163 763 2241 pontifex,
794 2181 848 2246 pro
875 2164 1022 2229 effecit.
1071 2163 1171 2246 attigi
1193 2179 1342 2246 pervaga-

280 2267 346 2328 tum
369 2283 501 2330 errorem
533 2267 570 2330 ad
595 2267 671 2332 Vell.
696 2270 814 2334 Patere.
841 2271 891 2334 ll.
925 2271 1000 2348 127,
1035 2270 1072 2344 2,
1107 2273 1343 2352 poteramquee

279 2369 400 2440 Seneca
432 2389 490 2435 non
521 2372 566 2438 ita
600 2359 858 2458 pauoa'exempla
879 2373 999 2448 addere,
1033 2375 1118 2439 velut
1140 2393 1176 2438 ex
1199 2374 1253 2438 hoc
1275 2374 1342 2456 ipso

278 2475 436 2548 1110025,
462 2477 477 2538 1
501 2477 691 2560 (excepit),
723 2485 830 2564 quaest.
853 2485 916 2547 nat.
939 2479 1001 2556 lV,
1038 2479 1072 2556 2,
1098 2479 1136 2542 19
1160 2478 1341 2561 (recepit).
1427 2513 1431 2518 -

278 2581 314 2644 In
338 2583 426 2665 epist.
450 2581 500 2658 74,
524 2580 566 2644 23
585 2585 680 2650 cessit
717 2586 841 2652 scutati
862 2587 1006 2654 Hessius,
1042 2585 1095 2670 qui
1115 2587 1181 2670 ipse
1203 2586 1233 2648 in
1257 2583 1340 2667 praei.

278 2687 336 2753 vol.
360 2688 407 2753 lll
435 2707 465 2770 p.
488 2689 565 2753 XIII
587 2691 725 2774 disputat
744 2692 887 2758 librarios
908 2711 1000 2776 prave
1033 2691 1183 2774 incepit
1214 2707 1267 2774 pro
1288 2689 1343 2754 in·

279 2792 376 2874 cipit
405 2795 572 2875 scripsisse.
630 2797 709 2862 Tum
742 2798 847 2879 (redeo
870 2799 950 2864 enim
972 2797 1011 2863 ad
1034 2797 1284 2872 consolationem)
1307 2814 1342 2861 er
1445 2851 1447 2857 .
1473 2801 1474 2810 ’

278 2898 524 2981 hacecriptura:
559 2903 767 2968 sollemnia
789 2904 999 2986 pontificis
1021 2903 1194 2968 carmina
1216 2905 1257 2982 (A
1280 2917 1338 2966 sec.

279 3023 374 3069 mauu
405 3008 437 3070 et
470 3007 494 3068 B
527 3009 707 3087 carmini)
743 3011 861 3074 rerba
892 3008 1088 3075 laciendum:
1132 3007 1342 3073 sollemnia

278 3209 477 3218 --.--—-

307 3334 328 3393 ¹)
347 3335 408 3389 Non
447 3338 537 3392 minus
573 3337 715 3394 manifesto
751 3341 829 3396 lnitio
868 3343 964 3412 capitis
1003 3341 1215 3396 restituendum:
1251 3339 1341 3410 qnod

347 3429 464 3484 nullas
495 3447 532 3488 ex
559 3432 625 3486 illo
652 3432 859 3502 voluptates
887 3438 1015 3502 cepere),
1046 3437 1078 3488 nt
1096 3433 1159 3488 inde
1177 3431 1211 3487 ab
1230 3433 1340 3488 Erasmo

348 3521 485 3578 edebatur.
532 3525 636 3592 urent
667 3527 774 3590 Seneca,
805 3531 896 3581 utrum
923 3526 955 3582 de
981 3527 1053 3582 iacto
1084 3527 1184 3582 1100010
1206 3531 1341 3596 'queratur

345 3616 498 3685 (cepisti)
528 3633 562 3696 00
596 3618 629 3674 de
657 3635 699 3683 00,Ι
728 3619 801 3689 quod
830 3620 888 3675 fieri
916 3620 1043 3690 potnerit.
1079 3620 1115 3674 Et
1138 3619 1273 3689 sequitur:
1303 3618 1339 3672 Si

347 3709 464 3764 nullos
492 3714 526 3766 te
553 3711 751 3781 percepisse
782 3713 912 3768 dixeris
932 3717 970 3780 (=
990 3715 1037 3766 100
1055 3711 1155 3768 indicio
1174 3711 1339 3796 percepisti).
1473 3757 1474 3786 ,

347 3800 370 3856 Ο
398 3817 478 3872 quarn
506 3805 650 3868 Erasmus)
680 3805 809 3868 Muretus,
838 3806 955 3874 Lipsius,
987 3805 1138 3860 Gronovius
1167 3804 1338 3866 mirarentur,

347 3893 474 3960 riderent,
494 3898 687 3952 miserarentur
705 3899 802 3952 nostra
821 3897 909 3952 atatis
927 3897 1055 3963 homines,
1074 3899 1098 3952 si
1116 3897 1238 3952 viderent
1259 3897 1339 3952 libris

347 3991 463 4052 0100100,
482 3992 514 4044 01
532 4006 624 4044 sanem
644 3993 761 4045 00001000
780 3990 911 4052 deserant
930 3993 966 4056 et,
985 3991 1048 4045 dum
1067 3989 1214 4052 subtiliter,
1234 3993 1266 4044 nt
1285 3989 1339 4044 sibi

346 4082 478 4148 ridentur,
503 4082 537 4138 de
561 4083 740 4152 grammatica
767 4084 874 4154 legibus
892 4087 1021 4154 quarunt,
1040 4084 1070 4138 in
1089 4082 1191 4139 talibus
1209 4085 1337 4140 errantes.
