2918 4652
318 277 434 339 mu·
689 275 938 346 mmmm

276 478 409 543 nendum
433 485 643 559 capessunt,
667 476 864 558 sequentibus
885 475 984 540 tribus
1006 476 1167 557 presentis
1189 475 1338 557 temporis

276 585 386 650 verbis.
418 571 496 663 ¹[lto
516 582 585 646 edd.
608 580 700 664 vett]

377 691 443 754 lbd.
466 690 496 764 6,
521 691 555 753 l:
601 691 835 752 Artaxerxes
867 707 930 752 rer
954 685 1161 752 Persarum
1189 690 1343 771 legatos

274 799 312 862 iu
336 798 521 863 Graeciam
544 795 684 871 mittit,
718 813 785 876 per
806 813 900 876 quos
924 793 1037 858 iubet
1058 813 1187 859 omnes
1210 797 1256 858 ab
1280 813 1344 858 ar-

275 904 349 970 mis
376 903 597 976 discedere;
635 901 698 982 qui
730 900 849 964 aliter
881 899 1061 976 fecisset,
1097 921 1179 965 enm
1207 919 1246 965 se
1277 921 1344 984 pro

275 1009 385 1073 hoste
406 1008 643 1082 habiturum
679 1005 914 1069 civitatibus
944 1006 1172 1072 libertatem
1195 1025 1345 1089 suaque

274 1116 401 1178 omnia
423 1114 621 1186 restituit;
662 1112 761 1194 qnod
788 1129 857 1173 non
881 1111 1034 1176 Graeciae
1055 1113 1259 1178 laboribus

274 1220 483 1284 consulens
504 1219 616 1289 fecit,
652 1217 720 1281 sed
751 1221 810 1281 cet.
865 1217 973 1282 Fuisse
1001 1219 1160 1278 restitui
1185 1222 1218 1284 ot
1238 1239 1291 1284 res
1315 1224 1346 1283 ot

276 1325 424 1390 orationis
453 1326 552 1390 lorma
573 1327 698 1388 clamat.

376 1431 443 1494 Lib.
466 1432 537 1506 Vll,
569 1432 595 1498 1,
621 1432 677 1492 ll:
723 1430 843 1494 Pulso
865 1430 1003 1494 deinde
1025 1429 1127 1494 Mida
1233 1430 1346 1493 aliis-

275 1556 344 1619 que
365 1537 524 1620 regibus
555 1535 684 1617 pulsis
717 1537 754 1600 in
785 1537 910 1600 locum
941 1537 1105 1600 omnium
1128 1536 1237 1600 solus
1262 1555 1345 1600 suc-

274 1644 408 1720 cessit.
473 1643 567 1706 Recte
604 1643 636 1705 in
669 1643 749 1706 DL
781 1643 934 1706 omittitur
965 1643 1105 1722 pulsis,
1150 1643 1275 1708 etiamsi
1312 1642 1344 1706 id

273 1749 449 1813 coniectura
464 1749 578 1812 factum
591 1748 642 1816 sit.
659 1751 695 1811 ut
708 1749 775 1812 iub
797 1743 915 1813 factum
938 1751 994 1812 est.
1032 1747 1096 1830 [Ita
1111 1748 1242 1832 Schell]
1269 1750 1344 1831 Cap.

274 1856 303 1930 2,
340 1857 353 1916 l
379 1855 480 1918 oratio
503 1855 547 1918 sic
569 1854 786 1937 distinguenda
807 1857 870 1919 est:
904 1857 940 1917 et
966 1855 1104 1918 mortis
1126 1859 1344 1937 postrema,

273 1961 396 2026 veluti
421 1980 461 2024 er
484 1961 655 2035 oraculo,
679 1962 871 2043 praecepta
892 1960 1159 2024 memorabilia
1181 1964 1300 2026 luere.

375 2067 456 2144 (Lib.
480 2066 548 2136 VII,
573 2067 602 2146 6,
626 2066 644 2126 7
667 2065 828 2130 emendavi
850 2067 909 2130 vol.
933 2067 947 2130 Ι
968 2086 998 2147 p.
1022 2066 1087 2142 74.)

372 2173 439 2236 Lib.
464 2171 517 2242 lX,
550 2173 577 2246 1,
610 2173 644 2235 5:
688 2173 817 2256 Igitur
848 2173 1054 2255 Philippus
1086 2173 1201 2255 longa
1235 2173 1343 2238 obsi-

271 2278 403 2342 dionis
425 2296 530 2341 mora
563 2279 772 2343 exhaustus
805 2279 975 2360 peouniae
1002 2278 1274 2342 commercium
1299 2280 1342 2342 de
1434 2267 1435 2299 ¹

270 2385 448 2466 piratica
470 2386 681 2449 mutuatur.
735 2384 959 2448 Commercium
981 2384 1116 2466 pecuniae
1142 2383 1236 2466 (apud
1259 2386 1342 2448 anti-

270 2497 357 2573 quos)
379 2489 455 2554 nihil
479 2494 536 2564 est,
559 2493 659 2554 ortum
685 2491 747 2562 hic,
771 2493 806 2554 ut
826 2492 942 2574 opinor,
967 2510 983 2554 e
1008 2491 1191 2578 mercium
1214 2492 1246 2554 in
1271 2511 1341 2573 pro·

270 2597 351 2661 ximo
376 2615 475 2660 versu.
521 2595 618 2659 Credo
647 2597 795 2677 scriptum
828 2596 938 2662 fnisse:
974 2597 1145 2678 pecuniae
1168 2619 1341 2679 correpea-
1386 2639 1387 2646 ,

271 2703 377 2765 diam
400 2701 534 2783 (facilem
558 2702 638 2765 viam
662 2704 693 2764 et
714 2704 886 2784 quaestum).

371 2809 437 2874 Lib.
462 2807 518 2879 XI,
540 2807 569 2881 9,
594 2807 651 2871 1οε
695 2809 745 2872 lix
768 2809 1044 2874 Macedonibus
1069 2807 1248 2873 cecidere
1271 2829 1338 2891 pe·

270 2914 570 2990 dostresOXXX,
592 2913 812 2996 equitesOL.
836 2914 933 2979 Sorib.
957 2915 1118 2998 pedites.
1143 2914 1194 2980 Sic
1215 2933 1338 2997 semper

272 3020 408 3084 lustinus
432 3020 500 3094 (hoc
523 3021 622 3102 capite
645 3021 663 3102 ξ
688 3022 715 3093 1,
736 3020 793 3084 hoc
813 3019 891 3084 libro
912 3039 937 3083 c.
961 3021 992 3096 6,
1016 3021 1035 3082 2
1057 3024 1088 3084 et
1112 3021 1162 3094 12,
1184 3039 1210 3086 c.
1236 3021 1284 3094 12,
1308 3023 1337 3095 b,

270 3131 353 3206 cet),
377 3145 533 3208 nunquam
568 3127 665 3191 altero
690 3126 790 3190 modo.
850 3125 911 3190 Sed
933 3127 990 3192 hoo
1011 3145 1130 3210 quoque
1153 3127 1242 3192 video
1269 3146 1336 3192 esse

269 3234 300 3296 in
324 3232 413 3309 ,odd
437 3233 650 3315 quibusdam.
695 3229 755 3298 Cir.
779 3233 818 3296 ad
841 3233 912 3296 Tac.
935 3233 1017 3296 Hist.
1041 3235 1081 3310 ll,
1105 3234 1142 3294 ll
1167 3251 1197 3314 p.
1220 3234 1292 3296 561.

369 3336 437 3403 lbd.
473 3338 523 3414 10,
562 3337 616 3400 13:
668 3341 850 3422 Augebat
885 3341 983 3404 enim
1024 3340 1151 3422 Tyriis
1184 3340 1334 3404 animos

269 3444 434 3510 Didonis
457 3446 687 3527 exemplum,
717 3465 794 3529 quae
817 3446 1054 3528 Cartbagine
1077 3446 1236 3510 condita
1257 3449 1333 3510 ter·

268 3552 362 3616 tiam
385 3555 536 3633 partem
570 3551 673 3616 orbis
695 3552 915 3635 quaesisset,
949 3556 1060 3635 turpe
1082 3552 1281 3629 ducentes,
1303 3553 1333 3617 si

268 3657 429 3722 leminis
452 3658 532 3722 suis
554 3658 639 3739 plus
665 3659 782 3722 enimi
814 3659 958 3723 fuisset
989 3659 1026 3722 in
1049 3659 1212 3741 imperio
1236 3679 1332 3742 quae·

267 3762 383 3827 rendo
418 3781 526 3845 quam
557 3763 634 3828 sibi
666 3763 1088 3830 intuendalibertate.
1144 3763 1329 3848 Scripseram
1429 3809 1430 3827 r

209 3913 214 3920 -
267 3873 383 3950 turpe
405 3869 636 3932 docentibus
658 3869 793 3954 (Tyriis),
829 3869 885 3934 sed
907 3871 996 3956 longe
1018 3875 1100 3945 ants,
1122 3872 1158 3934 ut
1179 3891 1236 3952 par
1258 3875 1330 3945 erat,

268 3974 450 4040 Gronovius.
496 3975 608 4040 Contra
629 3975 728 4049 XXX,
750 3975 780 4049 3,
799 3975 818 4035 2
841 3976 1046 4052 scribendum,
1070 3976 1164 4066 otiam
1188 3976 1329 4060 Siesbyeo

268 4083 425 4146 monente:
469 4081 549 4144 Huc
570 4082 803 4169 accedebat,
834 4081 947 4163 quod,
971 4081 1100 4147 Poenis
1123 4084 1162 4146 et
1182 4082 1328 4146 Hanni·
