2970 4648
320 247 383 312 438
681 247 743 304 Lib.
752 246 961 318 vincenna

279 448 551 514 incendiorum
582 465 697 512 eausa
719 446 867 512 fulmen
888 446 978 514 fuit·
1020 447 1050 530 (ἓ
1071 447 1092 509 4
1114 449 1263 514 Senecam
1284 468 1344 516 non

280 554 438 636 scripsisse
468 554 526 618 hoo
555 570 616 617 uno
647 551 715 616 loco
744 554 850 618 eontm
879 553 981 636 legem
1016 553 1146 620 infinitis
1171 554 1250 621 loeis
1282 574 1345 621 ser-

282 661 388 724 vatam
417 658 464 723 ad
496 657 765 724 exercendum
799 660 939 734 verba,
974 660 1052 726 satis
1073 660 1194 724 eertum
1217 661 1289 734 est)

382 763 448 828 lbd.
478 782 503 828 e.
534 762 574 824 22
599 765 693 842 exta,
729 764 770 828 23
792 766 856 830 init.
899 766 1068 848 Postquam
1094 764 1265 846 expositum
1288 769 1346 840 ese,

279 869 384 954 ignem
417 871 579 934 ventorum
611 868 642 935 vi
663 871 765 935 excuti
785 889 876 954 posse
898 871 947 938 vel
975 889 1011 936 er
1039 870 1115 952 ipsis
1142 871 1195 936 vel
1223 887 1260 936 er
1281 890 1345 938 eor-

282 976 406 1058 poribus
426 975 550 1040 illorum
571 976 705 1041 transitu
725 977 825 1055 mos,
858 977 1019 1044 subiicitur
1049 977 1082 1042 in
1102 977 1146 1040 E:
1189 977 1247 1042 Ne
1274 978 1347 1043 hoo
1460 1017 1461 1066 g

283 1083 440 1146 tantum
477 1081 517 1145 in
548 1081 611 1146 his
642 1082 789 1150 debere
815 1082 929 1148 erodi
958 1081 1220 1158 assidemus,
1253 1101 1346 1165 qno·

281 1206 364 1251 rum
395 1186 541 1270 ingens
567 1187 607 1252 in
636 1187 827 1254 confesso
859 1189 1048 1270 potentia
1076 1191 1148 1254 est.
1191 1187 1267 1252 Sed
1286 1188 1347 1266 (hie

281 1292 353 1357 novi
374 1292 485 1374 eapitis
504 1293 628 1358 initium
650 1293 687 1358 fit
707 1293 740 1358 in
773 1293 970 1370 editionibus)
1004 1293 1190 1359 fortasse
1222 1295 1348 1360 nubes

282 1415 438 1481 quoque
484 1398 524 1462 in
563 1399 687 1464 nubes
727 1400 915 1464 inoitatae
953 1400 1012 1466 eet
1075 1397 1177 1464 Ceteri
1209 1399 1346 1466 oodioes:

282 1499 397 1567 Nihil
418 1504 577 1570 tantum
600 1504 651 1582 (B)
671 1505 726 1570 aut
745 1503 859 1569 Nihil
879 1505 1014 1570 tamen
1036 1504 1212 1579 tantum,
1241 1503 1348 1570 deinde
1461 1495 1462 1504 ’

282 1631 389 1678 omnes
422 1612 561 1687 debet,
597 1610 665 1675 tum
697 1610 808 1676 Bom.
839 1627 900 1686 ao,
926 1610 981 1674 alii
1006 1611 1111 1692 plures
1138 1609 1347 1693 interpolando

282 1719 401 1784 addunt
426 1717 465 1783 in
492 1716 531 1783 vi
563 1721 619 1793 (ao
645 1716 685 1780 in
715 1714 754 1779 vi
784 1713 986 1795 siderum).
1040 1715 1181 1782 Primum
1211 1718 1349 1782 constare

284 1824 389 1901 debet,
419 1823 556 1888 siderum
584 1821 686 1886 nullas
713 1838 782 1886 esse
809 1821 914 1904 portes
935 1821 968 1886 in
988 1821 1045 1899 iis,
1081 1840 1149 1905 quae
1171 1822 1209 1888 de
1233 1821 1350 1906 origine

283 1929 364 2014 ignis
398 1929 429 1992 in
461 1927 594 1992 nubibus
623 1925 802 2010 longissime
830 1926 911 1992 infra
937 1926 1040 1994 sidera
1067 1927 1176 2010 positis
1198 1927 1346 1993 moanmr.

286 2035 354 2100 Hoo
374 2035 474 2118 posito
490 2034 587 2115 etpro
609 2030 775 2106 debere,
798 2031 930 2114 quodad
951 2032 1063 2098 erodi
1083 2031 1348 2100 aooommodatom

285 2142 344 2218 est,
367 2158 404 2203 ex
423 2138 457 2201 Β.
473 2136 674 2220 (ceterisque)
693 2139 835 2202 revocato
856 2137 991 2213 debet,
1024 2138 1155 2204 efficitur
1175 2139 1348 2222 aptissime:

287 2244 367 2308 Nee
387 2244 637 2310 hoeteutum
670 2241 945 2321 insinuantis)
975 2243 1097 2310 debet
1119 2245 1232 2310 orodi
1252 2245 1351 2308 aoei-

286 2351 381 2426 dere,
411 2367 575 2435 qnorum
605 2348 753 2432 ingens
775 2347 814 2412 in
836 2349 1027 2414 confesso
1058 2351 1248 2433 potentia
1276 2354 1350 2425 est,

286 2456 356 2522 sed
376 2455 561 2522 fortasse
583 2453 708 2519 nubes
742 2472 897 2537 qnoque
929 2455 1120 2524 innubae
1149 2457 1351 2534 inoitatae,

284 2560 485 2626 fremente
506 2563 625 2624 rento
646 2561 686 2626 et
706 2558 859 2624 leniter
880 2565 1069 2644 urgente,
1103 2563 1235 2648 ign-em
1260 2583 1351 2630 evo·

285 2666 434 2732 eabunt
483 2668 543 2730 eet.
607 2665 762 2732 Distraoto
824 2665 1011 2732 aeoidere
1060 2671 1092 2734 et
1139 2689 1202 2736 nna
1247 2670 1353 2735 littero

284 2774 405 2838 mutata
437 2771 538 2836 ortum
569 2772 618 2839 est
655 2789 698 2836 ao
727 2771 883 2846 sidere;
918 2772 1080 2855 genetivus
1113 2793 1149 2848 er
1186 2793 1350 2858 quorum

284 2879 455 2944 natusest.
566 2957 572 2968 ·
648 2864 651 2870 ’
1034 2939 1036 2946 ,

384 2982 451 3048 lbd.
474 2981 531 3057 26,
562 2982 584 3044 4
613 2986 698 3063 (nam
721 2981 761 3046 25
783 2983 859 3048 extr.
882 2986 916 3048 et
937 2983 995 3062 26,
1029 2985 1046 3046 1
1070 2985 1233 3052 emendavi
1254 2986 1312 3050 vol.
1335 2985 1353 3050 Ι

283 3108 314 3174 p.
337 3088 410 3165 36):
453 3087 906 3154 m·aiorumn0strorum
927 3090 1137 3170 memoria,
1177 3109 1350 3168 ...,onm

285 3195 424 3260 insula
445 3193 623 3280 inAEgseo
643 3194 744 3260 mari
765 3196 972 3279 surgeret,
994 3196 1353 3278 spumabetinter·

284 3299 350 3364 diu
382 3318 487 3366 mare
511 3303 550 3366 et
581 3301 712 3366 fumus
743 3320 786 3366 er
808 3300 892 3367 elto
912 3299 1142 3377 serenatum
1175 3320 1261 3368 nam
1283 3301 1350 3368 do·

284 3424 384 3474 mum
406 3406 608 3490 prodebat
629 3407 763 3492 ignem
785 3409 843 3472 eet.
887 3405 1088 3472 Soridendum
1109 3412 1193 3487 (non,
1214 3408 1351 3474 utHaa·

283 3511 347 3576 sius
369 3511 453 3590 feeit,
475 3515 610 3598 neoto,
632 3512 715 3592 sed):
738 3533 813 3576 nos
834 3511 986 3578 demum
1008 3511 1350 3596 prodebatignem

284 3619 344 3683 oet.
390 3615 485 3693 (Nox
504 3636 559 3702 pro
582 3637 670 3684 num
692 3617 816 3702 restitui
838 3618 960 3684 Valerio
981 3619 1029 3684 Fl.
1051 3619 1110 3700 ΙΙΙ,
1134 3618 1197 3694 76.)
1230 3617 1350 3686 Deinde

284 3725 304 3804 ὅ
326 3723 345 3784 7
367 3722 412 3788 sie
434 3721 579 3808 serjbitm
598 3723 631 3789 in
652 3723 696 3788 E:
739 3724 849 3792 Adeo
875 3743 938 3790 res
959 3724 1042 3790 isto
1063 3724 1205 3803 (nubium
1226 3723 1350 3800 humor)

283 3847 356 3893 non
385 3827 515 3896 affert
542 3827 666 3893 ullam
697 3849 862 3907 moram,
891 3831 994 3914 qnod
1025 3830 1067 3910 (Β
1088 3835 1182 3914 quse)
1204 3832 1350 3896 eontra

284 3952 426 4000 causas
465 3934 621 4018 ignium
656 3934 707 4001 fit
736 3936 774 4014 (B
804 3921 891 4018 sit),
930 3955 1025 4020 quos
1062 3954 1136 4001 nou
1165 3936 1350 4002 videmus

283 4039 458 4106 ominare
491 4039 572 4106 nisi
603 4039 866 4122 impendente
901 4043 1014 4120 eaelo3
1049 4061 1221 4109 serenum
1261 4042 1351 4108 sine
