<?xml version="1.0" encoding="UTF-8"?>
<!DOCTYPE html PUBLIC "-//W3C//DTD XHTML 1.0 Transitional//EN"
    "http://www.w3.org/TR/xhtml1/DTD/xhtml1-transitional.dtd">
<html xmlns="http://www.w3.org/1999/xhtml" xml:lang="en" lang="en">
 <head>
  <title>
</title>
<meta http-equiv="Content-Type" content="text/html;charset=utf-8" />
  <meta name='ocr-system' content='tesseract 3.04.00' />
  <meta name='ocr-capabilities' content='ocr_page ocr_carea ocr_par ocr_line ocrx_word'/>
</head>
<body>
  <div class='ocr_page' id='page_1' title='image "./adversariacriti03madvgoog/adversariacriti03madvgoog_0574.png"; bbox 0 0 2924 4660; ppageno 0'>
   <div class='ocr_carea' id='block_1_1' title="bbox 539 290 1153 371">
    <p class='ocr_par' dir='ltr' id='par_1_1' title="bbox 539 290 1153 371">
     <span class='ocr_line' id='line_1_1' title="bbox 539 290 1153 371; baseline 0.02 -26"><span class='ocrx_word' id='word_1_1' title='bbox 539 291 627 346; x_wconf 86' lang='lat' dir='ltr'>Taciti</span> <span class='ocrx_word' id='word_1_2' title='bbox 645 290 780 371; x_wconf 65' lang='lat' dir='ltr'>Historia</span> <span class='ocrx_word' id='word_1_3' title='bbox 1092 293 1153 357; x_wconf 85' lang='lat'>563</span> 
     </span>
    </p>
   </div>
   <div class='ocr_carea' id='block_1_2' title="bbox 36 488 1256 3557">
    <p class='ocr_par' dir='ltr' id='par_1_2' title="bbox 20 488 1256 3557">
     <span class='ocr_line' id='line_1_2' title="bbox 131 488 1195 576; baseline 0.007 -23"><span class='ocrx_word' id='word_1_4' title='bbox 131 508 243 554; x_wconf 89' lang='lat' dir='ltr'>nomeu</span> <span class='ocrx_word' id='word_1_5' title='bbox 269 488 459 572; x_wconf 87' lang='lat' dir='ltr'>adscriptum</span> <span class='ocrx_word' id='word_1_6' title='bbox 482 507 563 566; x_wconf 87' lang='lat' dir='ltr'>esse;</span> <span class='ocrx_word' id='word_1_7' title='bbox 596 491 648 574; x_wconf 88' lang='lat' dir='ltr'>qui</span> <span class='ocrx_word' id='word_1_8' title='bbox 669 491 734 556; x_wconf 87' lang='lat' dir='ltr'>haec</span> <span class='ocrx_word' id='word_1_9' title='bbox 755 491 859 556; x_wconf 90' lang='lat' dir='ltr'>omnia</span> <span class='ocrx_word' id='word_1_10' title='bbox 888 493 1044 576; x_wconf 80' lang='lat' dir='ltr'>regione</span> <span class='ocrx_word' id='word_1_11' title='bbox 1067 495 1195 560; x_wconf 85' lang='lat' dir='ltr'>ltaliae</span> 
     </span>
     <span class='ocr_line' id='line_1_3' title="bbox 132 589 1196 680; baseline 0.007 -21"><span class='ocrx_word' id='word_1_12' title='bbox 132 594 348 676; x_wconf 27' lang='lat' dir='ltr'>caracenae·</span> <span class='ocrx_word' id='word_1_13' title='bbox 366 596 496 674; x_wconf 79' lang='lat' dir='ltr'>tollunt,</span> <span class='ocrx_word' id='word_1_14' title='bbox 526 613 654 680; x_wconf 82' lang='lat' dir='ltr'>¹prorsus</span> <span class='ocrx_word' id='word_1_15' title='bbox 687 597 912 664; x_wconf 87' lang='lat' dir='ltr'>inconsiderate</span> <span class='ocrx_word' id='word_1_16' title='bbox 944 589 1072 667; x_wconf 80' lang='lat' dir='ltr'>faciunt.</span> <span class='ocrx_word' id='word_1_17' title='bbox 1136 600 1196 666; x_wconf 88' lang='lat' dir='ltr'>Sed</span> 
     </span>
     <span class='ocr_line' id='line_1_4' title="bbox 132 701 1196 787; baseline 0.006 -23"><span class='ocrx_word' id='word_1_18' title='bbox 132 701 208 765; x_wconf 89' lang='lat' dir='ltr'>mire</span> <span class='ocrx_word' id='word_1_19' title='bbox 224 701 377 768; x_wconf 77' lang='lat' dir='ltr'><strong>ablativus</strong></span> <span class='ocrx_word' id='word_1_20' title='bbox 399 703 558 787; x_wconf 83' lang='lat' dir='ltr'>regione</span> <span class='ocrx_word' id='word_1_21' title='bbox 580 703 713 785; x_wconf 82' lang='lat' dir='ltr'>ponitur,</span> <span class='ocrx_word' id='word_1_22' title='bbox 736 703 1096 784; x_wconf 79' lang='lat' dir='ltr'>mireadditurltaliaa,</span> <span class='ocrx_word' id='word_1_23' title='bbox 1118 707 1196 772; x_wconf 89' lang='lat' dir='ltr'>miro</span> 
     </span>
     <span class='ocr_line' id='line_1_5' title="bbox 133 806 1197 896; baseline 0.006 -24"><span class='ocrx_word' id='word_1_24' title='bbox 133 806 239 872; x_wconf 83' lang='lat' dir='ltr'>ordine</span> <span class='ocrx_word' id='word_1_25' title='bbox 281 808 393 873; x_wconf 83' lang='lat' dir='ltr'>dicitur</span> <span class='ocrx_word' id='word_1_26' title='bbox 428 808 620 874; x_wconf 75' lang='lat' dir='ltr'>(taracona</span> <span class='ocrx_word' id='word_1_27' title='bbox 663 830 678 872; x_wconf 85' lang='lat' dir='ltr'>o</span> <span class='ocrx_word' id='word_1_28' title='bbox 709 815 798 887; x_wconf 86' lang='lat' dir='ltr'>¹(narn</span> <span class='ocrx_word' id='word_1_29' title='bbox 833 811 892 877; x_wconf 91' lang='lat' dir='ltr'>hoo</span> <span class='ocrx_word' id='word_1_30' title='bbox 931 811 1040 878; x_wconf 87' lang='lat' dir='ltr'>abesse</span> <span class='ocrx_word' id='word_1_31' title='bbox 1079 813 1197 896; x_wconf 88' lang='lat' dir='ltr'>nequit)</span> 
     </span>
     <span class='ocr_line' id='line_1_6' title="bbox 132 903 1196 1000; baseline 0.003 -22"><span class='ocrx_word' id='word_1_32' title='bbox 132 913 340 996; x_wconf 87' lang='lat' dir='ltr'>municipio</span> <span class='ocrx_word' id='word_1_33' title='bbox 383 913 434 979; x_wconf 85' lang='lat' dir='ltr'>cl.</span> <span class='ocrx_word' id='word_1_34' title='bbox 495 915 620 998; x_wconf 37' lang='lat' dir='ltr'>iOpinor</span> <span class='ocrx_word' id='word_1_35' title='bbox 662 916 826 981; x_wconf 72' lang='lat' dir='ltr'>Tacitum·</span> <span class='ocrx_word' id='word_1_36' title='bbox 848 916 1025 1000; x_wconf 88' lang='lat' dir='ltr'>scripsisse:</span> <span class='ocrx_word' id='word_1_37' title='bbox 1088 903 1196 984; x_wconf 82' lang='lat' dir='ltr'>Helu.</span> 
     </span>
     <span class='ocr_line' id='line_1_7' title="bbox 133 1010 1197 1107; baseline 0.005 -23"><span class='ocrx_word' id='word_1_38' title='bbox 133 1020 306 1096; x_wconf 76' lang='lat' dir='ltr'>Priscus,</span> <span class='ocrx_word' id='word_1_39' title='bbox 347 1010 496 1103; x_wconf 72' lang='lat' dir='ltr'>origine</span> <span class='ocrx_word' id='word_1_40' title='bbox 527 1019 673 1083; x_wconf 77' lang='lat' dir='ltr'>Italica</span> <span class='ocrx_word' id='word_1_41' title='bbox 704 1042 720 1084; x_wconf 85' lang='lat' dir='ltr'>e</span> <span class='ocrx_word' id='word_1_42' title='bbox 750 1021 954 1088; x_wconf 71' lang='lat' dir='ltr'>(taracona</span> <span class='ocrx_word' id='word_1_43' title='bbox 986 1023 1197 1107; x_wconf 88' lang='lat' dir='ltr'>municipio</span> 
     </span>
     <span class='ocr_line' id='line_1_8' title="bbox 134 1112 1198 1213; baseline 0.004 -22"><span class='ocrx_word' id='word_1_44' title='bbox 134 1126 294 1192; x_wconf 76' lang='lat' dir='ltr'>Cluuiis.</span> <span class='ocrx_word' id='word_1_45' title='bbox 355 1123 449 1202; x_wconf 88' lang='lat' dir='ltr'>(Nam</span> <span class='ocrx_word' id='word_1_46' title='bbox 481 1112 525 1192; x_wconf 86' lang='lat' dir='ltr'>sic</span> <span class='ocrx_word' id='word_1_47' title='bbox 549 1128 758 1210; x_wconf 79' lang='lat' dir='ltr'>municipium,</span> <span class='ocrx_word' id='word_1_48' title='bbox 792 1129 873 1212; x_wconf 89' lang='lat' dir='ltr'>quod</span> <span class='ocrx_word' id='word_1_49' title='bbox 895 1129 975 1213; x_wconf 91' lang='lat' dir='ltr'>apud</span> <span class='ocrx_word' id='word_1_50' title='bbox 997 1130 1120 1196; x_wconf 79' lang='lat' dir='ltr'>Livium</span> <span class='ocrx_word' id='word_1_51' title='bbox 1141 1131 1198 1206; x_wconf 89' lang='lat' dir='ltr'>IX,</span> 
     </span>
     <span class='ocr_line' id='line_1_9' title="bbox 135 1232 1198 1317; baseline 0.005 -21"><span class='ocrx_word' id='word_1_52' title='bbox 135 1233 173 1296; x_wconf 87' lang='lat'>31</span> <span class='ocrx_word' id='word_1_53' title='bbox 212 1232 349 1297; x_wconf 80' lang='lat' dir='ltr'>Cluvio</span> <span class='ocrx_word' id='word_1_54' title='bbox 385 1235 448 1309; x_wconf 79' lang='lat' dir='ltr'>est,</span> <span class='ocrx_word' id='word_1_55' title='bbox 491 1233 616 1299; x_wconf 75' lang='lat' dir='ltr'>Tacitus</span> <span class='ocrx_word' id='word_1_56' title='bbox 660 1235 833 1317; x_wconf 77' lang='lat' dir='ltr'>appellasse</span> <span class='ocrx_word' id='word_1_57' title='bbox 870 1235 1006 1313; x_wconf 78' lang='lat' dir='ltr'>videtur,</span> <span class='ocrx_word' id='word_1_58' title='bbox 1050 1235 1198 1314; x_wconf 82' lang='lat' dir='ltr'>Cluviae.)</span> 
     </span>
     <span class='ocr_line' id='line_1_10' title="bbox 136 1338 1198 1422; baseline 0.002 -18"><span class='ocrx_word' id='word_1_59' title='bbox 136 1340 275 1404; x_wconf 89' lang='lat' dir='ltr'>Primum</span> <span class='ocrx_word' id='word_1_60' title='bbox 307 1338 407 1403; x_wconf 83' lang='lat' dir='ltr'>Italiae</span> <span class='ocrx_word' id='word_1_61' title='bbox 442 1339 586 1422; x_wconf 85' lang='lat' dir='ltr'>indigena</span> <span class='ocrx_word' id='word_1_62' title='bbox 615 1341 775 1406; x_wconf 87' lang='lat' dir='ltr'>Helvidius</span> <span class='ocrx_word' id='word_1_63' title='bbox 805 1341 901 1406; x_wconf 86' lang='lat' dir='ltr'>icisse</span> <span class='ocrx_word' id='word_1_64' title='bbox 933 1340 1054 1420; x_wconf 71' lang='lat' dir='ltr'>dicitur,</span> <span class='ocrx_word' id='word_1_65' title='bbox 1088 1341 1198 1406; x_wconf 89' lang='lat' dir='ltr'>deinde</span> 
     </span>
     <span class='ocr_line' id='line_1_11' title="bbox 135 1435 1198 1532; baseline 0.002 -22"><span class='ocrx_word' id='word_1_66' title='bbox 135 1447 220 1512; x_wconf 89' lang='lat' dir='ltr'>loeus</span> <span class='ocrx_word' id='word_1_67' title='bbox 240 1447 307 1528; x_wconf 90' lang='lat' dir='ltr'>ipse</span> <span class='ocrx_word' id='word_1_68' title='bbox 329 1446 490 1523; x_wconf 78' lang='lat' dir='ltr'>indicatur,</span> <span class='ocrx_word' id='word_1_69' title='bbox 515 1446 620 1512; x_wconf 89' lang='lat' dir='ltr'>addito</span> <span class='ocrx_word' id='word_1_70' title='bbox 635 1435 769 1531; x_wconf 81' lang='lat' dir='ltr'>oppiduli</span> <span class='ocrx_word' id='word_1_71' title='bbox 790 1447 907 1512; x_wconf 91' lang='lat' dir='ltr'>nomini</span> <span class='ocrx_word' id='word_1_72' title='bbox 921 1447 1053 1532; x_wconf 82' lang='lat' dir='ltr'>regionis</span> <span class='ocrx_word' id='word_1_73' title='bbox 1065 1448 1198 1512; x_wconf 89' lang='lat' dir='ltr'>nomine.</span> 
     </span>
     <span class='ocr_line' id='line_1_12' title="bbox 136 1551 1199 1638; baseline 0.003 -22"><span class='ocrx_word' id='word_1_74' title='bbox 136 1551 195 1630; x_wconf 80' lang='lat' dir='ltr'>Qui</span> <span class='ocrx_word' id='word_1_75' title='bbox 215 1551 349 1636; x_wconf 86' lang='lat' dir='ltr'>regionis</span> <span class='ocrx_word' id='word_1_76' title='bbox 381 1569 490 1616; x_wconf 87' lang='lat' dir='ltr'>nomeu</span> <span class='ocrx_word' id='word_1_77' title='bbox 512 1570 572 1616; x_wconf 91' lang='lat' dir='ltr'>non</span> <span class='ocrx_word' id='word_1_78' title='bbox 594 1553 703 1630; x_wconf 83' lang='lat' dir='ltr'>ferunt,</span> <span class='ocrx_word' id='word_1_79' title='bbox 726 1553 858 1618; x_wconf 86' lang='lat' dir='ltr'>scribere</span> <span class='ocrx_word' id='word_1_80' title='bbox 880 1551 1009 1618; x_wconf 90' lang='lat' dir='ltr'>debent:</span> <span class='ocrx_word' id='word_1_81' title='bbox 1047 1554 1199 1638; x_wconf 88' lang='lat' dir='ltr'>origine</span> 
     </span>
     <span class='ocr_line' id='line_1_13' title="bbox 135 1657 1200 1744; baseline 0.002 -22"><span class='ocrx_word' id='word_1_82' title='bbox 135 1657 279 1722; x_wconf 87' lang='lat' dir='ltr'>Italica</span> <span class='ocrx_word' id='word_1_83' title='bbox 301 1675 317 1722; x_wconf 88' lang='lat' dir='ltr'>e</span> <span class='ocrx_word' id='word_1_84' title='bbox 339 1659 547 1742; x_wconf 89' lang='lat' dir='ltr'>municipio</span> <span class='ocrx_word' id='word_1_85' title='bbox 569 1657 622 1723; x_wconf 80' lang='lat' dir='ltr'>dl.</span> <span class='ocrx_word' id='word_1_86' title='bbox 669 1657 718 1742; x_wconf 92' lang='lat' dir='ltr'>[In</span> <span class='ocrx_word' id='word_1_87' title='bbox 742 1659 895 1742; x_wconf 87' lang='lat' dir='ltr'>origine</span> <span class='ocrx_word' id='word_1_88' title='bbox 916 1658 1025 1724; x_wconf 88' lang='lat' dir='ltr'>incidit</span> <span class='ocrx_word' id='word_1_89' title='bbox 1045 1659 1200 1744; x_wconf 86' lang='lat' dir='ltr'>Werius.]</span> 
     </span>
     <span class='ocr_line' id='line_1_14' title="bbox 165 1762 1200 1848; baseline 0.003 -20"><span class='ocrx_word' id='word_1_90' title='bbox 165 1787 201 1804; x_wconf 93' lang='lat'>-·</span> <span class='ocrx_word' id='word_1_91' title='bbox 237 1763 301 1828; x_wconf 89' lang='lat' dir='ltr'>lbd.</span> <span class='ocrx_word' id='word_1_92' title='bbox 325 1762 382 1828; x_wconf 88' lang='lat'>33:</span> <span class='ocrx_word' id='word_1_93' title='bbox 427 1763 613 1829; x_wconf 85' lang='lat' dir='ltr'>ansorum</span> <span class='ocrx_word' id='word_1_94' title='bbox 647 1783 689 1830; x_wconf 91' lang='lat' dir='ltr'>eo</span> <span class='ocrx_word' id='word_1_95' title='bbox 713 1764 772 1830; x_wconf 88' lang='lat' dir='ltr'>die</span> <span class='ocrx_word' id='word_1_96' title='bbox 793 1766 830 1830; x_wconf 93' lang='lat' dir='ltr'>in</span> <span class='ocrx_word' id='word_1_97' title='bbox 853 1765 1031 1848; x_wconf 89' lang='lat' dir='ltr'>partibus</span> <span class='ocrx_word' id='word_1_98' title='bbox 1054 1766 1200 1832; x_wconf 86' lang='lat' dir='ltr'>uostris</span> 
     </span>
     <span class='ocr_line' id='line_1_15' title="bbox 137 1869 1200 1961; baseline 0.003 -28"><span class='ocrx_word' id='word_1_99' title='bbox 137 1870 256 1934; x_wconf 89' lang='lat' dir='ltr'>maior</span> <span class='ocrx_word' id='word_1_100' title='bbox 288 1888 463 1961; x_wconf 80' lang='lat' dir='ltr'>numerus</span> <span class='ocrx_word' id='word_1_101' title='bbox 501 1873 538 1935; x_wconf 90' lang='lat' dir='ltr'>et</span> <span class='ocrx_word' id='word_1_102' title='bbox 579 1871 798 1948; x_wconf 79' lang='lat' dir='ltr'>imbellior‚&#39;</span> <span class='ocrx_word' id='word_1_103' title='bbox 821 1889 867 1934; x_wconf 51' lang='lat' dir='ltr'>-e⁴¹</span> <span class='ocrx_word' id='word_1_104' title='bbox 889 1869 1094 1943; x_wconf 81' lang='lat' dir='ltr'>Germanis</span> <span class='ocrx_word' id='word_1_105' title='bbox 1115 1871 1200 1954; x_wconf 89' lang='lat' dir='ltr'>ipsa</span> 
     </span>
     <span class='ocr_line' id='line_1_16' title="bbox 137 1974 1256 2053; baseline 0 -13"><span class='ocrx_word' id='word_1_106' title='bbox 137 1976 287 2042; x_wconf 87' lang='lat' dir='ltr'>robora.</span> <span class='ocrx_word' id='word_1_107' title='bbox 341 1976 406 2042; x_wconf 86' lang='lat' dir='ltr'>Sor.</span> <span class='ocrx_word' id='word_1_108' title='bbox 442 1977 559 2042; x_wconf 90' lang='lat' dir='ltr'>maior</span> <span class='ocrx_word' id='word_1_109' title='bbox 591 1995 789 2053; x_wconf 77' lang='lat' dir='ltr'>numerus,</span> <span class='ocrx_word' id='word_1_110' title='bbox 826 1975 893 2038; x_wconf 78' lang='lat' dir='ltr'>aad</span> <span class='ocrx_word' id='word_1_111' title='bbox 927 1974 1145 2051; x_wconf 90' lang='lat' dir='ltr'>imbellior‚</span> <span class='ocrx_word' id='word_1_112' title='bbox 1185 1995 1201 2040; x_wconf 87' lang='lat' dir='ltr'>a</span> <span class='ocrx_word' id='word_1_113' title='bbox 1252 2001 1256 2008; x_wconf 93' lang='lat'>·</span> 
     </span>
     <span class='ocr_line' id='line_1_17' title="bbox 139 2083 1181 2165; baseline -0.002 -14"><span class='ocrx_word' id='word_1_114' title='bbox 139 2083 260 2165; x_wconf 77' lang='lat' dir='ltr'>Germ.</span> <span class='ocrx_word' id='word_1_115' title='bbox 285 2088 343 2150; x_wconf 88' lang='lat' dir='ltr'>eat.</span> <span class='ocrx_word' id='word_1_116' title='bbox 1178 2135 1181 2141; x_wconf 90' lang='lat'>.</span> 
     </span>
     <span class='ocr_line' id='line_1_18' title="bbox 238 2186 1202 2274; baseline -0.005 -17"><span class='ocrx_word' id='word_1_117' title='bbox 238 2191 381 2258; x_wconf 59' lang='lat' dir='ltr'>loona:</span> <span class='ocrx_word' id='word_1_118' title='bbox 398 2194 562 2274; x_wconf 81' lang='lat' dir='ltr'>siquem</span> <span class='ocrx_word' id='word_1_119' title='bbox 577 2189 699 2254; x_wconf 87' lang='lat' dir='ltr'>adhuc</span> <span class='ocrx_word' id='word_1_120' title='bbox 721 2188 979 2270; x_wconf 85' lang='lat' dir='ltr'>quaestorium</span> <span class='ocrx_word' id='word_1_121' title='bbox 1001 2186 1202 2252; x_wconf 84' lang='lat' dir='ltr'>offendere</span> 
     </span>
     <span class='ocr_line' id='line_1_19' title="bbox 141 2293 1205 2380; baseline -0.008 -16"><span class='ocrx_word' id='word_1_122' title='bbox 141 2298 440 2376; x_wconf 65' lang='lat' dir='ltr'>nouandarum,</span> <span class='ocrx_word' id='word_1_123' title='bbox 476 2295 695 2380; x_wconf 84' lang='lat' dir='ltr'>praetorium</span> <span class='ocrx_word' id='word_1_124' title='bbox 727 2297 765 2359; x_wconf 87' lang='lat' dir='ltr'>et</span> <span class='ocrx_word' id='word_1_125' title='bbox 798 2293 1205 2359; x_wconf 86' lang='lat' dir='ltr'>consularem·visuri</span> 
     </span>
     <span class='ocr_line' id='line_1_20' title="bbox 141 2381 1206 2483; baseline -0.008 -13"><span class='ocrx_word' id='word_1_126' title='bbox 141 2407 293 2470; x_wconf 83' lang='lat' dir='ltr'>sumus?</span> <span class='ocrx_word' id='word_1_127' title='bbox 357 2403 578 2469; x_wconf 85' lang='lat' dir='ltr'>Praetoriumns</span> <span class='ocrx_word' id='word_1_128' title='bbox 621 2401 653 2464; x_wconf 89' lang='lat' dir='ltr'>et</span> <span class='ocrx_word' id='word_1_129' title='bbox 686 2381 878 2464; x_wconf 73' lang='lat' dir='ltr'>dousularem</span> <span class='ocrx_word' id='word_1_130' title='bbox 919 2399 1072 2483; x_wconf 88' lang='lat' dir='ltr'>Regulum</span> <span class='ocrx_word' id='word_1_131' title='bbox 1110 2397 1206 2462; x_wconf 82' lang='lat' dir='ltr'>uisuri</span> 
     </span>
     <span class='ocr_line' id='line_1_21' title="bbox 141 2504 1206 2589; baseline -0.008 -13"><span class='ocrx_word' id='word_1_132' title='bbox 141 2511 263 2585; x_wconf 83' lang='lat' dir='ltr'>essent,</span> <span class='ocrx_word' id='word_1_133' title='bbox 297 2510 375 2575; x_wconf 90' lang='lat' dir='ltr'>nihil</span> <span class='ocrx_word' id='word_1_134' title='bbox 394 2509 441 2574; x_wconf 88' lang='lat' dir='ltr'>ad</span> <span class='ocrx_word' id='word_1_135' title='bbox 471 2527 539 2572; x_wconf 88' lang='lat' dir='ltr'>rern</span> <span class='ocrx_word' id='word_1_136' title='bbox 568 2504 757 2589; x_wconf 77' lang='lat' dir='ltr'>pertinebat,</span> <span class='ocrx_word' id='word_1_137' title='bbox 790 2523 847 2570; x_wconf 88' lang='lat' dir='ltr'>neo</span> <span class='ocrx_word' id='word_1_138' title='bbox 880 2505 912 2569; x_wconf 89' lang='lat' dir='ltr'>id</span> <span class='ocrx_word' id='word_1_139' title='bbox 943 2505 1049 2589; x_wconf 88' lang='lat' dir='ltr'>negari</span> <span class='ocrx_word' id='word_1_140' title='bbox 1083 2506 1206 2587; x_wconf 87' lang='lat' dir='ltr'>poterat</span> 
     </span>
     <span class='ocr_line' id='line_1_22' title="bbox 141 2609 1205 2699; baseline -0.009 -17"><span class='ocrx_word' id='word_1_141' title='bbox 141 2609 290 2695; x_wconf 81' lang='lat' dir='ltr'>loturum,</span> <span class='ocrx_word' id='word_1_142' title='bbox 320 2615 481 2699; x_wconf 86' lang='lat' dir='ltr'>potiusque</span> <span class='ocrx_word' id='word_1_143' title='bbox 511 2612 668 2696; x_wconf 84' lang='lat' dir='ltr'>probabile</span> <span class='ocrx_word' id='word_1_144' title='bbox 705 2612 786 2688; x_wconf 74' lang='lat' dir='ltr'>erat,</span> <span class='ocrx_word' id='word_1_145' title='bbox 829 2611 881 2694; x_wconf 86' lang='lat' dir='ltr'>qni</span> <span class='ocrx_word' id='word_1_146' title='bbox 914 2609 1046 2693; x_wconf 87' lang='lat' dir='ltr'>quaestor</span> <span class='ocrx_word' id='word_1_147' title='bbox 1082 2611 1205 2674; x_wconf 75' lang='lat' dir='ltr'>tantm</span> 
     </span>
     <span class='ocr_line' id='line_1_23' title="bbox 36 2701 1208 2806; baseline -0.008 -17.121"><span class='ocrx_word' id='word_1_148' title='bbox 36 2701 38 2704; x_wconf 28' lang='lat'>⁵</span> <span class='ocrx_word' id='word_1_149' title='bbox 141 2728 255 2806; x_wconf 88' lang='lat' dir='ltr'>posset,</span> <span class='ocrx_word' id='word_1_150' title='bbox 287 2721 378 2787; x_wconf 87' lang='lat' dir='ltr'>facile</span> <span class='ocrx_word' id='word_1_151' title='bbox 411 2720 450 2786; x_wconf 88' lang='lat' dir='ltr'>ad</span> <span class='ocrx_word' id='word_1_152' title='bbox 476 2720 608 2784; x_wconf 87' lang='lat' dir='ltr'>maiores</span> <span class='ocrx_word' id='word_1_153' title='bbox 642 2718 771 2784; x_wconf 89' lang='lat' dir='ltr'>honores</span> <span class='ocrx_word' id='word_1_154' title='bbox 798 2715 1025 2800; x_wconf 87' lang='lat' dir='ltr'>perventurum.</span> <span class='ocrx_word' id='word_1_155' title='bbox 1080 2715 1208 2798; x_wconf 85' lang='lat' dir='ltr'>Scripsit</span> 
     </span>
     <span class='ocr_line' id='line_1_24' title="bbox 143 2813 1207 2910; baseline -0.009 -16"><span class='ocrx_word' id='word_1_156' title='bbox 143 2813 283 2895; x_wconf 84' lang='lat' dir='ltr'>Tacitus:</span> <span class='ocrx_word' id='word_1_157' title='bbox 316 2827 542 2910; x_wconf 86' lang='lat' dir='ltr'>praetorium</span> <span class='ocrx_word' id='word_1_158' title='bbox 567 2828 606 2890; x_wconf 91' lang='lat' dir='ltr'>et</span> <span class='ocrx_word' id='word_1_159' title='bbox 628 2823 872 2888; x_wconf 87' lang='lat' dir='ltr'>consularem</span> <span class='ocrx_word' id='word_1_160' title='bbox 895 2821 1034 2884; x_wconf 76' lang='lat' dir='ltr'>ausari</span> <span class='ocrx_word' id='word_1_161' title='bbox 1054 2823 1207 2886; x_wconf 80' lang='lat' dir='ltr'>sumus?</span> 
     </span>
     <span class='ocr_line' id='line_1_25' title="bbox 143 2926 1206 3018; baseline -0.009 -17"><span class='ocrx_word' id='word_1_162' title='bbox 143 2936 179 3001; x_wconf 89' lang='lat' dir='ltr'>ld</span> <span class='ocrx_word' id='word_1_163' title='bbox 201 2936 367 3000; x_wconf 85' lang='lat' dir='ltr'>Montanus</span> <span class='ocrx_word' id='word_1_164' title='bbox 389 2937 483 3018; x_wconf 87' lang='lat' dir='ltr'>negat</span> <span class='ocrx_word' id='word_1_165' title='bbox 503 2933 569 2998; x_wconf 87' lang='lat' dir='ltr'>fieri</span> <span class='ocrx_word' id='word_1_166' title='bbox 590 2949 690 3015; x_wconf 83' lang='lat' dir='ltr'>posse,</span> <span class='ocrx_word' id='word_1_167' title='bbox 712 2929 739 2994; x_wconf 91' lang='lat' dir='ltr'>si</span> <span class='ocrx_word' id='word_1_168' title='bbox 752 2945 791 2993; x_wconf 90' lang='lat' dir='ltr'>ne</span> <span class='ocrx_word' id='word_1_169' title='bbox 813 2946 893 2992; x_wconf 89' lang='lat' dir='ltr'>nune</span> <span class='ocrx_word' id='word_1_170' title='bbox 915 2927 1039 3012; x_wconf 86' lang='lat' dir='ltr'>quidem</span> <span class='ocrx_word' id='word_1_171' title='bbox 1064 2926 1206 2991; x_wconf 84' lang='lat' dir='ltr'>audeant.</span> 
     </span>
     <span class='ocr_line' id='line_1_26' title="bbox 134 3032 1208 3125; baseline -0.01 -18"><span class='ocrx_word' id='word_1_172' title='bbox 134 3045 272 3108; x_wconf 50' lang='lat' dir='ltr'>¹Ausus</span> <span class='ocrx_word' id='word_1_173' title='bbox 304 3061 358 3125; x_wconf 92' lang='lat' dir='ltr'>pro</span> <span class='ocrx_word' id='word_1_174' title='bbox 391 3042 500 3107; x_wconf 87' lang='lat' dir='ltr'>visus</span> <span class='ocrx_word' id='word_1_175' title='bbox 532 3037 741 3123; x_wconf 91' lang='lat' dir='ltr'>reponendum</span> <span class='ocrx_word' id='word_1_176' title='bbox 765 3035 824 3100; x_wconf 89' lang='lat' dir='ltr'>orit</span> <span class='ocrx_word' id='word_1_177' title='bbox 852 3035 946 3100; x_wconf 87' lang='lat' dir='ltr'>etiarn</span> <span class='ocrx_word' id='word_1_178' title='bbox 969 3033 1050 3118; x_wconf 88' lang='lat' dir='ltr'>apud</span> <span class='ocrx_word' id='word_1_179' title='bbox 1073 3032 1208 3100; x_wconf 85' lang='lat' dir='ltr'>Gellium</span> 
     </span>
     <span class='ocr_line' id='line_1_27' title="bbox 143 3130 1009 3228; baseline -0.015 -12"><span class='ocrx_word' id='word_1_180' title='bbox 143 3151 197 3226; x_wconf 90' lang='lat' dir='ltr'>VI,</span> <span class='ocrx_word' id='word_1_181' title='bbox 219 3151 249 3228; x_wconf 77' lang='lat'>3,</span> <span class='ocrx_word' id='word_1_182' title='bbox 272 3149 321 3212; x_wconf 79' lang='lat'>25.</span> <span class='ocrx_word' id='word_1_183' title='bbox 366 3147 527 3228; x_wconf 81' lang='lat' dir='ltr'>[Ausuri</span> <span class='ocrx_word' id='word_1_184' title='bbox 549 3146 642 3210; x_wconf 86' lang='lat' dir='ltr'>etiarn</span> <span class='ocrx_word' id='word_1_185' title='bbox 664 3130 787 3227; x_wconf 88' lang='lat' dir='ltr'>Lipsius</span> <span class='ocrx_word' id='word_1_186' title='bbox 809 3142 839 3205; x_wconf 96' lang='lat' dir='ltr'>in</span> <span class='ocrx_word' id='word_1_187' title='bbox 861 3140 1009 3225; x_wconf 83' lang='lat' dir='ltr'>marg.]¹)</span> 
     </span>
     <span class='ocr_line' id='line_1_28' title="bbox 245 3239 1210 3338; baseline -0.013 -16"><span class='ocrx_word' id='word_1_188' title='bbox 245 3258 312 3324; x_wconf 84' lang='lat' dir='ltr'>lbd.</span> <span class='ocrx_word' id='word_1_189' title='bbox 346 3255 404 3320; x_wconf 81' lang='lat'>58:</span> <span class='ocrx_word' id='word_1_190' title='bbox 443 3253 532 3338; x_wconf 86' lang='lat' dir='ltr'>quis</span> <span class='ocrx_word' id='word_1_191' title='bbox 565 3250 703 3316; x_wconf 88' lang='lat' dir='ltr'>deinde</span> <span class='ocrx_word' id='word_1_192' title='bbox 738 3247 899 3314; x_wconf 88' lang='lat' dir='ltr'>sceleris</span> <span class='ocrx_word' id='word_1_193' title='bbox 939 3239 1085 3320; x_wconf 84' lang='lat' dir='ltr'>exitus,</span> <span class='ocrx_word' id='word_1_194' title='bbox 1126 3263 1210 3310; x_wconf 87' lang='lat' dir='ltr'>cum</span> 
     </span>
     <span class='ocr_line' id='line_1_29' title="bbox 145 3352 1210 3447; baseline -0.015 -16"><span class='ocrx_word' id='word_1_195' title='bbox 145 3367 323 3432; x_wconf 86' lang='lat' dir='ltr'>Romanae</span> <span class='ocrx_word' id='word_1_196' title='bbox 355 3361 528 3447; x_wconf 90' lang='lat' dir='ltr'>legiones</span> <span class='ocrx_word' id='word_1_197' title='bbox 564 3360 700 3425; x_wconf 86' lang='lat' dir='ltr'>contra</span> <span class='ocrx_word' id='word_1_198' title='bbox 735 3353 979 3419; x_wconf 76' lang='lat' dir='ltr'>direxerint?</span> <span class='ocrx_word' id='word_1_199' title='bbox 1021 3352 1097 3418; x_wconf 68' lang='lat' dir='ltr'>&#39;Sca</span> <span class='ocrx_word' id='word_1_200' title='bbox 1125 3369 1210 3416; x_wconf 88' lang='lat' dir='ltr'>oum</span> 
     </span>
     <span class='ocr_line' id='line_1_30' title="bbox 145 3459 1147 3557; baseline -0.016 -18"><span class='ocrx_word' id='word_1_201' title='bbox 145 3474 180 3538; x_wconf 87' lang='lat' dir='ltr'>R.</span> <span class='ocrx_word' id='word_1_202' title='bbox 206 3473 442 3557; x_wconf 81' lang='lat' dir='ltr'>legionense</span> <span class='ocrx_word' id='word_1_203' title='bbox 464 3467 598 3532; x_wconf 85' lang='lat' dir='ltr'>eontra</span> <span class='ocrx_word' id='word_1_204' title='bbox 618 3460 854 3529; x_wconf 83' lang='lat' dir='ltr'>direxerint?</span> <span class='ocrx_word' id='word_1_205' title='bbox 1145 3459 1147 3464; x_wconf 86' lang='grc'><strong>’</strong></span> 
     </span>
    </p>
   </div>
   <div class='ocr_carea' id='block_1_3' title="bbox 146 3678 346 3688">
    <p class='ocr_par' dir='ltr' id='par_1_3' title="bbox 146 3678 346 3688">
     <span class='ocr_line' id='line_1_31' title="bbox 146 3678 346 3688; baseline -0.01 0"><span class='ocrx_word' id='word_1_206' title='bbox 146 3678 346 3688; x_wconf 58' lang='grc' dir='ltr'><strong><em>Μ</em></strong></span> 
     </span>
    </p>
   </div>
   <div class='ocr_carea' id='block_1_4' title="bbox 176 3795 1315 4079">
    <p class='ocr_par' dir='ltr' id='par_1_4' title="bbox 176 3795 1315 4079">
     <span class='ocr_line' id='line_1_32' title="bbox 176 3795 1315 3896; baseline -0.018 -13"><span class='ocrx_word' id='word_1_207' title='bbox 176 3826 198 3894; x_wconf 91' lang='lat'>¹)</span> <span class='ocrx_word' id='word_1_208' title='bbox 213 3825 282 3896; x_wconf 77' lang='lat' dir='ltr'>Cap.</span> <span class='ocrx_word' id='word_1_209' title='bbox 300 3829 335 3883; x_wconf 81' lang='grc'>46</span> <span class='ocrx_word' id='word_1_210' title='bbox 361 3825 432 3896; x_wconf 88' lang='lat' dir='ltr'>quod</span> <span class='ocrx_word' id='word_1_211' title='bbox 456 3822 582 3879; x_wconf 79' lang='lat' dir='ltr'>Halmius</span> <span class='ocrx_word' id='word_1_212' title='bbox 606 3819 737 3874; x_wconf 88' lang='lat' dir='ltr'>Haasium</span> <span class='ocrx_word' id='word_1_213' title='bbox 763 3815 879 3886; x_wconf 89' lang='lat' dir='ltr'>primum</span> <span class='ocrx_word' id='word_1_214' title='bbox 898 3811 997 3866; x_wconf 87' lang='lat' dir='ltr'>vidisse</span> <span class='ocrx_word' id='word_1_215' title='bbox 1027 3795 1135 3886; x_wconf 82' lang='lat' dir='ltr'>scribit,</span> <span class='ocrx_word' id='word_1_216' title='bbox 1164 3826 1213 3882; x_wconf 86' lang='lat' dir='ltr'>ego</span> <span class='ocrx_word' id='word_1_217' title='bbox 1313 3827 1315 3830; x_wconf 93' lang='lat'>·</span> 
     </span>
     <span class='ocr_line' id='line_1_33' title="bbox 217 3901 1213 3981; baseline -0.02 -7"><span class='ocrx_word' id='word_1_218' title='bbox 217 3921 305 3974; x_wconf 91' lang='lat' dir='ltr'>rnulto</span> <span class='ocrx_word' id='word_1_219' title='bbox 333 3920 397 3974; x_wconf 86' lang='lat' dir='ltr'>ante</span> <span class='ocrx_word' id='word_1_220' title='bbox 416 3917 567 3972; x_wconf 80' lang='lat' dir='ltr'>adolescens</span> <span class='ocrx_word' id='word_1_221' title='bbox 595 3917 628 3973; x_wconf 85' lang='lat' dir='ltr'>(a.</span> <span class='ocrx_word' id='word_1_222' title='bbox 653 3913 733 3981; x_wconf 83' lang='lat'>1828)</span> <span class='ocrx_word' id='word_1_223' title='bbox 751 3909 870 3964; x_wconf 70' lang='lat' dir='ltr'>dheram</span> <span class='ocrx_word' id='word_1_224' title='bbox 896 3906 926 3960; x_wconf 90' lang='lat' dir='ltr'>in</span> <span class='ocrx_word' id='word_1_225' title='bbox 955 3901 1101 3974; x_wconf 87' lang='lat' dir='ltr'>appendice</span> <span class='ocrx_word' id='word_1_226' title='bbox 1120 3902 1213 3974; x_wconf 91' lang='lat' dir='ltr'>dispu·</span> 
     </span>
     <span class='ocr_line' id='line_1_34' title="bbox 183 4007 690 4079; baseline -0.02 -9"><span class='ocrx_word' id='word_1_227' title='bbox 183 4021 185 4027; x_wconf 70' lang='grc'><strong>“</strong></span> <span class='ocrx_word' id='word_1_228' title='bbox 219 4013 334 4069; x_wconf 70' lang='lat' dir='ltr'>tadonis</span> <span class='ocrx_word' id='word_1_229' title='bbox 352 4011 385 4067; x_wconf 89' lang='lat' dir='ltr'>do</span> <span class='ocrx_word' id='word_1_230' title='bbox 403 4010 516 4066; x_wconf 78' lang='lat' dir='ltr'>Asconio</span> <span class='ocrx_word' id='word_1_231' title='bbox 535 4026 562 4079; x_wconf 92' lang='lat' dir='ltr'>p.</span> <span class='ocrx_word' id='word_1_232' title='bbox 580 4009 615 4064; x_wconf 80' lang='lat'>23</span> <span class='ocrx_word' id='word_1_233' title='bbox 633 4007 690 4060; x_wconf 82' lang='lat' dir='ltr'>noi.</span> 
     </span>
    </p>
   </div>
   <div class='ocr_carea' id='block_1_5' title="bbox 952 4080 1015 4166">
    <p class='ocr_par' dir='ltr' id='par_1_5' title="bbox 952 4080 1015 4166">
     <span class='ocr_line' id='line_1_35' title="bbox 952 4080 1015 4166; baseline 0.016 -1"><span class='ocrx_word' id='word_1_234' title='bbox 952 4080 1015 4166; x_wconf 56' lang='grc' dir='ltr'>Ι36*</span> 
     </span>
    </p>
   </div>
   <div class='ocr_carea' id='block_1_6' title="bbox 0 0 1488 4660">
    <p class='ocr_par' dir='ltr' id='par_1_6' title="bbox 0 0 1488 4660">
     <span class='ocr_line' id='line_1_36' title="bbox 0 0 1488 4660; baseline 0 0"><span class='ocrx_word' id='word_1_235' title='bbox 0 0 1488 4660; x_wconf 95' lang='lat' dir='ltr'> </span> 
     </span>
    </p>
   </div>
  </div>
 </body>
</html>
