2978 4644
549 275 671 334 'sudori
709 277 800 336 Silius.
1112 274 1170 346 161

149 497 296 562 reponens
327 476 414 560 (nam
438 477 642 542 ravennarum
664 495 737 561 *pro
769 477 996 542 emmenum
1035 481 1098 548 iam
1135 483 1215 551 Bar·

148 583 262 661 thim„
293 583 328 648 br
363 582 465 666 qunti
500 581 620 649 media:
656 591 743 646 waere
784 583 906 668 meddam
938 584 1029 650 dom
1065 587 1214 652 eondisci-

143 687 265 774 pulum,
304 689 357 752 sed
387 685 465 752 meti
495 689 596 751 eitra
628 695 695 772 {pro
718 692 835 768 aomo)
858 686 920 752 too'
935 708 1054 776 qeeoqeeo
1072 692 1122 756 aba
1143 703 1214 758 odo·

150 795 271 861 atsere
295 815 422 873 eonon,
443 793 478 859 id
510 796 574 873 est,
606 793 673 860 sire
689 793 762 860 »hoo
781 791 1146 880 iure=oondisoipulstus3
1181 800 1213 864 in

150 899 261 968 mitem
289 903 448 967 eruemus
468 899 578 964 Herae
610 908 710 962 iomar
737 899 860 963 liberere
879 911 922 978 iu,
958 899 1115 980 Moroette,
1152 903 1215 968 de·

147 1005 578 1090 foedassedreioideism,
593 1003 747 1081 tuamne,
759 1007 811 1068 oi·
824 1005 941 1080 nimie
964 1005 1215 1090 reputeredeeneer

151 1111 278 1191 (editura
298 1111 449 1197 (ὑψωθῶ.
494 1109 548 1186 Ei,
572 1109 613 1176 ea'.
626 1157 633 1176 .
646 1107 816 1186 etooieeae,
834 1111 882 1173 eia
902 1111 1014 1188 minae,
1034 1111 1215 1196 reprendere-

151 1217 285 1297 domur).
335 1217 448 1284 Contra
478 1217 608 1282 nimiam
636 1216 762 1282 tenuius
790 1217 1061 1300 reprehensionem
1091 1214 1213 1284 defendi

151 1341 184 1388 se
205 1323 300 1407 eupit,
322 1324 423 1390 lenem
446 1325 478 1390 et
499 1321 689 1389 medioerer'n
709 1323 922 1406 nequeenim
944 1321 1109 1389 subiturus.

250 1534 322 1603 Silii
352 1533 460 1602 luliei
494 1533 677 1603 Punioorum
708 1533 831 1598 tantum
867 1535 972 1616 pentes
1009 1531 1073 1616 legi
1100 1551 1213 1618 easque

152 1641 325 1715 celerrime,
361 1639 475 1723 partim
506 1637 725 1721 oogrroeoendre
744 1639 885 1704 umeorse
917 1637 1023 1702 formae
1059 1639 1212 1721 mametis

152 1764 268 1821 musar·
287 1744 401 1829 partim
437 1744 650 1810 uenationem·
674 1758 871 1808 rerrmoum
903 1743 991 1809 Irieio
1019 1761 1214 1828 oompamns.

150 1853 186 1917 In
208 1869 269 1936 qua
291 1849 414 1935 legendi
435 1849 594 1915 eelerimte
616 1850 644 1915 ei
664 1867 725 1933 qua
748 1851 865 1928 tamon
898 1867 969 1914 oum
992 1867 1052 1915 uno
1073 1851 1212 1934 exemplo

150 1957 316 2041 Bipontino
348 1958 460 2030 uterer,
494 1957 690 2020 ooourrerunt
723 1955 828 2020 mendi
850 1955 1025 2030 manifesta,
1046 1955 1213 2021 emendato

150 2061 264 2142 facilia,
289 2081 393 2130 eorum
428 2055 637 2127 nomenniomen
659 2060 723 2125 iere
748 2059 860 2143 ubique
897 2060 936 2125 ab
958 2059 1027 2126 albe
1050 2062 1213 2144 ooeupatae

150 2171 265 2254 postea,
300 2167 467 2234 maioribus
504 2167 694 2232 editionibus
726 2165 889 2248 inspeetis,
932 2165 1012 2242 eidi,
1055 2165 1213 2251 neglectas

149 2277 254 2342 tamen
287 2275 466 2358 plerumque
481 2273 591 2339 ¹etiam
622 2271 808 2356 e⁴lluoertio
839 2271 939 2348 (solut
965 2271 1101 2336 omnium
1123 2289 1213 2354 aper-

149 2380 304 2446 tissimam
338 2381 370 2444 et
393 2378 574 2444 leeiilitnam
607 2378 695 2452 vili,
730 2376 792 2442 318
820 2375 945 2440 udone
975 2376 1051 2440 reoli
1078 2384 1213 2460 periero,

149 2486 203 2553 nbi
222 2487 346 2552 tantum
367 2485 479 2550 littera
510 2501 604 2566 praee
625 2483 836 2559 diuiduntur).¹
873 2481 990 2564 ltaque
1009 2481 1143 2561 tantum,
1173 2499 1214 2547 ne

149 2595 241 2676 plane
273 2591 339 2658 sino
365 2589 506 2675 eymbma
525 2588 622 2656 Silius
641 2588 885 2663 transmittente,
921 2586 996 2654 duos
1024 2585 1100 2652 liuri-
1118 2585 1210 2668 primi

151 2700 233 2766 bens
254 2698 417 2782 attingam.
463 2694 545 2761 iiam
567 2715 596 2760 v.
620 2693 671 2772 36,
692 2694 746 2758 nbi
768 2693 814 2759 sie
834 2691 996 2758 edebatur:

333 2829 336 2837 ·
535 2832 538 2840 ·
609 2801 678 2866 Dur
697 2797 825 2884 agmina
844 2796 962 2863 suffieit
983 2813 1064 2862 unus

283 2907 423 2976 turbanti
442 2909 543 2973 terres
563 2908 755 2990 pontumque
773 2921 899 2973 mouere
918 2901 1040 2984 paranti

153 3017 299 3099 (lunoni),
322 3015 405 3082 reete
426 3012 698 3086 intelleotomest,
732 3029 792 3076 non
821 3009 872 3096 egi
904 3008 944 3074 de
964 3006 1137 3072 Hannibale
1159 3026 1215 3091 ag-

149 3123 233 3188 mina
254 3121 364 3187 Iunoni
384 3117 577 3192 sullioiente,¹
589 3116 648 3183 hoo
669 3119 718 3182 est
746 3083 962 3197 suppeditabo
992 3113 1092 3197 (quasi
1114 3112 1214 3196 agmi-

150 3228 238 3295 nibus
263 3226 342 3292 Inno
365 3223 493 3309 eguerit,
531 3239 598 3305 quae
619 3221 687 3303 ipsa
707 3221 914 3296 decoratae
935 3237 993 3284 non
1014 3219 1098 3300 ponis
1118 3216 1214 3284 fode

150 3352 278 3418 mmque
299 3331 468 3408 violatore),
489 3326 557 3392 ‘sed
589 3327 627 3392 de
649 3326 824 3391 Hannibale
857 3343 917 3390 uno
950 3323 1010 3389 toti
1031 3324 1076 3388 rei
1098 3323 1214 3389 suffiei-

151 3443 229 3507 ente.
283 3439 392 3521 Itaque
422 3451 504 3500 none
524 3431 642 3507 editor,
664 3431 779 3498 eodiois
801 3431 896 3497 etiam
929 3429 1056 3512 perboui
1080 3428 1213 3494 auotori-

149 3547 224 3621 tate,
246 3555 337 3621 tera,
358 3543 395 3606 ut
415 3540 525 3605 Iunoni
548 3537 676 3622 oymieo
696 3537 832 3600 iordane·
855 3535 995 3602 audiuere
1017 3534 1146 3608 dieatnr,
1175 3551 1213 3598 ne

149 3651 183 3716 id
217 3649 344 3734 quidem
374 3647 457 3712 reete
490 3646 545 3710 aut
580 3642 792 3710 tolerabiliter.
846 3639 954 3723 Neque
976 3639 1057 3704 enim
1080 3639 1214 3722 agmina,

151 3777 217 3842 quse
240 3754 402 3822 etiamtum
423 3751 509 3816 nulla
530 3750 628 3825 arant,
661 3751 714 3813 aut
746 3748 846 3830 potius
876 3746 1026 3811 exereitus
1048 3744 1124 3808 luno
1147 3747 1213 3807 tur·

149 3863 245 3944 barii,
281 3859 361 3944 quod
394 3854 526 3940 intelligi
559 3854 652 3920 debet
683 3853 720 3916 de
757 3851 947 3917 onneitandie
980 3846 1211 3929 monendisque,

151 3969 205 4035 sed
249 3985 308 4032 usu
349 3961 494 4047 loquendi
536 3959 621 4026 aliud
666 3956 830 4041 signifieat.
890 3953 1097 4028 seribendum
1142 3951 1210 4016 sine
